{"host":"4np54w3ai1r5lqo1","time":1609813203,"event":{"mods":["BaseMod","Colored Map","Minty Spire (QoL Compilation)","Quick Restart"],"gold_per_floor":[114,189,209,209,224,224,237,276,325,24,24,24,24,24,24,144,144,165,80,80,94,94,94],"floor_reached":22,"playtime":680,"items_purged":[],"score":282,"play_id":"7ec59a58-42ff-4f09-9134-d759e4ee8aa6","local_time":"20210105002003","is_ascension_mode":true,"campfire_choices":[{"data":"Leg Sweep","floor":6.0,"key":"SMITH"},{"data":"Blade Dance","floor":11.0,"key":"SMITH"},{"data":"Neutralize","floor":13.0,"key":"SMITH"},{"floor":15.0,"key":"REST"}],"circlet_count":0,"master_deck":["AscendersBane","Strike_G","Strike_G","Strike_G","Strike_G","Strike_G","Defend_G","Defend_G","Defend_G","Defend_G","Defend_G","Survivor","Neutralize+1","Crippling Poison","Leg Sweep+1","Blade Dance+1","Poisoned Stab","Endless Agony","Deflect","Die Die Die","Infinite Blades","Blade Dance+1"],"relics":["SacredBark","Golden Idol","Pantograph","Regal Pillow","Shuriken","Black Star","Pen Nib"],"acts_visited":["Exordium","TheCity"],"potions_floor_usage":[],"damage_taken":[{"damage":4.0,"enemies":"2 Louse","floor":1.0,"turns":4.0},{"damage":4.0,"enemies":"Jaw Worm","floor":3.0,"turns":5.0},{"damage":4.0,"enemies":"Small Slimes","floor":5.0,"turns":5.0},{"damage":8.0,"enemies":"Exordium Wildlife","floor":7.0,"turns":4.0},{"damage":4.0,"enemies":"3 Sentries","floor":8.0,"turns":11.0},{"damage":54.0,"enemies":"Slime Boss","floor":16.0,"turns":15.0},{"damage":21.0,"enemies":"Spheric Guardian","floor":18.0,"turns":4.0},{"damage":12.0,"enemies":"Shell Parasite","floor":21.0,"turns":7.0},{"damage":19,"enemies":"Snake Plant","floor":22,"turns":5}],"seed_played":"-8063043862698513073","potions_obtained":[{"floor":1.0,"key":"SkillPotion"},{"floor":5.0,"key":"EssenceOfSteel"},{"floor":16.0,"key":"Fire Potion"}],"is_trial":false,"path_per_floor":["M","?","M","?","M","R","M","E","T","$","R","$","R","?","R","B",null,"M","?","?","M","M"],"character_chosen":"THE_SILENT","items_purchased":["Shuriken","Deflect"],"campfire_rested":1,"item_purchase_floors":[10,10],"current_hp_per_floor":[59,48,44,44,40,40,32,28,28,28,28,28,28,28,62,11,52,31,31,31,19,0,0],"gold":94,"neow_bonus":"BOSS_RELIC","is_daily":false,"chose_seed":false,"campfire_upgraded":3,"win_rate":0.0,"timestamp":1609813203,"path_taken":["M","?","M","?","M","R","M","E","T","$","R","$","R","?","R","BOSS","M","?","?","M","M"],"items_purchased_type":["Relic","Card"],"build_version":"2020-12-22","purchased_purges":0,"victory":false,"max_hp_per_floor":[70,70,70,65,65,65,65,65,65,65,65,65,65,65,65,65,65,65,65,65,65,65,65],"card_choices":[{"not_picked":["Riddle With Holes","Acrobatics"],"picked":"Crippling Poison","floor":1.0},{"not_picked":["Backflip","Dagger Throw"],"picked":"Leg Sweep","floor":3.0},{"not_picked":["Dodge and Roll","Dagger Spray"],"picked":"Blade Dance","floor":5.0},{"not_picked":["Deadly Poison","PiercingWail"],"picked":"Poisoned Stab","floor":7.0},{"not_picked":["Wraith Form v2","All Out Attack"],"picked":"Endless Agony","floor":8.0},{"not_picked":["Grand Finale","Burst"],"picked":"Die Die Die","floor":16.0},{"not_picked":["Deflect","Reflex+1"],"picked":"Infinite Blades","floor":18.0},{"not_picked":["Flying Knee","Deflect"],"picked":"Blade Dance+1","floor":21.0}],"player_experience":473604,"relics_obtained":[{"floor":8.0,"key":"Pantograph"},{"floor":9.0,"key":"Regal Pillow"}],"event_choices":[{"damage_healed":0.0,"max_hp_gain":0.0,"max_hp_loss":0.0,"gold_gain":75.0,"event_name":"World of Goop","player_choice":"Gather Gold","floor":2.0,"gold_loss":0.0,"damage_taken":11.0},{"damage_healed":0.0,"max_hp_gain":0.0,"max_hp_loss":5.0,"gold_gain":0.0,"event_name":"Golden Idol","player_choice":"Lose Max HP","floor":4.0,"gold_loss":0.0,"damage_taken":0.0,"relics_obtained":["Golden Idol"]},{"damage_healed":0.0,"max_hp_gain":0.0,"max_hp_loss":0.0,"gold_gain":0.0,"event_name":"Liars Game","player_choice":"Ignored","floor":14.0,"gold_loss":0.0,"damage_taken":0.0},{"damage_healed":0.0,"max_hp_gain":0.0,"max_hp_loss":0.0,"gold_gain":0.0,"event_name":"Addict","player_choice":"Obtained Relic","floor":19.0,"gold_loss":85.0,"damage_taken":0.0,"relics_obtained":["Pen Nib"]},{"damage_healed":0.0,"max_hp_gain":0.0,"max_hp_loss":0.0,"gold_gain":0.0,"event_name":"Ghosts","player_choice":"Ignored","floor":20.0,"gold_loss":0.0,"damage_taken":0.0}],"is_beta":false,"boss_relics":[{"not_picked":["Pandora\u0027s Box","Coffee Dripper"],"picked":"Black Star"}],"items_purged_floors":[],"is_endless":false,"potions_floor_spawned":[1,5,16],"killed_by":"Snake Plant","ascension_level":11}}