{"host":"ymw71f7rc9ndansy","time":1609813198,"event":{"mods":["ATMod(°¢èªMod)","Act Like it!","Aspiration","BaseMod","DeckTracker","Hubris","Library of Ruina","Library of Ruina Extra","Lobotomy","LobotomyExtend","Minty Spire (QoL Compilation)","MostiFishMod","Remove Card Discount Mod","Replay The Spire","StSLib","TestMod","¡¾ÒÅÎï¿¨ÅÆ¡¿REMEMod"],"gold_per_floor":[118,110,128,138,154,187,202,231,255,255,270,303,120,200,200,327,327,363,211,299,421,484,541,638,690,690,690,827,747,807,916,916,1014,1014,1086,1086,1173,1173,1267,1418,1371,1421,1475,1475,1563,1620,1665,1820,1820,1870,2055,2055,2055,2055,1289,1366,1391],"floor_reached":58,"playtime":2620,"items_purged":["LightAttack","Dodge","LightDefense","LightAttack","LightDefense","LightDefense","LightDefense","LightAttack","ChargeAndCover","FocusedStrikes","Decay","ConcentratedFire","TrashDisposal","Observe"],"score":4142,"play_id":"1ba8fa94-2c9e-4fe0-93b4-a514161baed1","local_time":"20210105101958","is_ascension_mode":true,"campfire_choices":[{"data":"Reload","floor":10,"key":"SMITH"},{"data":"SteelKnuckles","floor":15,"key":"SMITH"},{"data":"RhinoRam","floor":27,"key":"SMITH"},{"data":"Reload","floor":32,"key":"SMITH"},{"floor":44,"key":"RECALL"},{"data":"Disposal","floor":49,"key":"SMITH"},{"data":"UnforgettableMelody","floor":54,"key":"SMITH"}],"circlet_count":0,"master_deck":["AscendersBane","AT_FamilyPortrait","TheRedNotes","PuppetBlockade","Reload+1","PuppetBlockade","SteelKnuckles+1","GutHarvesting","ChargeUp","Reload+1","SavageMode","TheRedNotes","RhinoRam+1","BattleCommand+1","ChargeUp","UnforgettableMelody+1","ChargeUp","GrazeTheGrass","GrazeTheGrass","Disposal+1","ChargeUp","testmod-SelfRegulatingSystem","testmod-EternalityOfKhronos"],"relics":["PageOfLibrarian","testmod-TestBox","DaveBox","REME_ComplimentaryCards","AT_ATBox","DianPoetry","testmod-Justice","NeowsBlessing","SynthV:TestCard","PageOfSingingMachine","Gremlin Food","PageOfWrath","AT_MibuBalloonWealth","PageOfTheQueenOfHatred","testmod-CardMagician","PageOfTheKnightOfDespair","PageOfGreed","Mercury Hourglass","PageOfNihil","PageOfPorccubus","testmod-TimeTraveler","Snack Pack","PageOfTodaysShyLook","ReplayTheSpireMod:Lightbulb","ReplayTheSpireMod:ShopPack","aspiration:FrozenJewel","testmod-AssaultLearning"],"acts_visited":["Exordium","TheCity","TheBeyond","TheEnding"],"potions_floor_usage":[8,57],"damage_taken":[{"damage":0,"enemies":"2 Louse","floor":1,"turns":1},{"damage":0,"enemies":"Cultist","floor":3,"turns":1},{"damage":0,"enemies":"Small Slimes","floor":4,"turns":1},{"damage":0,"enemies":"Red Slaver","floor":5,"turns":2},{"damage":0,"enemies":"3 Sentries","floor":6,"turns":5},{"damage":10,"enemies":"Large Slime","floor":7,"turns":2},{"damage":0,"enemies":"Lagavulin","floor":8,"turns":3},{"damage":0,"enemies":"3 Louse","floor":11,"turns":3},{"damage":0,"enemies":"3 Sentries","floor":12,"turns":3},{"damage":0,"enemies":"Gremlin Nob","floor":14,"turns":2},{"damage":4,"enemies":"The Guardian","floor":16,"turns":4},{"damage":0,"enemies":"Chosen","floor":18,"turns":2},{"damage":0,"enemies":"3 Byrds","floor":20,"turns":2},{"damage":0,"enemies":"Centurion and Healer","floor":21,"turns":3},{"damage":0,"enemies":"Sentry and Sphere","floor":22,"turns":2},{"damage":0,"enemies":"Replay:Snechameleon","floor":23,"turns":3},{"damage":0,"enemies":"Cultist and Chosen","floor":24,"turns":2},{"damage":0,"enemies":"REME_1_Revenger","floor":25,"turns":2},{"damage":35,"enemies":"Snake Plant","floor":28,"turns":5},{"damage":0,"enemies":"Centurion and Healer","floor":30,"turns":2},{"damage":0,"enemies":"Slavers","floor":31,"turns":2},{"damage":1,"enemies":"hubris:MusketHawk","floor":33,"turns":2},{"damage":2,"enemies":"Orb Walker","floor":35,"turns":2},{"damage":0,"enemies":"3 Shapes","floor":37,"turns":1},{"damage":0,"enemies":"Jaw Worm Horde","floor":39,"turns":2},{"damage":0,"enemies":"Reptomancer","floor":40,"turns":2},{"damage":0,"enemies":"R_Hoarder","floor":42,"turns":2},{"damage":0,"enemies":"Sphere and 2 Shapes","floor":45,"turns":2},{"damage":0,"enemies":"Nemesis","floor":46,"turns":3},{"damage":0,"enemies":"Maw","floor":47,"turns":3},{"damage":0,"enemies":"Reptomancer","floor":48,"turns":2},{"damage":0,"enemies":"Donu and Deca","floor":50,"turns":3},{"damage":0,"enemies":"Awakened One","floor":51,"turns":4},{"damage":0,"enemies":"Shield and Spear","floor":56,"turns":3},{"damage":1,"enemies":"The Heart","floor":57,"turns":5}],"seed_played":"7747830484157078246","potions_obtained":[{"floor":1,"key":"DuplicationPotion"},{"floor":3,"key":"Languid Potion"},{"floor":7,"key":"testmod-SpacePotion"},{"floor":8,"key":"SteroidPotion"},{"floor":18,"key":"BlessingOfTheForge"}],"is_trial":false,"path_per_floor":["M","$","M","M","M","E","M","E","T","R","M","E","$","E","R","B",null,"M","$","M","M","M","E","M","E","T","R","M","?","M","E","R","B",null,"M","?","M","?","M","E","$","E","T","R","M","E","M","E","R","B","B",null,null,"R","$","E","B",null],"character_chosen":"Librarian","items_purchased":["AT_MibuBalloonWealth","ChargeUp","GrazeTheGrass","ReplayTheSpireMod:ShopPack","aspiration:FrozenJewel","testmod-AssaultLearning","testmod-SelfRegulatingSystem"],"campfire_rested":0,"item_purchase_floors":[13,19,41,55,55,55,55],"current_hp_per_floor":[54,54,54,54,54,54,44,53,53,53,70,76,76,76,76,72,84,88,88,88,88,88,88,88,88,88,88,57,57,57,61,61,66,83,83,83,83,83,83,83,83,88,88,88,89,89,89,89,89,89,89,89,89,89,89,89,89],"gold":1391,"neow_bonus":"THREE_ENEMY_KILL","is_daily":false,"chose_seed":false,"campfire_upgraded":6,"win_rate":0.0,"timestamp":1609813198,"path_taken":["M","$","M","M","M","E","M","E","T","R","M","E","$","E","R","BOSS","M","$","M","M","M","E","M","E","T","R","M","?","M","E","R","BOSS","M","?","?","?","M","E","$","E","T","R","?","E","M","E","R","BOSS","BOSS","R","$","E","BOSS"],"items_purchased_type":["Relic","Card","Card","Relic","Relic","Relic","Card"],"build_version":"2020-12-22","purchased_purges":14,"victory":true,"max_hp_per_floor":[60,60,60,60,60,68,76,76,76,76,76,76,76,88,88,88,88,88,88,88,88,88,88,88,88,88,88,88,88,88,88,88,88,88,88,88,88,88,88,88,88,89,89,89,89,89,89,89,89,89,89,89,89,89,89,89,89],"card_choices":[{"not_picked":["YouOnlyLiveOnce","UpbeatPerformance","Endure","ProselytesBlade","RhinoRam","Leap_lor","ClassAndRespect","RushDown"],"picked":"PuppetBlockade","floor":1},{"not_picked":["ShockingBlow","UnavoidableGaze","Thirst","DeepDrag","Overpower","HandleRequest","SharpSwipe","ClassAndRespect","ChopItOff","EnergyCycle"],"picked":"Observe","floor":3},{"not_picked":["WildCard","DarkCloud","FleetEdge","GuardingStance","SmokingPipe","Marionette","Cruelty","WillOfThePrescript","Parry","UnavoidableGaze"],"picked":"Reload","floor":4},{"not_picked":["Unlock1","SummaryJudgment","ForcefulGesture","YoureTooSlow","Execute_lor","MultiHit","EnergyStrike","Wallop_lor","ViolentFlame","Pound","UnavoidableGaze"],"picked":"SKIP","floor":5},{"not_picked":["GuidanceOfTheGears","FieryWaltz","TasteMyFlamingBat","ClassAndRespect","MultiHit","Faith","Zzzzzap","Rewind","SharpSwipe","StrongStrike","NightInTheBackstreets"],"picked":"SKIP","floor":6},{"not_picked":["TrashDisposal","LawAndOrder","EndlessBattle","SpearedSweep","Overpower","FlashingStrike","GuardingStance","EnergyCycle","LossOfSenses","ReadyUp","MultiBlock"],"picked":"SKIP","floor":7},{"not_picked":["IronWall","WillOfThePrescript","WildCard","PreemptiveStrike","RapidGashes","HardRehearsal","Pound","Mutilate","Outburst","BlowItUp"],"picked":"PuppetBlockade","floor":8},{"not_picked":["PinpointShot","FrontalAssault","ViolentFlame","DesperateStruggle","FaintMemories","StrongStrike","WildCard","SpearedSweep","DarkCloud","LossOfSenses"],"picked":"SteelKnuckles","floor":11},{"not_picked":["PreparedMind","TasteMyFlamingBat","BackstreetsDash","UnforgettableMelody","Feast","PreemptiveStrike","GuidanceOfTheGears","Parry","NonstopAssault","Track"],"picked":"GutHarvesting","floor":12},{"not_picked":["FendThisOffIfYouCan","SunsetBlade","Outburst","StructuralAnalysis","StrongStrike","WillBeTasty","EndlessBattle","SparkingSpear","HiddenBlade","QuickSuppression"],"picked":"ConcentratedFire","floor":14},{"not_picked":["DaringDecision","GoinFirst","FormingStorm","Eradication"],"picked":"TrashDisposal","floor":16},{"not_picked":["LoosenUp","SharpSwipe+1","BladeWhirl","FierceCharge","ShockingBlow+1","FleetFootsteps+1","SinglePointStab","Concentration","Wallop_lor+1","GuidanceOfTheGears","StrongStrike"],"picked":"SKIP","floor":18},{"not_picked":["StructuralAnalysis","ScatteringSlash","FlashingStrike+1","BackAttack","Thirst+1","SuppressingShot","KeepItFresh","YoureTooSlow","Multislash","SmokingPipe+1"],"picked":"Reload","floor":20},{"not_picked":["AutonomousRush","ClassAndRespect","EndlessBattle","Unlock1","Standoff","StartinOutLightly","LoosenUp","EnergyStrike","Multislash","EnergyShield"],"picked":"SavageMode","floor":21},{"not_picked":["BoundaryOfDeath","SharpSwipe","HighKick+1","Quickness","FieryWaltz","SkyClearingCut","DefenseOrder","FrontalAssault","EnergyShield","Gigigig"],"picked":"TheRedNotes","floor":22},{"not_picked":["Gigigig","ProselytesBlade","SinglePointStab","WillOfThePrescript","DesperateStruggle","Mutilate+1","NightInTheBackstreets","ShockingBlow","SharpSwipe","AsThePrescriptOrders+1","HiddenBlade"],"picked":"SKIP","floor":23},{"not_picked":["Standoff","RushDown+1","UnavoidableGaze","DirtyBlow","GuidanceOfTheGears","Observe","ShockingBlow","Quickness","SweepTheBackstreets","QuickAttack+1","EnergyCycle"],"picked":"SKIP","floor":24},{"not_picked":["DevastatingThrash","HardRehearsal","Disposal","BattleCommand","TieShanKao","FendThisOffIfYouCan","GrazeTheGrass","WillOfThePrescript","SmokingPipe","DesperateStruggle"],"picked":"RhinoRam","floor":25},{"not_picked":["EnergyStrike","StrongStrike","Outburst","SturdyDefense","Pound","GuardingStance","Transpierce","YourShield","Thirst","QuickAttack+1","FeelinGood"],"picked":"SKIP","floor":28},{"not_picked":["Commandeering","Quickness","IngredientHunt","TraceOfFumes","Riposte","EnergyShield+1","SkitterAway","EnergyCycle","MultiHit","BackAttack+1"],"picked":"BattleCommand+1","floor":30},{"not_picked":["Multislash","GrazeTheGrass","DefenseOrder","Slice_lor","LawAndOrder+1","Fence","UnavoidableGaze","StayCalm","FlowOfTheSword","TrashDisposal"],"picked":"ChargeUp","floor":31},{"not_picked":["Suppress","RepressedFlesh","Cruelty","WillProduceFineSilk"],"picked":"UnforgettableMelody","floor":33},{"not_picked":["ChopItOff","ToOvercomeCrisis","UnavoidableGaze","DefenseOrder","Unlock1+1","MindPrepared","HandleRequest","GuardingStance","FleetFootsteps","GaleKick"],"picked":"ChargeUp","floor":35},{"not_picked":["BladeWhirl","SturdyDefense","NightInTheBackstreets","HandleRequest","SmokingPipe","Reload+1","RipSpace","SunsetBlade+1","PreemptiveStrike","Diversion+1","QuickAttack"],"picked":"SKIP","floor":37},{"not_picked":["Outburst","SpearedSweep","Quickness","SharpSwipe+1","BackAttack","PinpointShot","DesperateStruggle+1","AGoldenOpportunity","SuppressingShot","Overcharge","DarkCloud"],"picked":"SKIP","floor":39},{"not_picked":["CookingPrep","CircusKnives","WillOfThePrescript+1","FierceCharge+1","TieShanKao","AutomatedMovement+1","Feast","AsThePrescriptOrders+1","UpbeatPerformance+1","EnergyStrike","GuidanceOfTheGears"],"picked":"SKIP","floor":40},{"not_picked":["Track+1","MultiHit","AbsorbImpact","BlazingStrike","HighKick","FrontalAssault","SturdyDefense+1","Thrust+1","DarkCloud","FleetFootsteps"],"picked":"Disposal","floor":42},{"not_picked":["SetFire+1","WaitUp","AbsorbImpact","FervidEmotions+1","DaringDecision","Thrust","SunsetBlade","BindingArms+1","StrongStrike+1","Outburst","HighKick"],"picked":"SKIP","floor":45},{"not_picked":["BurningFlash","SenseQuarry","Mutilate+1","FrontalAssault","WildCard","NonstopAssault","ViolentFlame","Leap_lor+1","SmokingPipe","SinglePointStab"],"picked":"ChargeUp","floor":46},{"not_picked":["QuickAttack","SinglePointStab","AGoldenOpportunity","SunsetBlade","CumulusWall","FlowOfTheSword","EnergyStrike+1","QuickSuppression","Reload+1","MultiBlock+1","UpbeatPerformance"],"picked":"SKIP","floor":47},{"not_picked":["Track+1","ICanCookAnything","Observe","RapidGashes","YoureAHindrance","UnavoidableGaze","GatherIntel","DesperateStruggle","SearingSword","GuidanceOfTheGears","HandleRequest"],"picked":"SKIP","floor":48},{"not_picked":["testmod-PowerStrike","Thinking Ahead","testmod-Reproduce","testmod-SunMoon","testmod-Superconductor","REME_HeartOfCthun","testmod-TradeIn","REME_BattleFury","Magnetism","Secret Weapon"],"picked":"testmod-EternalityOfKhronos","floor":55},{"not_picked":["Outburst","Parry+1","Retaliate","FlashOfSunup","GutHarvesting","ICanCookAnything+1","HighSpeedStabbing+1","BackAttack","Diversion","SilentNight","FlyingSword"],"picked":"SKIP","floor":56}],"player_experience":1076135,"relics_obtained":[{"floor":1,"key":"SynthV:TestCard"},{"floor":6,"key":"PageOfSingingMachine"},{"floor":8,"key":"Gremlin Food"},{"floor":12,"key":"PageOfWrath"},{"floor":14,"key":"PageOfTheQueenOfHatred"},{"floor":23,"key":"PageOfTheKnightOfDespair"},{"floor":25,"key":"PageOfGreed"},{"floor":26,"key":"Mercury Hourglass"},{"floor":28,"key":"PageOfNihil"},{"floor":31,"key":"PageOfPorccubus"},{"floor":40,"key":"Snack Pack"},{"floor":42,"key":"PageOfTodaysShyLook"},{"floor":43,"key":"ReplayTheSpireMod:Lightbulb"}],"event_choices":[{"damage_healed":0,"gold_gain":0,"player_choice":"Cursed","damage_taken":0,"max_hp_gain":0,"max_hp_loss":0,"event_name":"Wheel of Change","floor":36,"gold_loss":0,"cards_obtained":["Decay"]},{"damage_healed":0,"gold_gain":0,"player_choice":"Ignored","damage_taken":0,"max_hp_gain":0,"max_hp_loss":0,"event_name":"SecretPortal","floor":38,"gold_loss":0}],"is_beta":false,"boss_relics":[{"not_picked":["TimeKeys","REME_LowDesire"],"picked":"testmod-CardMagician"},{"not_picked":["REME_DemonsWealth","BloodWine"],"picked":"testmod-TimeTraveler"}],"items_purged_floors":[2,2,2,2,13,13,13,13,13,19,41,41,41,55],"is_endless":false,"potions_floor_spawned":[1,3,7,8,11,18,23,25,28,33,37,39,42,46,56],"ascension_level":20}}