{"host":"l84l8xigz5v5foa2","time":1609835540,"event":{"mods":["2.2 Compatiblity","AchievementEnabler","BaseMod","Better Note","Better Vampires","Card Filter","Colored Map","DeckTracker","Downfall","Gremlin Skip","Highlight Path","Keyboard Shortcuts","Minty Spire (QoL Compilation)","Permanent Neow","Quick Restart","Relic Filter","Relic Stats","StSLib","SuperFastMode","Transform Curses","Unknown Chances"],"gold_per_floor":[99,109,128,146,165,165,238,267,42,56,74,101,46,46,58,131,131,131,150,150,150,150,150,150,60,77,77,108,125,125,144,161,239,239,239,256,273,273,273,293,293,262,262,183,202,221,221,240,257,257,257,285,18,18,18],"floor_reached":56,"playtime":3594,"items_purged":["Guardian:Strike_Guardian","Guardian:Strike_Guardian"],"score":2216,"play_id":"1a0d9aa0-a257-4bf2-a0c2-0a79a4ffba6e","local_time":"20210105173220","is_ascension_mode":true,"campfire_choices":[{"data":"Guardian:CurlUp","floor":1.0,"key":"SMITH"},{"floor":6.0,"key":"RECALL"},{"data":"Guardian:TwinSlam","floor":9.0,"key":"SMITH"},{"data":"Guardian:Suspension","floor":18.0,"key":"SMITH"},{"data":"Guardian:Recover","floor":23.0,"key":"SMITH"},{"data":"Guardian:StasisEngine","floor":27.0,"key":"SMITH"},{"data":"Guardian:GemFinder","floor":35.0,"key":"SMITH"},{"data":"expansioncontent:DefensiveStance","floor":43.0,"key":"SMITH"},{"data":"Guardian:FuturePlans","floor":47.0,"key":"SMITH"},{"data":"Guardian:Clone","floor":54.0,"key":"SMITH"}],"circlet_count":0,"master_deck":["AscendersBane","Guardian:Defend_Guardian","Guardian:Defend_Guardian","Guardian:CurlUp+1","Guardian:TwinSlam+1","Guardian:PrimingBeam+1","Guardian:BronzeOrb+1","Guardian:Incinerate+1","Guardian:Recover+1","Guardian:PrimingBeam+1","Guardian:MultiBeam+1","Guardian:Suspension+1","Guardian:StasisEngine+1","Guardian:EvasiveProtocol+1","Guardian:Reroute+1","Guardian:GemFinder+1","Guardian:StasisEngine","Guardian:Clone+1","Guardian:Incinerate+1","Guardian:PrismaticBeam+1","expansioncontent:DefensiveStance+1","Guardian:FuturePlans+1","Guardian:DecasProtection","Guardian:ExploitGems","Guardian:Gem_Cyan","Guardian:Gem_Cyan"],"relics":["Guardian:ModeShifter","Molten Egg 2","downfall:HeartBlessingBlue","downfall:HeartBlessingRed","downfall:HeartBlessingGreen","Akabeko","Cursed Key","Orichalcum","Philosopher\u0027s Stone","Guardian:StasisUpgradeRelic","Whetstone","Shuriken"],"acts_visited":["Exordium","TheCity","TheBeyond","TheEnding"],"potions_floor_usage":[55],"damage_taken":[{"damage":0.0,"enemies":"Small Slimes","floor":2.0,"turns":3.0},{"damage":7.0,"enemies":"Jaw Worm","floor":3.0,"turns":4.0},{"damage":1.0,"enemies":"2 Louse","floor":4.0,"turns":3.0},{"damage":3.0,"enemies":"3 Louse","floor":5.0,"turns":2.0},{"damage":44.0,"enemies":"Lagavulin","floor":8.0,"turns":11.0},{"damage":0.0,"enemies":"Exordium Wildlife","floor":10.0,"turns":3.0},{"damage":1.0,"enemies":"Blue Slaver","floor":11.0,"turns":3.0},{"damage":8.0,"enemies":"Gremlin Nob","floor":12.0,"turns":3.0},{"damage":0.0,"enemies":"downfall:FleeingMerchant","floor":13.0,"turns":4.0},{"damage":0.0,"enemies":"2 Fungi Beasts","floor":15.0,"turns":1.0},{"damage":12.0,"enemies":"downfall:Watcher","floor":16.0,"turns":6.0},{"damage":3.0,"enemies":"Shell Parasite","floor":19.0,"turns":3.0},{"damage":3.0,"enemies":"downfall:FleeingMerchant","floor":25.0,"turns":4.0},{"damage":0.0,"enemies":"Chosen","floor":26.0,"turns":4.0},{"damage":0.0,"enemies":"Book of Stabbing","floor":28.0,"turns":4.0},{"damage":0.0,"enemies":"Shelled Parasite and Fungi","floor":29.0,"turns":3.0},{"damage":0.0,"enemies":"Snecko","floor":31.0,"turns":4.0},{"damage":2.0,"enemies":"Snake Plant","floor":32.0,"turns":3.0},{"damage":10.0,"enemies":"downfall:Silent","floor":33.0,"turns":8.0},{"damage":0.0,"enemies":"Orb Walker","floor":36.0,"turns":3.0},{"damage":6.0,"enemies":"3 Shapes","floor":37.0,"turns":3.0},{"damage":16.0,"enemies":"Sphere and 2 Shapes","floor":40.0,"turns":6.0},{"damage":0.0,"enemies":"downfall:FleeingMerchant","floor":42.0,"turns":4.0},{"damage":0.0,"enemies":"Maw","floor":45.0,"turns":4.0},{"damage":0.0,"enemies":"Spire Growth","floor":46.0,"turns":4.0},{"damage":2.0,"enemies":"Sphere and 2 Shapes","floor":48.0,"turns":4.0},{"damage":0.0,"enemies":"Jaw Worm Horde","floor":49.0,"turns":3.0},{"damage":0.0,"enemies":"downfall:Ironclad","floor":50.0,"turns":5.0},{"damage":10.0,"enemies":"downfall:CharBossMerchant","floor":52.0,"turns":3.0},{"damage":15,"enemies":"downfall:NeowBoss","floor":55,"turns":11}],"seed_played":"552548515953787683","potions_obtained":[{"floor":5.0,"key":"Fruit Juice"},{"floor":12.0,"key":"Strength Potion"},{"floor":15.0,"key":"GamblersBrew"},{"floor":16.0,"key":"Swift Potion"},{"floor":19.0,"key":"AttackPotion"},{"floor":31.0,"key":"AttackPotion"},{"floor":32.0,"key":"DistilledChaos"},{"floor":33.0,"key":"DistilledChaos"},{"floor":37.0,"key":"Weak Potion"},{"floor":46.0,"key":"hexamod:EctoCoolerPotion"},{"floor":49.0,"key":"AttackPotion"}],"is_trial":false,"path_per_floor":["R","M","M","M","M","R","T","E","R","M","M","E","$","?","M","B",null,"R","M","?","?","?","R","T","$","M","R","E","M","?","M","M","B",null,"R","M","M","?","?","M","T","$","R","$","M","M","R","M","M","B",null,"E","$","R","B",null],"character_chosen":"GUARDIAN","items_purchased":["Guardian:MultiBeam+1","expansioncontent:DefensiveStance","Guardian:StasisUpgradeRelic","Guardian:FuturePlans","Shuriken"],"campfire_rested":0,"item_purchase_floors":[13,42,42,44,53],"current_hp_per_floor":[65,65,58,57,54,54,54,15,25,25,24,16,16,16,16,4,61,61,58,58,58,58,58,58,55,55,55,55,55,55,55,53,43,71,71,71,65,65,65,49,49,49,49,49,49,49,49,47,47,47,72,62,62,62,47],"gold":18,"neow_bonus":"REMOVE_TWO","is_daily":false,"chose_seed":false,"campfire_upgraded":9,"win_rate":0.0,"timestamp":1609835540,"path_taken":["R","M","M","M","M","R","T","E","R","M","M","E","$","?","M","BOSS","R","M","?","?","?","R","T","$","M","R","E","M","?","?","M","BOSS","R","M","M","?","?","M","T","$","R","?","M","M","R","M","M","BOSS","E","$","R","BOSS"],"items_purchased_type":["Card","Card","Relic","Card","Relic"],"build_version":"2020-12-22","purchased_purges":2,"victory":true,"max_hp_per_floor":[65,65,65,65,65,65,65,70,80,80,80,80,80,80,80,80,80,80,80,80,80,80,80,80,80,80,80,80,80,80,80,80,80,80,80,80,80,80,80,80,80,80,80,80,80,80,80,80,80,80,80,80,80,80,80],"relic_stats":{"counters":[30,126],"Shuriken":[13],"Whetstone":["Guardian:BronzeOrb","Guardian:PrimingBeam"],"Orichalcum":[0],"Cursed Key":0,"obtain_stats":[{"Guardian:StasisUpgradeRelic":42,"downfall:HeartBlessingRed":9,"downfall:HeartBlessingBlue":9,"Shuriken":53,"Guardian:ModeShifter":0,"Molten Egg 2":8,"downfall:HeartBlessingGreen":9,"Philosopher\u0027s Stone":34,"Whetstone":52,"Orichalcum":28,"Cursed Key":17,"Akabeko":12},{"Guardian:StasisUpgradeRelic":23,"downfall:HeartBlessingRed":5,"downfall:HeartBlessingBlue":5,"Shuriken":29,"Guardian:ModeShifter":0,"Molten Egg 2":5,"downfall:HeartBlessingGreen":5,"Philosopher\u0027s Stone":19,"Whetstone":29,"Orichalcum":15,"Cursed Key":11,"Akabeko":8},{"Guardian:StasisUpgradeRelic":92,"downfall:HeartBlessingRed":23,"downfall:HeartBlessingBlue":23,"Shuriken":115,"Guardian:ModeShifter":0,"Molten Egg 2":23,"downfall:HeartBlessingGreen":23,"Philosopher\u0027s Stone":76,"Whetstone":115,"Orichalcum":58,"Cursed Key":43,"Akabeko":32}]},"card_choices":[{"not_picked":["Guardian:ShieldCharger","Guardian:Orbwalk"],"picked":"Guardian:PrimingBeam","floor":2.0},{"not_picked":["Guardian:Gem_Green","Guardian:ArmoredProtocol"],"picked":"Guardian:BronzeOrb","floor":3.0},{"not_picked":["Guardian:Gem_Red","Guardian:Suspension"],"picked":"Guardian:Gem_White","floor":4.0},{"not_picked":["Guardian:CrystalBeam","Guardian:Gem_Green","Guardian:GemFire"],"picked":"SKIP","floor":5.0},{"not_picked":["Guardian:Gem_Green","Guardian:ChargeUp"],"picked":"Guardian:Incinerate+1","floor":8.0},{"not_picked":["Guardian:Suspension","Guardian:WalkerClaw+1","Guardian:CrystalBeam+1"],"picked":"SKIP","floor":10.0},{"not_picked":["Guardian:TemporalStrike+1","Guardian:ChargeCore+1"],"picked":"Guardian:Recover","floor":11.0},{"not_picked":["Guardian:WalkerClaw+1","Guardian:TemporalStrike+1"],"picked":"Guardian:PrimingBeam+1","floor":12.0},{"not_picked":["Guardian:BronzeArmor","Guardian:Suspension","Guardian:GuardianWhirl+1"],"picked":"SKIP","floor":13.0},{"not_picked":["Guardian:Gem_Blue","Guardian:RollAttack+1"],"picked":"Guardian:Suspension","floor":15.0},{"not_picked":["Guardian:HyperBeam_Guardian+1","Guardian:GemFire+1"],"picked":"Guardian:StasisEngine","floor":16.0},{"not_picked":["Guardian:ChargeCore+1","Guardian:WalkerClaw+1"],"picked":"Guardian:EvasiveProtocol+1","floor":19.0},{"not_picked":["Guardian:SpikerProtocol","Guardian:DonusPower","Guardian:VentSteam"],"picked":"SKIP","floor":25.0},{"not_picked":["Guardian:PolyBeam+1","Guardian:PrimingBeam+1"],"picked":"Guardian:Reroute+1","floor":26.0},{"not_picked":["Guardian:Planning","Guardian:ShieldCharger","Guardian:PrismaticBeam+1"],"picked":"SKIP","floor":28.0},{"not_picked":["Guardian:Incinerate+1","Guardian:Clone"],"picked":"Guardian:Gem_Cyan","floor":29.0},{"not_picked":["Guardian:Gem_Blue","Guardian:Gem_Red","Guardian:RefractedBeam+1"],"picked":"SKIP","floor":31.0},{"not_picked":["Guardian:PrimingBeam+1","Guardian:PiercingHide"],"picked":"Guardian:GemFinder","floor":32.0},{"not_picked":["Guardian:BaubleBeam+1","Guardian:AncientConstruct"],"picked":"Guardian:StasisEngine","floor":33.0},{"not_picked":["Guardian:GuardianWhirl+1","Guardian:Gem_Green"],"picked":"Guardian:Clone","floor":36.0},{"not_picked":["Guardian:Gem_Red","Guardian:WalkerClaw+1","Guardian:ChargeCore+1"],"picked":"SKIP","floor":37.0},{"not_picked":["Guardian:Gem_Green","Guardian:Gem_Red"],"picked":"Guardian:Gem_Cyan","floor":40.0},{"not_picked":["Guardian:Gem_Green","Guardian:Gem_Lightblue"],"picked":"Guardian:Gem_Cyan","floor":40.0},{"not_picked":["Guardian:TimeBomb","Guardian:GuardianWhirl+1"],"picked":"Guardian:Incinerate+1","floor":40.0},{"not_picked":["Guardian:Gem_Purple","Guardian:VentSteam"],"picked":"Guardian:PrismaticBeam+1","floor":42.0},{"not_picked":["Guardian:Gem_Red","Guardian:Gem_Green"],"picked":"Guardian:Gem_Cyan","floor":45.0},{"not_picked":["Guardian:Gem_Red","Guardian:Gem_Lightblue"],"picked":"Guardian:Gem_Cyan","floor":45.0},{"not_picked":["Guardian:TemporalShield","Guardian:TimeBomb"],"picked":"Guardian:DecasProtection","floor":45.0},{"not_picked":["Guardian:Gem_Green","Guardian:Gem_Lightblue"],"picked":"Guardian:Gem_Cyan","floor":46.0},{"not_picked":["Guardian:ShieldCharger+1","Guardian:Gem_Purple","Guardian:PiercingHide"],"picked":"SKIP","floor":46.0},{"not_picked":["Guardian:Gem_Red","Guardian:Gem_Lightblue"],"picked":"Guardian:Gem_Cyan","floor":48.0},{"not_picked":["Guardian:Gem_Red","Guardian:Incinerate+1","Guardian:Gem_Green"],"picked":"SKIP","floor":48.0},{"not_picked":["Guardian:Gem_Yellow","Guardian:Gem_Fragmented"],"picked":"Guardian:ExploitGems","floor":49.0},{"not_picked":["Guardian:Gem_Lightblue","Guardian:Gem_Red"],"picked":"Guardian:Gem_Green","floor":49.0},{"not_picked":["Guardian:Gem_Lightblue","Guardian:Gem_Red"],"picked":"Guardian:Gem_Green","floor":49.0},{"not_picked":["Guardian:Gem_Lightblue","Guardian:Gem_Green"],"picked":"Guardian:Gem_Cyan","floor":52.0},{"not_picked":["Guardian:Gem_Green","Guardian:Gem_Red"],"picked":"Guardian:Gem_Cyan","floor":52.0},{"not_picked":["Guardian:ArmoredProtocol+1","Guardian:FastForward","Guardian:PrimingBeam+1"],"picked":"SKIP","floor":52.0}],"player_experience":2870472,"relics_obtained":[{"floor":8.0,"key":"Molten Egg 2"},{"floor":12.0,"key":"Akabeko"},{"floor":28.0,"key":"Orichalcum"},{"floor":52.0,"key":"Whetstone"}],"event_choices":[{"damage_healed":0.0,"max_hp_gain":0.0,"max_hp_loss":0.0,"gold_gain":0.0,"event_name":"The Library","player_choice":"Read","floor":20.0,"gold_loss":0.0,"damage_taken":0.0,"cards_obtained":["Guardian:Gem_Cyan"]},{"damage_healed":0.0,"max_hp_gain":0.0,"max_hp_loss":0.0,"gold_gain":0.0,"event_name":"Vampires","player_choice":"Ignored","floor":22.0,"gold_loss":0.0,"damage_taken":0.0},{"cards_removed":["Guardian:Defend_Guardian"],"damage_healed":0.0,"max_hp_gain":0.0,"max_hp_loss":0.0,"gold_gain":0.0,"event_name":"Falling","player_choice":"Removed Skill","floor":39.0,"gold_loss":0.0,"damage_taken":0.0}],"is_beta":false,"boss_relics":[{"not_picked":["Pandora\u0027s Box","Runic Pyramid"],"picked":"Cursed Key"},{"not_picked":["Empty Cage","Guardian:ModeShifterPlus"],"picked":"Philosopher\u0027s Stone"}],"items_purged_floors":[25,42],"is_endless":false,"potions_floor_spawned":[5,12,15,16,19,31,32,33,37,45,46,48,49],"ascension_level":20}}