{"host":"8i4doyxqctgl5qb0","time":1609863255,"event":{"mods":["AchievementEnabler","BaseMod","Block Reminder","Colored Powertips","Downfall","Marisa£®ÏF”Í°°ƒß¿Ì…≥£©","Minty Spire (QoL Compilation)","Permanent Neow","Potion Indicator Mod","Rare Cards Sparkle","StSLib","SuperFastMode"],"gold_per_floor":[218,293,468,486,486,486,515,515,515,527,541,553,570,15,15,116,116,131,131,46,46,73,73,99,99,99,99,99,143,160,160,160,262,262,280,280,292,33,80,80,112,112,112,112,132,151,151,163,163,163],"floor_reached":51,"playtime":2265,"items_purged":["Doubt"],"score":897,"play_id":"9eb6c87a-b87c-4641-97d3-2f7c2e7d5f9d","local_time":"20210106001415","is_ascension_mode":true,"campfire_choices":[{"data":"Eruption","floor":6.0,"key":"SMITH"},{"floor":8.0,"key":"REST"},{"floor":15.0,"key":"REST"},{"data":"Wish","floor":23.0,"key":"SMITH"},{"floor":25.0,"key":"REST"},{"data":"Judgement","floor":27.0,"key":"SMITH"},{"floor":32.0,"key":"REST"},{"floor":40.0,"key":"REST"},{"data":"J.A.X.","floor":44.0,"key":"SMITH"},{"data":"MasterReality","floor":47.0,"key":"SMITH"},{"data":"Adaptation","floor":49.0,"key":"SMITH"}],"circlet_count":0,"master_deck":["Eruption+1","Vigilance","FollowUp","CutThroughFate","BattleHymn","FollowUp","MasterReality+1","SignatureMove","CutThroughFate","Prostrate","expansioncontent:SuperHexaguard","EmptyBody","Protect","Wish+1","InnerPeace","J.A.X.+1","Bite","Bite","Bite","Bite","Bite","Judgement+1","FollowUp","ReachHeaven+1","Consecrate","ReachHeaven+1","Judgement","ReachHeaven","BattleHymn","LessonLearned","Wireheading","ClearTheMind+1","WaveOfTheHand+1","expansioncontent:TimeRipple+1","CutThroughFate","EmptyBody+1","Adaptation+1","EmptyBody+1","EmptyFist+1","Halt","Evaluate+1"],"relics":["PureWater","FaceOfCleric","Pen Nib","Omamori","Dream Catcher","Strawberry","SacredBark","Regal Pillow","Orichalcum","Potion Belt","Gremlin Horn","Necronomicon","Pandora\u0027s Box","Girya","Happy Flower","GoldenEye"],"acts_visited":["Exordium","TheCity","TheBeyond"],"potions_floor_usage":[50,50,50],"damage_taken":[{"damage":1.0,"enemies":"Small Slimes","floor":1.0,"turns":3.0},{"damage":9.0,"enemies":"Jaw Worm","floor":4.0,"turns":7.0},{"damage":42.0,"enemies":"3 Sentries","floor":7.0,"turns":9.0},{"damage":1.0,"enemies":"Cultist","floor":10.0,"turns":3.0},{"damage":8.0,"enemies":"2 Fungi Beasts","floor":11.0,"turns":3.0},{"damage":13.0,"enemies":"Large Slime","floor":12.0,"turns":3.0},{"damage":11.0,"enemies":"Looter","floor":13.0,"turns":3.0},{"damage":13.0,"enemies":"Hexaghost","floor":16.0,"turns":9.0},{"damage":13.0,"enemies":"2 Thieves","floor":18.0,"turns":3.0},{"damage":57.0,"enemies":"Gremlin Leader","floor":24.0,"turns":7.0},{"damage":3.0,"enemies":"3 Byrds","floor":29.0,"turns":4.0},{"damage":22.0,"enemies":"Shelled Parasite and Fungi","floor":30.0,"turns":6.0},{"damage":41.0,"enemies":"Collector","floor":33.0,"turns":7.0},{"damage":32.0,"enemies":"3 Shapes","floor":35.0,"turns":6.0},{"damage":27.0,"enemies":"Orb Walker","floor":37.0,"turns":4.0},{"damage":31.0,"enemies":"2 Orb Walkers","floor":39.0,"turns":4.0},{"damage":26.0,"enemies":"Reptomancer","floor":41.0,"turns":5.0},{"damage":0.0,"enemies":"Jaw Worm Horde","floor":45.0,"turns":2.0},{"damage":0.0,"enemies":"Transient","floor":46.0,"turns":5.0},{"damage":0.0,"enemies":"3 Darklings","floor":48.0,"turns":2.0},{"damage":79,"enemies":"Donu and Deca","floor":50,"turns":6}],"seed_played":"255602405438790504","potions_obtained":[{"floor":4.0,"key":"FairyPotion"},{"floor":10.0,"key":"Weak Potion"},{"floor":11.0,"key":"Weak Potion"},{"floor":12.0,"key":"BottledMiracle"},{"floor":29.0,"key":"CultistPotion"},{"floor":30.0,"key":"BlessingOfTheForge"},{"floor":39.0,"key":"Swift Potion"},{"floor":41.0,"key":"Ancient Potion"},{"floor":46.0,"key":"CultistPotion"}],"is_trial":false,"path_per_floor":["M","?","?","M","?","R","E","R","T","M","M","M","M","$","R","B",null,"M","?","?","?","T","R","E","R","T","R","$","M","M","?","R","B",null,"M","?","M","$","?","R","E","?","T","R","M","M","R","M","R","B",null],"character_chosen":"WATCHER","items_purchased":["Dream Catcher","Strawberry","Prostrate","expansioncontent:SuperHexaguard","EmptyBody","FairyPotion","expansioncontent:TimeRipple","CutThroughFate","SkillPotion"],"campfire_rested":5,"item_purchase_floors":[14,14,14,14,14,38,38,38,38],"current_hp_per_floor":[71,60,60,51,51,51,10,31,31,31,24,12,2,9,34,22,85,73,73,73,60,60,60,16,49,49,49,49,51,34,18,51,15,64,35,35,13,13,26,61,40,40,40,40,45,52,52,57,57,25],"gold":163,"neow_bonus":"HUNDRED_GOLD","is_daily":false,"chose_seed":false,"campfire_upgraded":6,"win_rate":0.0,"timestamp":1609863255,"path_taken":["M","?","?","M","?","R","E","R","T","?","M","M","M","$","R","BOSS","M","?","?","?","?","R","E","R","T","R","$","?","M","?","R","BOSS","M","?","M","$","?","R","E","?","T","R","?","M","R","M","R","BOSS"],"items_purchased_type":["Relic","Relic","Card","Card","Card","Potion","Card","Card","Potion"],"build_version":"2020-12-22","purchased_purges":1,"victory":true,"max_hp_per_floor":[72,72,72,72,72,72,73,73,73,74,75,76,77,84,84,85,85,86,86,86,60,60,60,61,61,61,61,61,62,63,63,63,64,64,65,65,66,66,67,67,68,68,68,68,69,70,70,71,71,72],"card_choices":[{"not_picked":["Halt","Evaluate"],"picked":"FollowUp","floor":1.0},{"not_picked":["Sanctity","TalkToTheHand"],"picked":"CutThroughFate","floor":4.0},{"not_picked":["TalkToTheHand","EmptyFist"],"picked":"BattleHymn","floor":7.0},{"not_picked":["CutThroughFate","ClearTheMind"],"picked":"FollowUp","floor":10.0},{"not_picked":["ThirdEye","EmptyFist"],"picked":"MasterReality","floor":11.0},{"not_picked":["PathToVictory","Collect"],"picked":"SignatureMove","floor":12.0},{"not_picked":["Indignation","FlurryOfBlows"],"picked":"CutThroughFate","floor":13.0},{"not_picked":["FlyingSleeves","Consecrate"],"picked":"Protect","floor":15.0},{"not_picked":["Scrawl","SpiritShield"],"picked":"Wish","floor":16.0},{"not_picked":["CutThroughFate","Sanctity"],"picked":"InnerPeace","floor":18.0},{"not_picked":["InnerPeace","EmptyBody"],"picked":"Judgement","floor":24.0},{"not_picked":["Swivel","ThirdEye"],"picked":"FollowUp","floor":25.0},{"not_picked":["WheelKick","JustLucky"],"picked":"ReachHeaven+1","floor":29.0},{"not_picked":["BowlingBash","Nirvana"],"picked":"Consecrate","floor":30.0},{"not_picked":["Consecrate","PathToVictory"],"picked":"ReachHeaven+1","floor":32.0},{"not_picked":["Wish","Establishment"],"picked":"Judgement","floor":33.0},{"not_picked":["Vengeance+1","EmptyBody"],"picked":"ClearTheMind+1","floor":35.0},{"not_picked":["CrushJoints","SashWhip+1"],"picked":"WaveOfTheHand+1","floor":37.0},{"not_picked":["Fasting2","WreathOfFlame"],"picked":"EmptyBody+1","floor":39.0},{"not_picked":["BattleHymn","EmptyMind"],"picked":"Adaptation","floor":40.0},{"not_picked":["FlurryOfBlows+1","MentalFortress+1"],"picked":"EmptyBody+1","floor":41.0},{"not_picked":["PathToVictory+1","JustLucky+1"],"picked":"EmptyFist+1","floor":45.0},{"not_picked":["MentalFortress","ThirdEye+1"],"picked":"Halt","floor":46.0},{"not_picked":["FollowUp","ClearTheMind+1"],"picked":"Evaluate+1","floor":48.0}],"player_experience":89007,"relics_obtained":[{"floor":7.0,"key":"Pen Nib"},{"floor":9.0,"key":"Omamori"},{"floor":22.0,"key":"Orichalcum"},{"floor":24.0,"key":"Potion Belt"},{"floor":26.0,"key":"Gremlin Horn"},{"floor":31.0,"key":"Necronomicon"},{"floor":39.0,"key":"Girya"},{"floor":41.0,"key":"Happy Flower"},{"floor":43.0,"key":"GoldenEye"}],"event_choices":[{"damage_healed":0.0,"max_hp_gain":0.0,"max_hp_loss":0.0,"gold_gain":75.0,"event_name":"World of Goop","player_choice":"Gather Gold","floor":2.0,"gold_loss":0.0,"damage_taken":11.0},{"damage_healed":0.0,"max_hp_gain":0.0,"max_hp_loss":0.0,"gold_gain":175.0,"event_name":"Liars Game","player_choice":"AGREE","floor":3.0,"gold_loss":0.0,"damage_taken":0.0,"cards_obtained":["Doubt"]},{"damage_healed":0.0,"max_hp_gain":0.0,"max_hp_loss":0.0,"gold_gain":0.0,"event_name":"FaceTrader","player_choice":"Trade","floor":5.0,"gold_loss":0.0,"damage_taken":0.0,"relics_obtained":["FaceOfCleric"]},{"damage_healed":0.0,"max_hp_gain":0.0,"max_hp_loss":0.0,"gold_gain":0.0,"event_name":"Drug Dealer","player_choice":"Obtain J.A.X.","floor":19.0,"gold_loss":0.0,"damage_taken":0.0,"cards_obtained":["J.A.X."]},{"damage_healed":0.0,"max_hp_gain":0.0,"max_hp_loss":0.0,"gold_gain":0.0,"event_name":"Addict","player_choice":"Obtained Relic","floor":20.0,"gold_loss":85.0,"damage_taken":0.0,"relics_obtained":["Regal Pillow"]},{"damage_healed":0.0,"max_hp_gain":0.0,"max_hp_loss":26.0,"gold_gain":0.0,"event_name":"Vampires","player_choice":"Became a vampire","floor":21.0,"gold_loss":0.0,"damage_taken":0.0,"cards_obtained":["Bite","Bite","Bite","Bite","Bite"]},{"damage_healed":0.0,"max_hp_gain":0.0,"max_hp_loss":0.0,"gold_gain":0.0,"event_name":"Cursed Tome","player_choice":"Obtained Book","floor":31.0,"gold_loss":0.0,"damage_taken":16.0},{"damage_healed":0.0,"max_hp_gain":0.0,"max_hp_loss":0.0,"gold_gain":0.0,"event_name":"Tomb of Lord Red Mask","player_choice":"Ignored","floor":36.0,"gold_loss":0.0,"damage_taken":0.0},{"damage_healed":0.0,"max_hp_gain":0.0,"max_hp_loss":0.0,"gold_gain":0.0,"event_name":"Mysterious Sphere","player_choice":"Fight","floor":39.0,"gold_loss":0.0,"damage_taken":0.0},{"damage_healed":0.0,"max_hp_gain":0.0,"max_hp_loss":0.0,"gold_gain":0.0,"event_name":"Match and Keep!","player_choice":"0 cards matched","floor":42.0,"gold_loss":0.0,"damage_taken":0.0,"cards_obtained":[]}],"is_beta":false,"boss_relics":[{"not_picked":["Coffee Dripper","Tiny House"],"picked":"SacredBark"},{"not_picked":["Empty Cage","Runic Dome"],"picked":"Pandora\u0027s Box"}],"items_purged_floors":[14],"is_endless":false,"potions_floor_spawned":[4,10,11,12,29,30,39,41,46],"ascension_level":4}}