{"host":"5cnm2qapaqj5mmu7","time":1609859873,"event":{"mods":["BaseMod","Bestiary","Colored Map","Minty Spire (QoL Compilation)","StSLib"],"gold_per_floor":[112,132,150,150,166,204,216,228,263,275,287,287],"floor_reached":11,"playtime":355,"items_purged":[],"score":88,"play_id":"f8851672-e207-4ae6-8a48-6c36132c6348","local_time":"20210105161753","is_ascension_mode":true,"campfire_choices":[{"data":"Blind","floor":7.0,"key":"SMITH"},{"floor":10.0,"key":"REST"}],"circlet_count":0,"master_deck":["Strike_R","Strike_R","Strike_R","Strike_R","Strike_R","Defend_R","Defend_R","Defend_R","Defend_R","Bash","Blind+1","True Grit","Entrench","Injury","Shrug It Off"],"relics":["Burning Blood","Golden Idol","MawBank","Vajra","Nunchaku"],"acts_visited":["Exordium"],"potions_floor_usage":[11],"damage_taken":[{"damage":15.0,"enemies":"Jaw Worm","floor":1.0,"turns":4.0},{"damage":5.0,"enemies":"2 Louse","floor":2.0,"turns":4.0},{"damage":6.0,"enemies":"Cultist","floor":3.0,"turns":4.0},{"damage":23.0,"enemies":"Red Slaver","floor":5.0,"turns":3.0},{"damage":37.0,"enemies":"Gremlin Nob","floor":6.0,"turns":6.0},{"damage":43,"enemies":"Lagavulin","floor":11,"turns":7}],"seed_played":"-967945273247256358","potions_obtained":[{"floor":2.0,"key":"Block Potion"},{"floor":5.0,"key":"ColorlessPotion"},{"floor":6.0,"key":"ElixirPotion"}],"is_trial":false,"path_per_floor":["M","M","M","?","M","E","R","?","T","R","E"],"character_chosen":"IRONCLAD","items_purchased":[],"campfire_rested":1,"item_purchase_floors":[],"current_hp_per_floor":[71,72,72,72,55,24,24,12,12,36,0,0],"gold":287,"neow_bonus":"RANDOM_COLORLESS","is_daily":false,"chose_seed":false,"campfire_upgraded":1,"win_rate":0.0,"timestamp":1609859873,"path_taken":["M","M","M","?","M","E","R","?","T","R","E"],"items_purchased_type":[],"build_version":"2020-12-22","purchased_purges":0,"victory":false,"max_hp_per_floor":[80,80,80,80,80,80,80,80,80,80,80,80],"card_choices":[{"not_picked":["Impatience","Bandage Up"],"picked":"Blind","floor":0.0},{"not_picked":["Spot Weakness","Clothesline"],"picked":"True Grit","floor":1.0},{"not_picked":["Body Slam","Twin Strike"],"picked":"Entrench","floor":2.0},{"not_picked":["Warcry","Reaper","Clash"],"picked":"SKIP","floor":3.0},{"not_picked":["Hemokinesis","Flex"],"picked":"Shrug It Off","floor":5.0},{"not_picked":["Flex","Clash","Carnage"],"picked":"SKIP","floor":6.0}],"player_experience":548288,"relics_obtained":[{"floor":6.0,"key":"MawBank"},{"floor":9.0,"key":"Nunchaku"}],"event_choices":[{"damage_healed":0.0,"max_hp_gain":0.0,"max_hp_loss":0.0,"gold_gain":0.0,"event_name":"Golden Idol","player_choice":"Take Wound","floor":4.0,"gold_loss":0.0,"damage_taken":0.0,"relics_obtained":["Golden Idol"],"cards_obtained":["Injury"]},{"damage_healed":0.0,"max_hp_gain":0.0,"max_hp_loss":0.0,"gold_gain":0.0,"event_name":"Scrap Ooze","player_choice":"Success","floor":8.0,"gold_loss":0.0,"damage_taken":12.0,"relics_obtained":["Vajra"]}],"is_beta":false,"boss_relics":[],"items_purged_floors":[],"is_endless":false,"potions_floor_spawned":[2,5,6],"killed_by":"Lagavulin","ascension_level":4}}