{"host":"nzm1i0l8mrsm8hd2","time":1609857332,"event":{"mods":["Act Like it!","Aspiration","BaseMod","CapriCore","Challenge The Spire","Conspire","Gensokyo","Minty Spire (QoL Compilation)","Pale of the Ancients","Quick Restart","Robot Space Explorer","RumiaBox-露米娅的神秘盒子","Spicy Shops","StSLib","The Immortal","The Jungle","The Mystic","Wandering Minibosses","Yakumo Yukari mod"],"gold_per_floor":[112,72,7,24,39,39,239,239],"floor_reached":7,"playtime":364,"items_purged":[],"score":82,"play_id":"2c5bf1a7-bc0a-4d2d-90ea-95ec46b8a182","local_time":"20210105223532","daily_mods":["Heirloom","DeadlyEvents","Elite Swarm"],"is_ascension_mode":true,"campfire_choices":[{"data":"RobotSpaceExplorer:FranticSearch","floor":6,"key":"SMITH"}],"circlet_count":0,"master_deck":["AscendersBane","RobotSpaceExplorer:Strike","RobotSpaceExplorer:Strike","RobotSpaceExplorer:Strike","RobotSpaceExplorer:Strike","RobotSpaceExplorer:Defend","RobotSpaceExplorer:Defend","RobotSpaceExplorer:Defend","RobotSpaceExplorer:Defend","RobotSpaceExplorer:Scan","RobotSpaceExplorer:MiniLasers","RobotSpaceExplorer:Counterblock","RobotSpaceExplorer:FranticSearch+1","RobotSpaceExplorer:ScrapMissile+1"],"relics":["Snecko Eye","aspiration:AnachronicSnailShell","Baka"],"acts_visited":["Exordium"],"potions_floor_usage":[7],"damage_taken":[{"damage":13.0,"enemies":"Gensokyo:Python","floor":1.0,"turns":5.0},{"damage":3,"enemies":"Gensokyo:Gryphon","floor":4,"turns":4},{"damage":0,"enemies":"Gensokyo:3_Fairies","floor":5,"turns":4},{"damage":124,"enemies":"Gensokyo:Mamizou","floor":7,"turns":11}],"seed_played":"-4224071627448498864","potions_obtained":[{"floor":5,"key":"Explosive Potion"}],"is_trial":true,"path_per_floor":["M","?","COS","M","M","R","E"],"character_chosen":"RobotSpaceExplorer","items_purchased":[],"campfire_rested":0,"item_purchase_floors":[],"current_hp_per_floor":[51,71,71,68,68,68,0,0],"gold":239,"neow_bonus":"","is_daily":false,"chose_seed":false,"campfire_upgraded":1,"win_rate":0.0,"timestamp":1609857332,"path_taken":["M","?","COS","M","M","R","E"],"items_purchased_type":[],"build_version":"2020-12-22","purchased_purges":0,"victory":false,"max_hp_per_floor":[71,71,71,71,71,71,71,71],"card_choices":[{"not_picked":["RobotSpaceExplorer:ScrapMissile","RobotSpaceExplorer:FreezeRay"],"picked":"RobotSpaceExplorer:Counterblock","floor":1.0},{"not_picked":["RobotSpaceExplorer:GlueShot","RobotSpaceExplorer:SurgingStrike"],"picked":"RobotSpaceExplorer:FranticSearch","floor":4},{"not_picked":["RobotSpaceExplorer:SurgingStrike+1","RobotSpaceExplorer:Ammunition+1"],"picked":"RobotSpaceExplorer:ScrapMissile+1","floor":4},{"not_picked":["RobotSpaceExplorer:GlueSpray","RobotSpaceExplorer:SurgingShield","RobotSpaceExplorer:SwiftStep"],"picked":"SKIP","floor":5},{"not_picked":["RobotSpaceExplorer:GlueSpray","RobotSpaceExplorer:SurgingShield","RobotSpaceExplorer:SwiftStep"],"picked":"SKIP","floor":5}],"player_experience":593238,"relics_obtained":[{"floor":1.0,"key":"Baka"}],"event_choices":[],"is_beta":false,"boss_relics":[],"items_purged_floors":[],"is_endless":false,"potions_floor_spawned":[5],"killed_by":"Gensokyo:Mamizou","ascension_level":20}}