{"host":"j4g6ia6asvpyu2b0","time":1609847350,"event":{"mods":["BaseMod","Colored Map","Minty Spire (QoL Compilation)","Permanent Neow","Quick Restart","Relic Stats","StSLib","Unceasing Turn Reminder"],"gold_per_floor":[52,52,52,88,88,137,137,172,172,172,172,236,320,382,382,528,528,568,606,521,133,170,226,226,226],"floor_reached":24,"playtime":746,"items_purged":["Strike_G"],"score":294,"play_id":"8edc4f46-3fc6-46ae-9d47-009a7957f4eb","local_time":"20210105044910","is_ascension_mode":true,"campfire_choices":[{"data":"HandOfGreed","floor":7.0,"key":"SMITH"},{"floor":15.0,"key":"REST"}],"circlet_count":0,"master_deck":["Strike_G","Strike_G","Strike_G","Strike_G","Defend_G+1","Defend_G+1","Defend_G","Defend_G","Defend_G","Survivor","Neutralize","HandOfGreed+1","Poisoned Stab","Adrenaline","Acrobatics","Dagger Throw","All Out Attack","Backflip","Terror","A Thousand Cuts","Dodge and Roll","Deadly Poison","After Image","Well Laid Plans","Poisoned Stab+1","Sadistic Nature","Bouncing Flask","Cloak And Dagger+1"],"relics":["Ring of the Snake","Ninja Scroll","Snake Skull","Dream Catcher","Bottled Flame","Cursed Key","Pen Nib","TwistedFunnel","Tiny Chest"],"acts_visited":["Exordium","TheCity"],"potions_floor_usage":[22],"damage_taken":[{"damage":7.0,"enemies":"Small Slimes","floor":1.0,"turns":4.0},{"damage":0.0,"enemies":"Jaw Worm","floor":4.0,"turns":4.0},{"damage":12.0,"enemies":"Gremlin Nob","floor":6.0,"turns":3.0},{"damage":0.0,"enemies":"Cultist","floor":8.0,"turns":4.0},{"damage":8.0,"enemies":"Exordium Thugs","floor":12.0,"turns":4.0},{"damage":17.0,"enemies":"3 Sentries","floor":13.0,"turns":6.0},{"damage":4.0,"enemies":"Lots of Slimes","floor":14.0,"turns":5.0},{"damage":19.0,"enemies":"Slime Boss","floor":16.0,"turns":11.0},{"damage":0,"enemies":"Spheric Guardian","floor":18,"turns":1},{"damage":11,"enemies":"2 Thieves","floor":19,"turns":4},{"damage":18,"enemies":"Sentry and Sphere","floor":22,"turns":4},{"damage":20,"enemies":"Slavers","floor":23,"turns":4}],"seed_played":"4426104310562834322","potions_obtained":[{"floor":4.0,"key":"BlessingOfTheForge"},{"floor":8.0,"key":"LiquidMemories"},{"floor":16.0,"key":"AttackPotion"},{"floor":18,"key":"PowerPotion"}],"is_trial":false,"path_per_floor":["M","?","?","M","T","E","R","M","T","$","T","M","E","M","R","B",null,"M","M","?","$","M","E","?"],"character_chosen":"THE_SILENT","items_purchased":["TwistedFunnel","Sadistic Nature"],"campfire_rested":1,"item_purchase_floors":[21,21],"current_hp_per_floor":[56,42,42,42,42,30,30,30,30,30,30,22,5,1,22,3,53,53,42,42,42,24,4,0,0],"gold":226,"neow_bonus":"RANDOM_COLORLESS_2","is_daily":false,"chose_seed":false,"campfire_upgraded":1,"win_rate":0.0,"timestamp":1609847350,"path_taken":["M","?","?","?","?","E","R","?","T","$","?","M","E","M","R","BOSS","M","?","?","$","M","E","?"],"items_purchased_type":["Relic","Card"],"build_version":"2020-12-22","purchased_purges":1,"victory":false,"max_hp_per_floor":[70,70,70,70,70,70,70,70,70,70,70,70,70,70,70,70,70,70,70,70,70,70,70,75,75],"relic_stats":{"Dream Catcher":1,"counters":[12,54],"Tiny Chest":0,"Snake Skull":[24],"Pen Nib":[2],"Cursed Key":0,"obtain_stats":[{"TwistedFunnel":21,"Dream Catcher":11,"Bottled Flame":13,"Ninja Scroll":5,"Tiny Chest":23,"Snake Skull":6,"Pen Nib":20,"Cursed Key":17,"Ring of the Snake":0},{"TwistedFunnel":10,"Dream Catcher":4,"Bottled Flame":6,"Ninja Scroll":2,"Tiny Chest":12,"Snake Skull":3,"Pen Nib":10,"Cursed Key":8,"Ring of the Snake":0},{"TwistedFunnel":46,"Dream Catcher":15,"Bottled Flame":25,"Ninja Scroll":8,"Tiny Chest":54,"Snake Skull":11,"Pen Nib":46,"Cursed Key":41,"Ring of the Snake":0}],"Ring of the Snake":[24]},"card_choices":[{"not_picked":["Mayhem","The Bomb"],"picked":"HandOfGreed","floor":0.0},{"not_picked":["Outmaneuver","Quick Slash"],"picked":"Poisoned Stab","floor":1.0},{"not_picked":["Bane","Slice"],"picked":"Dagger Throw","floor":4.0},{"not_picked":["Sucker Punch","Escape Plan"],"picked":"All Out Attack","floor":6.0},{"not_picked":["All Out Attack","Cloak And Dagger"],"picked":"Backflip","floor":8.0},{"not_picked":["Skewer","Poisoned Stab"],"picked":"Terror","floor":12.0},{"not_picked":["Slice","Distraction"],"picked":"A Thousand Cuts","floor":13.0},{"not_picked":["Flechettes","Blade Dance"],"picked":"Dodge and Roll","floor":14.0},{"not_picked":["Blur","Outmaneuver"],"picked":"Deadly Poison","floor":15.0},{"not_picked":["Grand Finale","A Thousand Cuts"],"picked":"After Image","floor":16.0},{"not_picked":["Masterful Stab","Acrobatics"],"picked":"Well Laid Plans","floor":18},{"not_picked":["Dodge and Roll","Dagger Spray"],"picked":"Poisoned Stab+1","floor":19},{"not_picked":["Acrobatics","Setup+1"],"picked":"Bouncing Flask","floor":22},{"not_picked":["Setup","Prepared"],"picked":"Cloak And Dagger+1","floor":23}],"player_experience":713394,"relics_obtained":[{"floor":5.0,"key":"Ninja Scroll"},{"floor":6.0,"key":"Snake Skull"},{"floor":11.0,"key":"Dream Catcher"},{"floor":13.0,"key":"Bottled Flame"},{"floor":23,"key":"Tiny Chest"}],"event_choices":[{"damage_healed":0.0,"max_hp_gain":0.0,"max_hp_loss":0.0,"gold_gain":0.0,"event_name":"Shining Light","player_choice":"Entered Light","floor":2.0,"gold_loss":0.0,"damage_taken":14.0,"cards_upgraded":["Defend_G","Defend_G"]},{"damage_healed":0.0,"max_hp_gain":0.0,"max_hp_loss":0.0,"gold_gain":0.0,"event_name":"Match and Keep!","player_choice":"2 cards matched","floor":3.0,"gold_loss":0.0,"damage_taken":0.0,"cards_obtained":["Adrenaline","Acrobatics"]},{"damage_healed":0,"gold_gain":0,"player_choice":"Obtained Relic","damage_taken":0,"relics_obtained":["Pen Nib"],"max_hp_gain":0,"max_hp_loss":0,"event_name":"Addict","floor":20,"gold_loss":85}],"is_beta":false,"boss_relics":[{"not_picked":["Coffee Dripper","Ring of the Serpent"],"picked":"Cursed Key"}],"items_purged_floors":[21],"is_endless":false,"potions_floor_spawned":[4,8,16,18],"ascension_level":6}}