{"host":"c3lc60y5x60jlt1y","time":1609833004,"event":{"mods":["AchievementEnabler","BaseMod","Bestiary","Colored Map","Minty Spire (QoL Compilation)","Quick Restart","StSLib","ojb\u0027s Info Mod"],"gold_per_floor":[110,35,35,35,110,149,149,149,149,60,94,94,115,128,128,219,219,232,253,136,136,136,136,136],"floor_reached":23,"playtime":2561,"items_purged":["Strike_G"],"score":490,"play_id":"f0f278f0-5b12-42a9-9eb4-71d90e20364a","local_time":"20210105095004","is_ascension_mode":true,"campfire_choices":[{"data":"Underhanded Strike","floor":7,"key":"SMITH"},{"data":"Skewer","floor":12,"key":"SMITH"},{"data":"Terror","floor":15,"key":"SMITH"}],"circlet_count":0,"master_deck":["AscendersBane","Strike_G","Strike_G","Strike_G","Strike_G","Defend_G","Defend_G","Defend_G","Defend_G","Survivor","Neutralize","Slice","Underhanded Strike+1","Skewer+1","Accuracy","Dagger Throw","Terror+1","Grand Finale","Dagger Spray","Well Laid Plans","Setup"],"relics":["Ring of the Snake","NeowsBlessing","Bloody Idol","CaptainsWheel","Sundial","Ninja Scroll","Dream Catcher","Philosopher\u0027s Stone"],"acts_visited":["Exordium","TheCity"],"potions_floor_usage":[16,23,23],"damage_taken":[{"damage":0,"enemies":"Small Slimes","floor":1,"turns":1},{"damage":0,"enemies":"3 Sentries","floor":6,"turns":1},{"damage":0,"enemies":"Lagavulin","floor":11,"turns":1},{"damage":2,"enemies":"Jaw Worm","floor":13,"turns":3},{"damage":0,"enemies":"2 Louse","floor":14,"turns":2},{"damage":20,"enemies":"The Guardian","floor":16,"turns":10},{"damage":11,"enemies":"3 Byrds","floor":18,"turns":5},{"damage":14,"enemies":"2 Thieves","floor":19,"turns":3},{"damage":29,"enemies":"Gremlin Leader","floor":23,"turns":5}],"seed_played":"2648430462780210282","potions_obtained":[{"floor":6,"key":"SneckoOil"},{"floor":11,"key":"BlessingOfTheForge"},{"floor":14,"key":"CultistPotion"},{"floor":19,"key":"EssenceOfSteel"}],"is_trial":false,"path_per_floor":["M","?","$","?","?","E","R","T","T","$","E","R","M","M","R","B",null,"M","M","$","?","?","E"],"character_chosen":"THE_SILENT","items_purchased":["Skewer","Setup"],"campfire_rested":0,"item_purchase_floors":[10,20],"current_hp_per_floor":[59,59,59,59,48,48,48,48,48,48,48,48,46,46,46,26,52,41,27,27,27,27,0,0],"gold":136,"neow_bonus":"THREE_ENEMY_KILL","is_daily":false,"chose_seed":false,"campfire_upgraded":3,"win_rate":0.0,"timestamp":1609833004,"path_taken":["M","?","$","?","?","E","R","?","T","?","E","R","M","?","R","BOSS","M","M","$","?","?","E"],"items_purchased_type":["Card","Card"],"build_version":"2020-12-22","purchased_purges":1,"victory":false,"max_hp_per_floor":[66,66,66,60,60,60,60,60,60,60,60,60,60,60,60,60,60,60,60,60,60,60,60,60],"card_choices":[{"not_picked":["Bane","Choke"],"picked":"Slice","floor":1},{"not_picked":["Slice","Bane"],"picked":"Underhanded Strike","floor":6},{"not_picked":["Flechettes","Sucker Punch"],"picked":"Accuracy","floor":11},{"not_picked":["Night Terror","Slice"],"picked":"Dagger Throw","floor":13},{"not_picked":["Outmaneuver","PiercingWail"],"picked":"Terror","floor":14},{"not_picked":["Unload","Night Terror"],"picked":"Grand Finale","floor":16},{"not_picked":["Deflect","Accuracy"],"picked":"Dagger Spray","floor":18},{"not_picked":["Acrobatics","Sucker Punch"],"picked":"Well Laid Plans","floor":19}],"player_experience":7507244,"relics_obtained":[{"floor":6,"key":"CaptainsWheel"},{"floor":8,"key":"Sundial"},{"floor":9,"key":"Ninja Scroll"},{"floor":11,"key":"Dream Catcher"}],"event_choices":[{"cards_removed":["Defend_G"],"damage_healed":0,"gold_gain":0,"player_choice":"Card Removal","damage_taken":0,"max_hp_gain":0,"max_hp_loss":0,"event_name":"The Cleric","floor":2,"gold_loss":75},{"damage_healed":0,"gold_gain":0,"player_choice":"Lose Max HP","damage_taken":0,"relics_obtained":["Golden Idol"],"max_hp_gain":0,"max_hp_loss":6,"event_name":"Golden Idol","floor":4,"gold_loss":0},{"damage_healed":0,"gold_gain":75,"player_choice":"Gather Gold","damage_taken":11,"max_hp_gain":0,"max_hp_loss":0,"event_name":"World of Goop","floor":5,"gold_loss":0},{"damage_healed":0,"gold_gain":0,"player_choice":"Gave Idol","damage_taken":0,"relics_obtained":["Bloody Idol"],"max_hp_gain":0,"max_hp_loss":0,"event_name":"Forgotten Altar","floor":21,"relics_lost":["Golden Idol"],"gold_loss":0},{"damage_healed":0,"gold_gain":0,"player_choice":"Got Potions","damage_taken":0,"max_hp_gain":0,"max_hp_loss":0,"event_name":"Lab","floor":22,"gold_loss":0}],"is_beta":false,"boss_relics":[{"not_picked":["Calling Bell","Astrolabe"],"picked":"Philosopher\u0027s Stone"}],"items_purged_floors":[20],"is_endless":false,"potions_floor_spawned":[6,11,14,19],"killed_by":"Gremlin Leader","ascension_level":20}}