{"host":"ikjt6v4q6zrcj3if","time":1609864910,"event":{"mods":["BaseMod","CapriCore","Colored Map","Downfall","Luminous","Minty Spire (QoL Compilation)","Permanent Neow","Quick Restart","Replay The Spire","Robot Space Explorer","Somnambulant","Spicy Shops","StSLib","SuperFastMode","The Exalted","The Marked","The Runesmith","TheSwordswoman","WarShipGirlsR/??è≠èóR mod"],"gold_per_floor":[111,61,161,86,101,136,136,176,226,244,261,280,311,311,311,338,389,389,389],"floor_reached":18,"playtime":781,"items_purged":["theMarked:Improvise"],"score":139,"play_id":"1918a5ad-e3c6-45d9-a3e6-f8b3359af21e","local_time":"20210106014150","daily_mods":["Draft"],"is_ascension_mode":true,"campfire_choices":[{"data":"theMarked:ComboAttacks","floor":7,"key":"SMITH"}],"circlet_count":0,"master_deck":["theMarked:Parkour","theMarked:ComboAttacks+1","theMarked:AttractMetal","theMarked:Improvise","theMarked:AttractMetal","theMarked:TwofoldDefense","theMarked:SwordAndMagic","theMarked:Parkour","theMarked:Improvise","theMarked:Aftermath","theMarked:WardOff","theMarked:ShockingTouch","theMarked:AttractMetal","theMarked:WardOff","theMarked:EternalStudent"],"relics":["theMarked:ArtifactOfAir","PreservedInsect","CeramicFish","Bromod:ArcaneNullifier","Letter Opener"],"acts_visited":["Exordium"],"potions_floor_usage":[],"damage_taken":[{"damage":7,"enemies":"Small Slimes","floor":1,"turns":4},{"damage":0,"enemies":"Jaw Worm","floor":5,"turns":3},{"damage":12,"enemies":"Lagavulin","floor":6,"turns":5},{"damage":10,"enemies":"3 Sentries","floor":8,"turns":4},{"damage":0,"enemies":"Cultist","floor":10,"turns":2},{"damage":6,"enemies":"Gremlin Gang","floor":11,"turns":4},{"damage":0,"enemies":"2 Fungi Beasts","floor":12,"turns":1},{"damage":8,"enemies":"Gremlin Nob","floor":13,"turns":3},{"damage":2,"enemies":"Blue Slaver","floor":16,"turns":3},{"damage":0,"enemies":"Fading Forest","floor":18,"turns":1}],"seed_played":"-2004891771169899015","potions_obtained":[{"floor":1,"key":"Adrenaline Potion"},{"floor":5,"key":"theMarked:SummonPotion"},{"floor":6,"key":"Reflective Coating"}],"is_trial":true,"path_per_floor":["M","?","?","$","M","E","R","E","T","M","M","M","E","PTL","PTL","M","R_BF","B"],"character_chosen":"THE_DEFAULT","items_purchased":[],"campfire_rested":0,"item_purchase_floors":[],"current_hp_per_floor":[63,63,63,63,63,51,51,41,41,41,35,35,27,27,27,25,25,25,25],"gold":389,"neow_bonus":"","is_daily":false,"chose_seed":false,"campfire_upgraded":1,"win_rate":0.0,"timestamp":1609864910,"path_taken":["M","?","?","$","?","E","R","E","T","M","M","M","E","PTL","PTL","?","R_BF","BOSS"],"items_purchased_type":[],"build_version":"2020-12-22","purchased_purges":1,"victory":false,"max_hp_per_floor":[70,70,70,70,70,70,70,70,70,70,70,70,70,70,70,70,70,70,70],"card_choices":[{"not_picked":["theMarked:Seal","theMarked:Overcharge"],"picked":"theMarked:Parkour","floor":0},{"not_picked":["theMarked:Parkour","theMarked:SwordAndMagic"],"picked":"theMarked:ComboAttacks","floor":0},{"not_picked":["theMarked:WastefulDefense","theMarked:ComboAttacks"],"picked":"theMarked:MaelstromOfLightning","floor":0},{"not_picked":["theMarked:SwordAndMagic","theMarked:ShockingTouch"],"picked":"theMarked:AttractMetal","floor":0},{"not_picked":["theMarked:Frustration","theMarked:MaelstromOfLightning"],"picked":"theMarked:Improvise","floor":0},{"not_picked":["theMarked:EmpowerWeapon","theMarked:SwordAndMagic"],"picked":"theMarked:AttractMetal","floor":0},{"not_picked":["theMarked:WastefulDefense","theMarked:LightningStrikesTwice"],"picked":"theMarked:TwofoldDefense","floor":0},{"not_picked":["theMarked:RepellingDischarge","theMarked:ChainLightning"],"picked":"theMarked:SwordAndMagic","floor":0},{"not_picked":["theMarked:Static","theMarked:WastefulAttack"],"picked":"theMarked:Parkour","floor":0},{"not_picked":["theMarked:Overcharge","theMarked:TunnelVision"],"picked":"theMarked:Improvise","floor":0},{"not_picked":["theMarked:Parry","theMarked:SwordAndMagic"],"picked":"theMarked:Aftermath","floor":0},{"not_picked":["theMarked:Parkour","theMarked:SwordAndMagic"],"picked":"theMarked:WardOff","floor":0},{"not_picked":["theMarked:Frustration","theMarked:CreepingChasm"],"picked":"theMarked:ShockingTouch","floor":0},{"not_picked":["theMarked:BanishingWave","theMarked:Opportunist"],"picked":"theMarked:AttractMetal","floor":0},{"not_picked":["theMarked:ReduceFriction","theMarked:TwofoldDefense"],"picked":"theMarked:Improvise","floor":0},{"not_picked":["theMarked:Overcharge","theMarked:BanishingStrike","theMarked:Improvise"],"picked":"SKIP","floor":1},{"not_picked":["theMarked:EmpowerWeapon","theMarked:SwordAndMagic","theMarked:BanishingStrike"],"picked":"SKIP","floor":5},{"not_picked":["theMarked:Electrocute","theMarked:Parkour","theMarked:WastefulAttack"],"picked":"SKIP","floor":6},{"not_picked":["theMarked:Aftermath","theMarked:Frustration"],"picked":"theMarked:WardOff","floor":8},{"not_picked":["theMarked:ResourceFulStrike","theMarked:RepellingDischarge","theMarked:ChainLightning"],"picked":"SKIP","floor":10},{"not_picked":["theMarked:LightningStrikesTwice","theMarked:ElectricStrings","theMarked:AttractMetal"],"picked":"SKIP","floor":11},{"not_picked":["theMarked:HeightenedSenses","theMarked:ElementalBlade","theMarked:ParalyzingBlade"],"picked":"SKIP","floor":12},{"not_picked":["theMarked:Improvise","theMarked:Aftermath","theMarked:Overthink"],"picked":"SKIP","floor":13},{"not_picked":["theMarked:Improvise","theMarked:RogueSparks"],"picked":"theMarked:EternalStudent","floor":16}],"player_experience":362996,"relics_obtained":[{"floor":6,"key":"PreservedInsect"},{"floor":8,"key":"CeramicFish"},{"floor":9,"key":"Bromod:ArcaneNullifier"},{"floor":13,"key":"Letter Opener"}],"event_choices":[{"cards_removed":["theMarked:MaelstromOfLightning"],"damage_healed":0,"gold_gain":0,"player_choice":"Card Removal","damage_taken":0,"max_hp_gain":0,"max_hp_loss":0,"event_name":"The Cleric","floor":2,"gold_loss":50},{"damage_healed":0,"gold_gain":100,"player_choice":"Pray","damage_taken":0,"max_hp_gain":0,"max_hp_loss":0,"event_name":"Golden Shrine","floor":3,"gold_loss":0}],"is_beta":false,"boss_relics":[],"items_purged_floors":[4],"is_endless":false,"potions_floor_spawned":[1,5,6,10],"killed_by":"Fading Forest","ascension_level":1}}