{"host":"359hz4210ybch7ku","time":1609813664,"event":{"mods":["BaseMod","Block Reminder","Colored Map","Colored Powertips","Highlight Path","Minty Spire (QoL Compilation)","Slay the Relics Exporter","StSLib"],"gold_per_floor":[112,13,27,202,217,217,46,46,96,113,113,137,137,179,179,314,314,314,314],"floor_reached":18,"playtime":729,"items_purged":["Defend_P","Doubt"],"score":182,"play_id":"058791a5-d98b-4ee3-95ee-99cd0de612fe","local_time":"20210104182744","is_ascension_mode":true,"campfire_choices":[{"data":"Wallop","floor":6,"key":"SMITH"},{"data":"SignatureMove","floor":8,"key":"SMITH"},{"data":"PathToVictory","floor":15,"key":"SMITH"}],"circlet_count":0,"master_deck":["Strike_P","Strike_P+1","Strike_P","Strike_P+1","Defend_P","Defend_P","Defend_P","Eruption","Vigilance","PathToVictory+1","Protect","Wallop+1","PathToVictory","SignatureMove+1","Consecrate","Scrawl"],"relics":["PureWater","NeowsBlessing","PreservedInsect","Golden Idol","CeramicFish","Darkstone Periapt","Velvet Choker"],"acts_visited":["Exordium","TheCity"],"potions_floor_usage":[16,18],"damage_taken":[{"damage":0,"enemies":"2 Louse","floor":1,"turns":1},{"damage":0,"enemies":"Small Slimes","floor":3,"turns":1},{"damage":0,"enemies":"Jaw Worm","floor":5,"turns":1},{"damage":0,"enemies":"Large Slime","floor":10,"turns":2},{"damage":13,"enemies":"Gremlin Nob","floor":14,"turns":3},{"damage":19,"enemies":"The Guardian","floor":16,"turns":7},{"damage":76,"enemies":"Spheric Guardian","floor":18,"turns":5}],"seed_played":"8745294144727930636","potions_obtained":[{"floor":5,"key":"DuplicationPotion"},{"floor":16,"key":"Fruit Juice"}],"is_trial":false,"path_per_floor":["M","$","M","?","M","R","$","R","T","M","?","T","?","E","R","B",null,"M"],"character_chosen":"WATCHER","items_purchased":["Protect","SignatureMove"],"campfire_rested":0,"item_purchase_floors":[2,7],"current_hp_per_floor":[72,72,72,72,72,72,72,72,72,72,67,67,54,41,41,22,67,0,0],"gold":314,"neow_bonus":"THREE_ENEMY_KILL","is_daily":false,"chose_seed":false,"campfire_upgraded":3,"win_rate":0.0,"timestamp":1609813664,"path_taken":["M","$","M","?","M","R","$","R","T","M","?","?","?","E","R","BOSS","M"],"items_purchased_type":["Card","Card"],"build_version":"2020-12-22","purchased_purges":2,"victory":false,"max_hp_per_floor":[72,72,72,72,72,72,72,72,72,72,67,67,67,67,67,67,67,72,72],"card_choices":[{"not_picked":["Conclude","Weave"],"picked":"PathToVictory","floor":1},{"not_picked":["CrushJoints","ThirdEye"],"picked":"Wallop","floor":3},{"not_picked":["Protect","CutThroughFate"],"picked":"PathToVictory","floor":5},{"not_picked":["Perseverance","JustLucky","FlurryOfBlows"],"picked":"SKIP","floor":10},{"not_picked":["Crescendo","EmptyFist"],"picked":"Consecrate","floor":14},{"not_picked":["Alpha","Establishment"],"picked":"Scrawl","floor":16}],"player_experience":141727,"relics_obtained":[{"floor":9,"key":"PreservedInsect"},{"floor":12,"key":"CeramicFish"},{"floor":14,"key":"Darkstone Periapt"}],"event_choices":[{"damage_healed":0,"gold_gain":175,"player_choice":"AGREE","damage_taken":0,"max_hp_gain":0,"max_hp_loss":0,"event_name":"Liars Game","floor":4,"gold_loss":0,"cards_obtained":["Doubt"]},{"damage_healed":0,"gold_gain":0,"player_choice":"Lose Max HP","damage_taken":0,"relics_obtained":["Golden Idol"],"max_hp_gain":0,"max_hp_loss":5,"event_name":"Golden Idol","floor":11,"gold_loss":0},{"damage_healed":0,"gold_gain":0,"player_choice":"Entered Light","damage_taken":13,"max_hp_gain":0,"max_hp_loss":0,"event_name":"Shining Light","floor":13,"gold_loss":0,"cards_upgraded":["Strike_P","Strike_P"]}],"is_beta":false,"boss_relics":[{"not_picked":["Coffee Dripper","Ectoplasm"],"picked":"Velvet Choker"}],"items_purged_floors":[2,7],"is_endless":false,"potions_floor_spawned":[5,16],"killed_by":"Spheric Guardian","ascension_level":3}}