{"host":"sl4rf9j4s63ev6os","time":1609850306,"event":{"mods":["AchievementEnabler","BaseMod","Colored Map","Colored Powertips","DeckTracker","Minty Spire (QoL Compilation)","Relic Sorter"],"gold_per_floor":[114,114,43,43,7,33,33,67,90,90,90],"floor_reached":10,"playtime":518,"items_purged":[],"score":76,"play_id":"b8081447-4df5-4ac7-931b-5459d04a75a0","local_time":"20210105223826","is_ascension_mode":true,"campfire_choices":[],"circlet_count":0,"master_deck":["Strike_G","Strike_G","Strike_G","Strike_G","Strike_G","Defend_G","Defend_G","Defend_G","Defend_G","Survivor","Neutralize","Reflex","Noxious Fumes","Accuracy","Infinite Blades","Corpse Explosion","Noxious Fumes"],"relics":["Ring of the Snake","Peace Pipe","Vajra"],"acts_visited":["Exordium"],"potions_floor_usage":[8,10],"damage_taken":[{"damage":0,"enemies":"Small Slimes","floor":1,"turns":5},{"damage":28,"enemies":"3 Sentries","floor":6,"turns":8},{"damage":35,"enemies":"Lagavulin","floor":8,"turns":7},{"damage":19,"enemies":"3 Sentries","floor":10,"turns":2}],"seed_played":"-6985172986716666521","potions_obtained":[{"floor":1,"key":"Swift Potion"},{"floor":8,"key":"FearPotion"}],"is_trial":false,"path_per_floor":["M","?","$","?","$","E","$","E","T","E"],"character_chosen":"THE_SILENT","items_purchased":["Noxious Fumes","Infinite Blades"],"campfire_rested":0,"item_purchase_floors":[3,5],"current_hp_per_floor":[77,82,82,82,82,54,54,19,19,0,0],"gold":90,"neow_bonus":"TEN_PERCENT_HP_BONUS","is_daily":false,"chose_seed":false,"campfire_upgraded":0,"win_rate":0.0,"timestamp":1609850306,"path_taken":["M","?","$","?","?","E","$","E","T","E"],"items_purchased_type":["Card","Card"],"build_version":"2020-12-22","purchased_purges":0,"victory":false,"max_hp_per_floor":[77,82,82,82,82,82,82,82,82,82,82],"card_choices":[{"not_picked":["Deflect","Blur"],"picked":"Reflex","floor":1},{"not_picked":["Poisoned Stab","Endless Agony"],"picked":"Corpse Explosion","floor":6},{"not_picked":["Poisoned Stab","Caltrops"],"picked":"Noxious Fumes","floor":8}],"player_experience":182569,"relics_obtained":[{"floor":6,"key":"Peace Pipe"},{"floor":8,"key":"Vajra"}],"event_choices":[{"damage_healed":0,"gold_gain":0,"player_choice":"Donut","damage_taken":0,"max_hp_gain":5,"max_hp_loss":0,"event_name":"Big Fish","floor":2,"gold_loss":0},{"damage_healed":0,"gold_gain":0,"cards_transformed":["Defend_G"],"player_choice":"Change","damage_taken":0,"max_hp_gain":0,"max_hp_loss":0,"event_name":"Living Wall","floor":4,"gold_loss":0,"cards_obtained":["Accuracy"]}],"is_beta":false,"boss_relics":[],"items_purged_floors":[],"is_endless":false,"potions_floor_spawned":[1,8],"killed_by":"3 Sentries","ascension_level":1}}