{"host":"dh8vptmequbrae31","time":1609879835,"event":{"mods":["2.2 Compatiblity","AchievementEnabler","BaseMod","Colored Map","Evolution","Minty Spire (QoL Compilation)","Td1madao Mod"],"gold_per_floor":[119,137,137,148,168,168,178,209,209,61,91,91,16,81,81,182,182,196,196,96,126,150,183,183,212,212,8,8,38,55,155,155,265,324,352,352,50,64,82,82,21,63,63,75,121,189,201,69,69,69,69,69,17,42,42,42],"floor_reached":55,"playtime":6253,"items_purged":["Defend_P","Writhe","Pain"],"score":952,"play_id":"a7412583-896a-40e0-bd7f-483d15c03d10","local_time":"20210105155035","is_ascension_mode":true,"campfire_choices":[{"data":"Eruption","floor":6.0,"key":"SMITH"},{"data":"Fasting2","floor":12.0,"key":"SMITH"},{"floor":15.0,"key":"RECALL"},{"data":"DevaForm","floor":24.0,"key":"SMITH"},{"data":"ThirdEye","floor":28.0,"key":"SMITH"},{"floor":32.0,"key":"REST"},{"data":"ConjureBlade","floor":40.0,"key":"SMITH"},{"data":"Study","floor":44.0,"key":"SMITH"},{"data":"Fasting2","floor":49.0,"key":"SMITH"},{"data":"SashWhip","floor":52,"key":"SMITH"}],"circlet_count":0,"master_deck":["SashWhip+1","BowlingBash","FlyingSleeves","EmptyFist+1","EmptyBody+1","ThirdEye+1","Evaluate","Eruption+1","Vigilance","FollowUp","FlurryOfBlows","Fasting2+1","Consecrate","Wireheading","DevaForm+1","WindmillStrike+1","ConjureBlade+1","Fasting2+1","FearNoEvil+1","Study+1","Tantrum","Protect+1","SandsOfTime"],"relics":["EVO:Axolotl","SlaversCollar","NlothsMask","Oddly Smooth Stone","Akabeko","Lantern","StrikeDummy","Cursed Key","Blood Vial","Red Mask","Vajra","Letter Opener","Omamori","CeramicFish","StoneCalendar","Mummified Hand","Tiny House","InkBottle","Whetstone","TheAbacus","TeardropLocket","MawBank","Art of War","GoldenEye","ClockworkSouvenir","Gambling Chip"],"acts_visited":["Exordium","TheCity","TheBeyond","TheEnding"],"potions_floor_usage":[50],"damage_taken":[{"damage":0.0,"enemies":"Cultist","floor":1.0,"turns":3.0},{"damage":2.0,"enemies":"Jaw Worm","floor":2.0,"turns":3.0},{"damage":0.0,"enemies":"Small Slimes","floor":4.0,"turns":3.0},{"damage":2.0,"enemies":"Blue Slaver","floor":5.0,"turns":2.0},{"damage":0.0,"enemies":"3 Louse","floor":7.0,"turns":1.0},{"damage":0.0,"enemies":"3 Sentries","floor":8.0,"turns":3.0},{"damage":6.0,"enemies":"Gremlin Nob","floor":11.0,"turns":3.0},{"damage":0.0,"enemies":"Gremlin Nob","floor":14.0,"turns":2.0},{"damage":0.0,"enemies":"Slime Boss","floor":16.0,"turns":3.0},{"damage":0.0,"enemies":"Spheric Guardian","floor":18.0,"turns":2.0},{"damage":18.0,"enemies":"Masked Bandits","floor":21.0,"turns":4.0},{"damage":4.0,"enemies":"Gremlin Leader","floor":23.0,"turns":3.0},{"damage":8.0,"enemies":"Slavers","floor":25.0,"turns":5.0},{"damage":8.0,"enemies":"Book of Stabbing","floor":29.0,"turns":3.0},{"damage":10.0,"enemies":"3 Byrds","floor":30.0,"turns":3.0},{"damage":0.0,"enemies":"Colosseum Slavers","floor":31.0,"turns":3.0},{"damage":5.0,"enemies":"Colosseum Nobs","floor":31.0,"turns":4.0},{"damage":27.0,"enemies":"Automaton","floor":33.0,"turns":7.0},{"damage":14.0,"enemies":"3 Darklings","floor":35.0,"turns":4.0},{"damage":0.0,"enemies":"Orb Walker","floor":38.0,"turns":2.0},{"damage":12.0,"enemies":"3 Darklings","floor":39.0,"turns":4.0},{"damage":15.0,"enemies":"Giant Head","floor":42.0,"turns":6.0},{"damage":13.0,"enemies":"Reptomancer","floor":45.0,"turns":3.0},{"damage":42.0,"enemies":"2 Orb Walkers","floor":46.0,"turns":5.0},{"damage":59,"enemies":"Awakened One","floor":50,"turns":11},{"damage":63,"enemies":"Shield and Spear","floor":54,"turns":6},{"damage":6,"enemies":"The Heart","floor":55,"turns":2}],"seed_played":"591900308840322663","potions_obtained":[{"floor":4.0,"key":"FearPotion"},{"floor":5.0,"key":"Fire Potion"},{"floor":7.0,"key":"FearPotion"},{"floor":11.0,"key":"BottledMiracle"},{"floor":14.0,"key":"Block Potion"},{"floor":29.0,"key":"FairyPotion"},{"floor":30.0,"key":"BottledMiracle"},{"floor":31.0,"key":"SteroidPotion"},{"floor":33.0,"key":"Dexterity Potion"},{"floor":34.0,"key":"PowerPotion"},{"floor":42.0,"key":"BlessingOfTheForge"}],"is_trial":false,"path_per_floor":["M","M","?","M","M","R","M","E","T","$","E","R","$","?","R","B",null,"M","?","$","?","T","E","R","E","T","$","R","E","M","?","R","B",null,"M","?","$","M","M","R","$","E","T","R","E","?","?","$","R","B",null,"R","$","E","B"],"character_chosen":"WATCHER","items_purchased":["Akabeko","WindmillStrike","Whetstone","TheAbacus","Study","ClockworkSouvenir","Strength Potion"],"campfire_rested":1,"item_purchase_floors":[10,27,37,37,41,48,53],"current_hp_per_floor":[72,70,70,70,68,68,68,68,68,68,62,62,62,62,62,62,72,72,72,72,54,54,52,52,46,46,46,46,40,32,31,52,27,77,63,63,63,65,55,55,55,42,42,42,31,15,67,67,67,8,67,67,67,4,0,0],"gold":42,"neow_bonus":"BOSS_RELIC","is_daily":false,"chose_seed":false,"campfire_upgraded":8,"win_rate":0.0,"timestamp":1609879835,"path_taken":["M","M","?","?","M","R","M","E","T","$","E","R","$","?","R","BOSS","M","?","$","?","?","E","R","E","T","$","R","E","M","?","R","BOSS","M","?","$","M","?","R","$","E","T","R","E","?","?","$","R","BOSS","R","$","E","BOSS"],"items_purchased_type":["Relic","Card","Relic","Relic","Card","Relic","Potion"],"build_version":"2020-12-22","purchased_purges":3,"victory":false,"max_hp_per_floor":[72,72,72,72,72,72,72,72,72,72,72,72,72,72,72,72,72,72,72,72,72,72,72,72,72,72,72,72,72,72,72,72,72,77,77,77,77,77,77,77,77,77,77,77,77,77,67,67,67,67,67,67,67,67,67,67],"card_choices":[{"not_picked":["ClearTheMind","EmptyFist"],"picked":"FollowUp","floor":1.0},{"not_picked":["JustLucky","Perseverance"],"picked":"FlurryOfBlows","floor":2.0},{"not_picked":["WaveOfTheHand","Nirvana","Pray"],"picked":"SKIP","floor":4.0},{"not_picked":["BowlingBash","Omniscience"],"picked":"Fasting2","floor":5.0},{"not_picked":["PathToVictory","JustLucky"],"picked":"Consecrate","floor":7.0},{"not_picked":["Study","CutThroughFate"],"picked":"Wireheading","floor":8.0},{"not_picked":["EmptyBody","Ragnarok","Devotion"],"picked":"SKIP","floor":11.0},{"not_picked":["SpiritShield","Ragnarok"],"picked":"DevaForm","floor":16.0},{"not_picked":["JustLucky","Halt","ThirdEye+1"],"picked":"SKIP","floor":18.0},{"not_picked":["EmptyMind","Brilliance","CutThroughFate"],"picked":"SKIP","floor":23.0},{"not_picked":["DeceiveReality","FlurryOfBlows","Collect"],"picked":"SKIP","floor":25.0},{"not_picked":["ClearTheMind","Sanctity","Evaluate"],"picked":"SKIP","floor":29.0},{"not_picked":["FlurryOfBlows","ClearTheMind","MentalFortress"],"picked":"SKIP","floor":30.0},{"not_picked":["LessonLearned","Vault"],"picked":"ConjureBlade","floor":33.0},{"not_picked":["JustLucky","EmptyMind"],"picked":"Fasting2","floor":34.0},{"not_picked":["EmptyBody","LikeWater"],"picked":"FearNoEvil+1","floor":35.0},{"not_picked":["Perseverance+1","PathToVictory","Nirvana+1"],"picked":"SKIP","floor":38.0},{"not_picked":["Evaluate+1","SashWhip","Crescendo+1"],"picked":"SKIP","floor":39.0},{"not_picked":["CrushJoints+1","LessonLearned"],"picked":"Tantrum","floor":42.0},{"not_picked":["DeusExMachina","FollowUp+1"],"picked":"Protect+1","floor":45.0},{"not_picked":["CrushJoints+1","JustLucky"],"picked":"SandsOfTime","floor":46.0},{"not_picked":["ThirdEye+1","Establishment","Protect"],"picked":"SKIP","floor":54}],"player_experience":224240,"relics_obtained":[{"floor":8.0,"key":"Oddly Smooth Stone"},{"floor":11.0,"key":"Lantern"},{"floor":14.0,"key":"StrikeDummy"},{"floor":21.0,"key":"Red Mask"},{"floor":22.0,"key":"Vajra"},{"floor":23.0,"key":"Letter Opener"},{"floor":25.0,"key":"Omamori"},{"floor":29.0,"key":"CeramicFish"},{"floor":31.0,"key":"StoneCalendar"},{"floor":31.0,"key":"Mummified Hand"},{"floor":36.0,"key":"InkBottle"},{"floor":42.0,"key":"TeardropLocket"},{"floor":43.0,"key":"MawBank"},{"floor":45.0,"key":"Art of War"},{"floor":46.0,"key":"GoldenEye"},{"floor":54,"key":"Gambling Chip"}],"event_choices":[{"damage_healed":0.0,"max_hp_gain":0.0,"max_hp_loss":0.0,"gold_gain":0.0,"event_name":"FaceTrader","player_choice":"Trade","floor":3.0,"gold_loss":0.0,"damage_taken":0.0,"relics_obtained":["NlothsMask"]},{"damage_healed":0.0,"max_hp_gain":0.0,"max_hp_loss":0.0,"gold_gain":0.0,"event_name":"Dead Adventurer","player_choice":"Searched \u00271\u0027 times","floor":14.0,"gold_loss":0.0,"damage_taken":0.0},{"damage_healed":0.0,"max_hp_gain":0.0,"max_hp_loss":0.0,"gold_gain":0.0,"event_name":"The Mausoleum","player_choice":"Opened","floor":19.0,"gold_loss":0.0,"damage_taken":0.0,"relics_obtained":["Blood Vial"],"cards_obtained":["Writhe"]},{"damage_healed":0.0,"max_hp_gain":0.0,"max_hp_loss":0.0,"gold_gain":0.0,"event_name":"Masked Bandits","player_choice":"Fought Bandits","floor":21.0,"gold_loss":0.0,"damage_taken":0.0},{"damage_healed":0.0,"max_hp_gain":0.0,"max_hp_loss":0.0,"gold_gain":0.0,"event_name":"Colosseum","player_choice":"Fight","floor":31.0,"gold_loss":0.0,"damage_taken":0.0},{"damage_healed":0.0,"max_hp_gain":0.0,"max_hp_loss":0.0,"gold_gain":0.0,"event_name":"Colosseum","player_choice":"Fought Nobs","floor":31.0,"gold_loss":0.0,"damage_taken":0.0},{"damage_healed":0.0,"max_hp_gain":0.0,"max_hp_loss":0.0,"gold_gain":0.0,"event_name":"Wheel of Change","player_choice":"Relic","floor":36.0,"gold_loss":0.0,"damage_taken":0.0},{"damage_healed":0.0,"max_hp_gain":0.0,"max_hp_loss":0.0,"gold_gain":0.0,"event_name":"Mysterious Sphere","player_choice":"Fight","floor":46.0,"gold_loss":0.0,"damage_taken":0.0},{"damage_healed":67.0,"max_hp_gain":0.0,"max_hp_loss":10.0,"gold_gain":0.0,"event_name":"The Moai Head","player_choice":"Heal","floor":47.0,"gold_loss":0.0,"damage_taken":0.0}],"is_beta":false,"boss_relics":[{"not_picked":["Runic Dome","Sozu"],"picked":"Cursed Key"},{"not_picked":["Runic Pyramid","Empty Cage"],"picked":"Tiny House"}],"items_purged_floors":[13,20,27],"is_endless":false,"potions_floor_spawned":[4,5,7,11,14,29,30,31,33,35,42],"killed_by":"The Heart","ascension_level":1}}