{"host":"l2dnabsh5e0fsksb","time":1609829454,"event":{"mods":["2.2 Compatiblity","BaseMod","Downfall","Minty Spire (QoL Compilation)","Quick Restart","StSLib"],"gold_per_floor":[199,209,225,245,256,272,296,322,322,349,369,369,369,369],"floor_reached":12,"playtime":770,"items_purged":[],"score":110,"play_id":"ca6a7ae3-73be-459d-a5dd-61662213616a","local_time":"20210105172054","is_ascension_mode":true,"campfire_choices":[{"floor":1,"key":"RECALL"}],"circlet_count":0,"master_deck":["champ:Strike","champ:Strike","champ:Strike","champ:Strike","champ:Defend","champ:Defend","champ:Defend","champ:Defend","champ:Execute","champ:Taunt","champ:AdrenalArmor","champ:BringItOn","champ:EnchantShield","champ:Control","champ:Backstep","champ:FlashCut","champ:Balance","champ:EnGarde"],"relics":["champ:ChampionCrown","Blood Vial","Tiny Chest","FaceOfCleric","Art of War"],"acts_visited":["Exordium"],"potions_floor_usage":[8,12,12],"damage_taken":[{"damage":8,"enemies":"Cultist","floor":2,"turns":4},{"damage":12,"enemies":"Small Slimes","floor":3,"turns":5},{"damage":3,"enemies":"Jaw Worm","floor":4,"turns":4},{"damage":9,"enemies":"3 Louse","floor":5,"turns":4},{"damage":13,"enemies":"Gremlin Gang","floor":6,"turns":7},{"damage":52,"enemies":"Gremlin Nob","floor":8,"turns":6},{"damage":24,"enemies":"Lagavulin","floor":10,"turns":10},{"damage":22,"enemies":"2 Fungi Beasts","floor":11,"turns":4},{"damage":13,"enemies":"3 Sentries","floor":12,"turns":4}],"seed_played":"3368098806181397185","potions_obtained":[{"floor":3,"key":"FearPotion"},{"floor":4,"key":"champ:OpenerPotion"},{"floor":5,"key":"Ancient Potion"},{"floor":11,"key":"Guardian:BlockOnCardUsePotion"}],"is_trial":false,"path_per_floor":["R","M","M","M","M","M","T","E","?","E","M","E"],"character_chosen":"THE_CHAMP","items_purchased":[],"campfire_rested":0,"item_purchase_floors":[],"current_hp_per_floor":[90,90,89,88,88,81,81,38,38,23,11,0,0,0],"gold":369,"neow_bonus":"HUNDRED_GOLD","is_daily":false,"chose_seed":false,"campfire_upgraded":0,"win_rate":0.0,"timestamp":1609829454,"path_taken":["R","M","?","M","M","M","T","E","?","E","?","E"],"items_purchased_type":[],"build_version":"2020-12-22","purchased_purges":0,"victory":false,"max_hp_per_floor":[90,90,90,90,90,90,90,90,90,91,92,92,92,92],"card_choices":[{"not_picked":["champ:Riposte","champ:FightOn"],"picked":"champ:AdrenalArmor","floor":2},{"not_picked":["champ:RageSigil","champ:AdrenalArmor"],"picked":"champ:BringItOn","floor":3},{"not_picked":["champ:TornadoPunch","champ:RageSigil"],"picked":"champ:EnchantShield","floor":4},{"not_picked":["champ:ShieldSigil","champ:FalseCounter"],"picked":"champ:Control","floor":5},{"not_picked":["champ:TornadoPunch","champ:DefensiveShout"],"picked":"champ:Backstep","floor":6},{"not_picked":["champ:FanOfKnives","champ:PreciseThrust"],"picked":"champ:FlashCut","floor":8},{"not_picked":["champ:BerserkersShout","champ:PreciseThrust"],"picked":"champ:Balance","floor":10},{"not_picked":["champ:FanOfKnives","champ:Riposte"],"picked":"champ:EnGarde","floor":11}],"player_experience":1738111,"relics_obtained":[{"floor":7,"key":"Blood Vial"},{"floor":8,"key":"Tiny Chest"},{"floor":10,"key":"Art of War"}],"event_choices":[{"damage_healed":0,"gold_gain":0,"player_choice":"Trade","damage_taken":0,"relics_obtained":["FaceOfCleric"],"max_hp_gain":0,"max_hp_loss":0,"event_name":"FaceTrader","floor":9,"gold_loss":0}],"is_beta":false,"boss_relics":[],"items_purged_floors":[],"is_endless":false,"potions_floor_spawned":[3,4,5,11],"killed_by":"3 Sentries","ascension_level":4}}