{"host":"dmdprxj8bosbz96f","time":1609887752,"event":{"mods":["AchievementEnabler","BaseMod","Colored Map","DeckTracker","Minty Spire (QoL Compilation)","Quick Restart","SuperFastMode","everything is the same but u backflip on backflip"],"gold_per_floor":[117,42,42,87,104,137,137,154,154,169,169,180,198,198,198,300,300,316,316,316,336,348,374,374,387,387,15,50,50,62,72,72,72,72],"floor_reached":33,"playtime":978,"items_purged":["Seeing Red","Writhe"],"score":390,"play_id":"1d990c01-17e0-4c28-b9e4-71739a9bf4ba","local_time":"20210106080232","is_ascension_mode":true,"campfire_choices":[{"floor":7.0,"key":"REST"},{"floor":11.0,"key":"REST"},{"data":"Perfected Strike","floor":15.0,"key":"SMITH"},{"data":"Perfected Strike","floor":24.0,"key":"SMITH"},{"floor":29,"key":"REST"},{"floor":32,"key":"REST"}],"circlet_count":0,"master_deck":["Strike_R+1","Strike_R+1","Strike_R+1","Strike_R+1","Strike_R+1","Defend_R+1","Defend_R+1","Defend_R+1","Bash+1","Pommel Strike","Carnage","Battle Trance","Perfected Strike+1","Double Tap","Perfected Strike+1","Intimidate","Wild Strike","Twin Strike","Bloodletting+1","Seeing Red","Headbutt","Wild Strike","Perfected Strike+1"],"relics":["Mark of Pain","Bag of Preparation","StrikeDummy","Whetstone","Snecko Eye","Mummified Hand","PreservedInsect","Ancient Tea Set","HandDrill","Question Card"],"acts_visited":["Exordium","TheCity"],"potions_floor_usage":[31],"damage_taken":[{"damage":8.0,"enemies":"Small Slimes","floor":1.0,"turns":4.0},{"damage":12.0,"enemies":"Jaw Worm","floor":5.0,"turns":5.0},{"damage":40.0,"enemies":"Lagavulin","floor":6.0,"turns":6.0},{"damage":0.0,"enemies":"Cultist","floor":8.0,"turns":2.0},{"damage":15.0,"enemies":"Gremlin Gang","floor":10.0,"turns":2.0},{"damage":0.0,"enemies":"Large Slime","floor":12.0,"turns":3.0},{"damage":0.0,"enemies":"Looter","floor":13.0,"turns":1.0},{"damage":0.0,"enemies":"Slime Boss","floor":16.0,"turns":5.0},{"damage":2.0,"enemies":"2 Thieves","floor":18.0,"turns":3.0},{"damage":0.0,"enemies":"Spheric Guardian","floor":21.0,"turns":1.0},{"damage":0.0,"enemies":"Centurion and Healer","floor":22.0,"turns":2.0},{"damage":23.0,"enemies":"Book of Stabbing","floor":23.0,"turns":3.0},{"damage":32.0,"enemies":"Shelled Parasite and Fungi","floor":25.0,"turns":4.0},{"damage":5,"enemies":"Gremlin Leader","floor":28,"turns":2},{"damage":3,"enemies":"Snecko","floor":30,"turns":2},{"damage":3,"enemies":"Cultist and Chosen","floor":31,"turns":2},{"damage":61,"enemies":"Champ","floor":33,"turns":7}],"seed_played":"3547709177209156702","potions_obtained":[{"floor":5.0,"key":"Weak Potion"},{"floor":6.0,"key":"HeartOfIron"},{"floor":10.0,"key":"ColorlessPotion"},{"floor":18.0,"key":"SpeedPotion"},{"floor":22.0,"key":"PowerPotion"},{"floor":30,"key":"Fire Potion"}],"is_trial":false,"path_per_floor":["M","$","?","T","M","E","R","M","T","M","R","M","M","?","R","B",null,"M","?","?","M","M","E","R","M","T","$","E","R","M","M","R","B"],"character_chosen":"IRONCLAD","items_purchased":["HandDrill","Seeing Red","Headbutt"],"campfire_rested":4,"item_purchase_floors":[27,27,27],"current_hp_per_floor":[72,72,65,65,53,13,37,37,37,22,46,46,46,46,46,46,80,78,78,78,78,78,55,55,23,23,23,18,42,39,36,60,0,0],"gold":72,"neow_bonus":"BOSS_RELIC","is_daily":false,"chose_seed":false,"campfire_upgraded":2,"win_rate":0.0,"timestamp":1609887752,"path_taken":["M","$","?","?","?","E","R","?","T","M","R","M","M","?","R","BOSS","M","?","?","M","M","E","R","M","T","$","E","R","M","M","R","BOSS"],"items_purchased_type":["Relic","Card","Card"],"build_version":"2020-12-22","purchased_purges":2,"victory":false,"max_hp_per_floor":[80,80,80,80,80,80,80,80,80,80,80,80,80,80,80,80,80,80,80,80,80,80,80,80,80,80,80,80,80,80,80,80,80,80],"card_choices":[{"not_picked":["Cleave","Pummel"],"picked":"Seeing Red","floor":1.0},{"not_picked":["Havoc","Twin Strike"],"picked":"Pommel Strike","floor":5.0},{"not_picked":["Feed","Havoc"],"picked":"Carnage","floor":6.0},{"not_picked":["Havoc","Shockwave"],"picked":"Battle Trance","floor":8.0},{"not_picked":["Heavy Blade","Body Slam"],"picked":"Perfected Strike","floor":10.0},{"not_picked":["Clothesline","Havoc","Entrench"],"picked":"SKIP","floor":12.0},{"not_picked":["Hemokinesis","Clothesline","Iron Wave"],"picked":"SKIP","floor":13.0},{"not_picked":["Juggernaut","Reaper"],"picked":"Double Tap","floor":16.0},{"not_picked":["Flex","Spot Weakness+1"],"picked":"Perfected Strike","floor":18.0},{"not_picked":["Flex","Body Slam+1"],"picked":"Intimidate","floor":21.0},{"not_picked":["Clash+1","Iron Wave"],"picked":"Wild Strike","floor":22.0},{"not_picked":["Anger","Pummel+1"],"picked":"Twin Strike","floor":23.0},{"not_picked":["Clash","Heavy Blade"],"picked":"Bloodletting+1","floor":25.0},{"not_picked":["Clash+1","Evolve"],"picked":"Wild Strike","floor":28},{"not_picked":["Carnage","Ghostly Armor","Fire Breathing","Limit Break"],"picked":"SKIP","floor":30},{"not_picked":["Body Slam","Twin Strike","Flex"],"picked":"Perfected Strike+1","floor":31}],"player_experience":145053,"relics_obtained":[{"floor":4.0,"key":"Bag of Preparation"},{"floor":6.0,"key":"StrikeDummy"},{"floor":9.0,"key":"Whetstone"},{"floor":23.0,"key":"PreservedInsect"},{"floor":26.0,"key":"Ancient Tea Set"},{"floor":28,"key":"Question Card"}],"event_choices":[{"cards_removed":["Defend_R"],"damage_healed":0.0,"max_hp_gain":0.0,"max_hp_loss":0.0,"gold_gain":0.0,"event_name":"Golden Wing","player_choice":"Card Removal","floor":3.0,"gold_loss":0.0,"damage_taken":7.0},{"damage_healed":0.0,"max_hp_gain":0.0,"max_hp_loss":0.0,"gold_gain":0.0,"event_name":"Liars Game","player_choice":"Ignored","floor":14.0,"gold_loss":0.0,"damage_taken":0.0},{"damage_healed":0.0,"max_hp_gain":0.0,"max_hp_loss":0.0,"gold_gain":0.0,"event_name":"The Mausoleum","player_choice":"Opened","floor":19.0,"gold_loss":0.0,"damage_taken":0.0,"relics_obtained":["Mummified Hand"],"cards_obtained":["Writhe"]},{"damage_healed":0.0,"max_hp_gain":0.0,"max_hp_loss":0.0,"gold_gain":0.0,"event_name":"Back to Basics","player_choice":"Simplicity","floor":20.0,"gold_loss":0.0,"damage_taken":0.0,"cards_upgraded":["Strike_R","Strike_R","Strike_R","Strike_R","Defend_R","Defend_R","Defend_R"]}],"is_beta":false,"boss_relics":[{"not_picked":["Runic Dome","Tiny House"],"picked":"Snecko Eye"}],"items_purged_floors":[2,27],"is_endless":false,"potions_floor_spawned":[5,6,10,18,22,30],"killed_by":"Champ","ascension_level":3}}