{"host":"ig7tc0uedzltt2sr","time":1609826226,"event":{"mods":["BaseMod","Better Twitch Integration","Block Reminder","Colored Map","Colored Powertips","Communication Mod","Current Relic Mod","GifTheSpireLib","HexUI Lib","Minty Spire (QoL Compilation)","Quick Restart","Random Character Button","Rare Cards Sparkle","Relic Sorter","Relic Stats","Slay the Relics Exporter","StSLib","SuperFastMode","Synergy Search","Twitch Decklist","Twitch Utils","everything is the same but u backflip on backflip","slay the spire mod where everything is the same but ironclad has a cowboy hat"],"gold_per_floor":[112,112,112,132,148,148,148],"floor_reached":6,"playtime":34,"items_purged":[],"score":36,"play_id":"31e9360b-4b43-4c35-b56d-58295c0d36c4","local_time":"20210104215706","is_ascension_mode":false,"campfire_choices":[],"circlet_count":0,"master_deck":["Strike_R","Strike_R","Strike_R","Strike_R","Strike_R","Defend_R","Defend_R","Defend_R","Defend_R","Bash","Intimidate","Dropkick","Carnage"],"relics":["Burning Blood","NeowsBlessing","Orichalcum"],"acts_visited":["Exordium"],"potions_floor_usage":[],"damage_taken":[{"damage":0,"enemies":"Cultist","floor":1,"turns":1},{"damage":0,"enemies":"Small Slimes","floor":4,"turns":2},{"damage":0,"enemies":"2 Louse","floor":5,"turns":1},{"damage":92,"enemies":"Lagavulin","floor":6,"turns":12}],"seed_played":"-163641397187690514","potions_obtained":[{"floor":1,"key":"Weak Potion"},{"floor":4,"key":"EntropicBrew"}],"is_trial":false,"path_per_floor":["M","$","T","M","M","E"],"character_chosen":"IRONCLAD","items_purchased":[],"campfire_rested":0,"item_purchase_floors":[],"current_hp_per_floor":[80,80,80,80,80,0,0],"gold":148,"neow_bonus":"THREE_ENEMY_KILL","is_daily":false,"chose_seed":false,"campfire_upgraded":0,"win_rate":0.0,"timestamp":1609826226,"path_taken":["M","$","?","M","M","E"],"items_purchased_type":[],"build_version":"2020-12-22","purchased_purges":0,"victory":false,"max_hp_per_floor":[80,80,80,80,80,80,80],"relic_stats":{"counters":[4,16],"Orichalcum":[0],"obtain_stats":[{"NeowsBlessing":0,"Orichalcum":3,"Burning Blood":0},{"NeowsBlessing":0,"Orichalcum":1,"Burning Blood":0},{"NeowsBlessing":0,"Orichalcum":1,"Burning Blood":0}],"Burning Blood":0},"card_choices":[{"not_picked":["Thunderclap","Twin Strike"],"picked":"Intimidate","floor":1},{"not_picked":["Bloodletting","Seeing Red"],"picked":"Dropkick","floor":4},{"not_picked":["Intimidate","Evolve"],"picked":"Carnage","floor":5}],"player_experience":1426710,"relics_obtained":[{"floor":3,"key":"Orichalcum"}],"event_choices":[],"is_beta":false,"boss_relics":[],"items_purged_floors":[],"is_endless":false,"potions_floor_spawned":[1,4],"killed_by":"Lagavulin","ascension_level":0}}