{"host":"lpogke4cwz8zw1ju","time":1609806152,"event":{"mods":["Always Whale","BaseMod","Minty Spire (QoL Compilation)","Permanent Neow"],"gold_per_floor":[213,224,244,258,258,258,283,300,300,300,15,32,47,67,67,165,165,176,190,190,206,206,233,6,6,6,20,37,37,37,37,37,133,133,147,162,178,178,188,188,5,34,107,122,122,25,0,54,54,54],"floor_reached":51,"playtime":2364,"items_purged":["Defend_G","Defend_G"],"score":751,"play_id":"aa72d46d-ae42-411b-88c2-455f38044ef1","local_time":"20210105012232","is_ascension_mode":false,"campfire_choices":[{"data":"Neutralize","floor":6,"key":"SMITH"},{"data":"Backflip","floor":10,"key":"SMITH"},{"floor":15,"key":"REST"},{"data":"Prepared","floor":29,"key":"SMITH"},{"floor":32,"key":"REST"},{"floor":40,"key":"REST"},{"floor":45,"key":"REST"},{"data":"Finisher","floor":49,"key":"SMITH"}],"circlet_count":0,"master_deck":["Strike_G","Strike_G","Strike_G","Strike_G","Strike_G","Defend_G","Defend_G","Survivor","Neutralize+1","Backstab","Flying Knee","Prepared+1","Backflip+1","PiercingWail","Blade Dance","Flying Knee","Finisher+1","Die Die Die","Slice+1","Finisher","Accuracy+1","Blade Dance","Slice+1","Finisher+1","Swift Strike","Enlightenment","Dramatic Entrance"],"relics":["Ring of the Snake","Incense Burner","Regal Pillow","Ninja Scroll","WristBlade","Bronze Scales","Sling","Nunchaku","Dead Branch","Bird Faced Urn","Black Star","Pear","Gambling Chip","Singing Bowl","Red Mask","Calipers"],"acts_visited":["Exordium","TheCity","TheBeyond"],"potions_floor_usage":[16,50,50,50],"damage_taken":[{"damage":2,"enemies":"Jaw Worm","floor":1,"turns":4},{"damage":0,"enemies":"Cultist","floor":2,"turns":4},{"damage":0,"enemies":"Small Slimes","floor":3,"turns":2},{"damage":1,"enemies":"2 Fungi Beasts","floor":4,"turns":3},{"damage":13,"enemies":"Lagavulin","floor":7,"turns":8},{"damage":2,"enemies":"Exordium Thugs","floor":8,"turns":5},{"damage":4,"enemies":"Exordium Wildlife","floor":12,"turns":4},{"damage":0,"enemies":"2 Fungi Beasts","floor":13,"turns":2},{"damage":1,"enemies":"3 Louse","floor":14,"turns":2},{"damage":32,"enemies":"The Guardian","floor":16,"turns":9},{"damage":0,"enemies":"Shell Parasite","floor":18,"turns":2},{"damage":0,"enemies":"2 Thieves","floor":19,"turns":1},{"damage":0,"enemies":"3 Cultists","floor":21,"turns":3},{"damage":12,"enemies":"Book of Stabbing","floor":23,"turns":3},{"damage":0,"enemies":"Sentry and Sphere","floor":27,"turns":1},{"damage":0,"enemies":"Snake Plant","floor":28,"turns":1},{"damage":17,"enemies":"Collector","floor":33,"turns":3},{"damage":0,"enemies":"Orb Walker","floor":35,"turns":1},{"damage":8,"enemies":"3 Darklings","floor":36,"turns":3},{"damage":19,"enemies":"Sphere and 2 Shapes","floor":37,"turns":2},{"damage":39,"enemies":"4 Shapes","floor":39,"turns":3},{"damage":0,"enemies":"Nemesis","floor":42,"turns":1},{"damage":7,"enemies":"3 Darklings","floor":44,"turns":2},{"damage":0,"enemies":"2 Orb Walkers","floor":48,"turns":1},{"damage":38,"enemies":"Donu and Deca","floor":50,"turns":4}],"seed_played":"-8285920056805497486","potions_obtained":[{"floor":1,"key":"DistilledChaos"},{"floor":8,"key":"Explosive Potion"},{"floor":12,"key":"SkillPotion"},{"floor":16,"key":"BlessingOfTheForge"},{"floor":18,"key":"Swift Potion"},{"floor":19,"key":"AttackPotion"},{"floor":20,"key":"SteroidPotion"},{"floor":20,"key":"Strength Potion"},{"floor":20,"key":"DuplicationPotion"}],"is_trial":false,"path_per_floor":["M","M","M","M","?","R","E","M","T","R","$","M","M","M","R","B",null,"M","M","?","M","$","E","$","T","T","M","M","R","T","?","R","B",null,"M","M","M","?","M","R","$","E","T","M","R","$","?","?","R","B",null],"character_chosen":"THE_SILENT","items_purchased":["Ninja Scroll","PiercingWail","Sling","Enlightenment","Dramatic Entrance"],"campfire_rested":4,"item_purchase_floors":[11,11,24,41,46],"current_hp_per_floor":[68,68,68,67,67,67,54,52,52,52,52,48,48,47,70,38,70,70,70,70,70,70,58,58,58,58,58,58,58,58,58,70,53,70,70,64,47,47,8,44,44,54,54,49,82,82,82,84,84,48],"gold":54,"neow_bonus":"HUNDRED_GOLD","is_daily":false,"chose_seed":false,"campfire_upgraded":4,"win_rate":0.0,"timestamp":1609806152,"path_taken":["M","M","M","M","?","R","E","M","T","R","$","?","M","M","R","BOSS","M","M","?","M","?","E","$","?","T","M","?","R","?","?","R","BOSS","M","M","M","?","M","R","?","E","T","M","R","$","?","?","R","BOSS"],"items_purchased_type":["Relic","Card","Relic","Card","Card"],"build_version":"2020-12-22","purchased_purges":2,"victory":true,"max_hp_per_floor":[70,70,70,70,70,70,70,70,70,70,70,70,70,70,70,70,70,70,70,70,70,70,70,70,70,70,70,70,70,70,70,70,70,70,70,70,70,70,70,70,70,80,80,82,82,82,82,84,84,84],"card_choices":[{"not_picked":["Deadly Poison","Footwork"],"picked":"Backstab","floor":1},{"not_picked":["Expertise","Bouncing Flask"],"picked":"Flying Knee","floor":2},{"not_picked":["Dagger Throw","Flying Knee","Sucker Punch"],"picked":"SKIP","floor":3},{"not_picked":["Flying Knee","Crippling Poison","Flechettes"],"picked":"SKIP","floor":4},{"not_picked":["Outmaneuver","Escape Plan"],"picked":"Prepared","floor":7},{"not_picked":["Concentrate","Deadly Poison"],"picked":"Backflip","floor":8},{"not_picked":["Slice","Backflip"],"picked":"Blade Dance","floor":12},{"not_picked":["Footwork","Adrenaline"],"picked":"Flying Knee","floor":13},{"not_picked":["Underhanded Strike","Blade Dance"],"picked":"Finisher","floor":14},{"not_picked":["Envenom","Unload"],"picked":"Die Die Die","floor":16},{"not_picked":["Underhanded Strike+1","Cloak And Dagger"],"picked":"Slice+1","floor":18},{"not_picked":["Deflect","Flying Knee"],"picked":"Finisher","floor":19},{"not_picked":["Backflip","Dash+1","Leg Sweep+1"],"picked":"SKIP","floor":21},{"not_picked":["Flying Knee","Deflect"],"picked":"Accuracy+1","floor":23},{"not_picked":["Distraction","Deflect","Outmaneuver"],"picked":"SKIP","floor":27},{"not_picked":["Flying Knee","Tactician"],"picked":"Blade Dance","floor":28},{"not_picked":["Outmaneuver","Skewer","Dagger Throw"],"picked":"SKIP","floor":35},{"not_picked":["Riddle With Holes","Noxious Fumes"],"picked":"Slice+1","floor":36},{"not_picked":["Prepared","Cloak And Dagger"],"picked":"Finisher+1","floor":37},{"not_picked":["Mind Blast","Bandage Up"],"picked":"Swift Strike","floor":38},{"not_picked":["Accuracy+1","Deadly Poison+1","Dagger Spray"],"picked":"SKIP","floor":39},{"not_picked":["Calculated Gamble+1","Reflex","Doppelganger"],"picked":"SKIP","floor":42},{"not_picked":["Eviscerate+1","Expertise+1","Riddle With Holes"],"picked":"Singing Bowl","floor":44},{"not_picked":["Terror+1","Outmaneuver","Concentrate"],"picked":"Singing Bowl","floor":48}],"player_experience":169384,"relics_obtained":[{"floor":7,"key":"Incense Burner"},{"floor":9,"key":"Regal Pillow"},{"floor":23,"key":"Bronze Scales"},{"floor":25,"key":"Nunchaku"},{"floor":26,"key":"Dead Branch"},{"floor":30,"key":"Bird Faced Urn"},{"floor":42,"key":"Pear"},{"floor":42,"key":"Gambling Chip"},{"floor":43,"key":"Singing Bowl"},{"floor":48,"key":"Calipers"}],"event_choices":[{"cards_removed":["Defend_G"],"damage_healed":0,"gold_gain":0,"player_choice":"Offered Basic","damage_taken":0,"max_hp_gain":0,"max_hp_loss":0,"event_name":"Bonfire Elementals","floor":5,"gold_loss":0},{"damage_healed":0,"gold_gain":0,"player_choice":"Got Potions","damage_taken":0,"max_hp_gain":0,"max_hp_loss":0,"event_name":"Lab","floor":20,"gold_loss":0},{"damage_healed":0,"gold_gain":0,"player_choice":"Ignored","damage_taken":0,"max_hp_gain":0,"max_hp_loss":0,"event_name":"The Mausoleum","floor":31,"gold_loss":0},{"damage_healed":0,"gold_gain":0,"player_choice":"Memory 1","damage_taken":0,"max_hp_gain":0,"max_hp_loss":0,"event_name":"SensoryStone","floor":38,"gold_loss":0},{"damage_healed":0,"gold_gain":0,"player_choice":"Paid","damage_taken":0,"relics_obtained":["Red Mask"],"max_hp_gain":0,"max_hp_loss":0,"event_name":"Tomb of Lord Red Mask","floor":47,"gold_loss":25},{"damage_healed":0,"gold_gain":0,"player_choice":"Fight","damage_taken":0,"max_hp_gain":0,"max_hp_loss":0,"event_name":"Mysterious Sphere","floor":48,"gold_loss":0}],"is_beta":false,"boss_relics":[{"not_picked":["Empty Cage","Busted Crown"],"picked":"WristBlade"},{"not_picked":["Velvet Choker","Calling Bell"],"picked":"Black Star"}],"items_purged_floors":[24,41],"is_endless":false,"potions_floor_spawned":[1,8,12,16,18,19,28,33,35,36],"ascension_level":0}}