{"host":"34w8p723gpcx9kua","time":1609874621,"event":{"mods":["100% Spire Juice","AchievementEnabler","Act Like it!","BaseMod","Bestiary","ChefMod","Colored Map","Colored Powertips","Evolution","Googly Eyes","Hallownest","Minty Spire (QoL Compilation)","Prisma Mod","StSLib","The IronCluck","The Marked","Yakumo Yukari mod"],"gold_per_floor":[115,115,131,142,160,160,110,110,110,126,126,126,138,138,138,240,0,17,17,17],"floor_reached":19,"playtime":1432,"items_purged":[],"score":159,"play_id":"985838c4-004e-40dd-b08b-f5db1f406b6a","local_time":"20210105192341","is_ascension_mode":false,"campfire_choices":[{"data":"Moonworks:ImOnFire","floor":6,"key":"SMITH"},{"data":"Moonworks:WindyEnchantment","floor":8,"key":"SMITH"},{"floor":15,"key":"REST"}],"circlet_count":0,"master_deck":["Moonworks:Strike","Moonworks:Strike","Moonworks:Strike","Moonworks:Defend","Moonworks:Defend","Moonworks:Defend","Moonworks:Defend","Moonworks:Ambush","Moonworks:LongDistanceShot","Moonworks:WindyEnchantment","Moonworks:ImOnFire+1","Moonworks:WindyEnchantment+1","Moonworks:CloudOfSeagulls","Moonworks:AnotherUltimateWeapon","Moonworks:JonathanRush","Regret","Moonworks:Wanted","CurseOfTheBell","Moonworks:SakisCookie+1"],"relics":["Moonworks:BrokenBomb","Moonworks:Homemark","EVO:Axolotl","NeowsBlessing","Pantograph","Oddly Smooth Stone","MealTicket","Calling Bell","Potion Belt","Darkstone Periapt","Torii"],"acts_visited":["Exordium","TheCity"],"potions_floor_usage":[10,13,16,16],"damage_taken":[{"damage":0,"enemies":"Cultist","floor":1,"turns":1},{"damage":0,"enemies":"Small Slimes","floor":3,"turns":1},{"damage":0,"enemies":"2 Louse","floor":4,"turns":1},{"damage":12,"enemies":"Exordium Thugs","floor":5,"turns":4},{"damage":0,"enemies":"Looter","floor":10,"turns":3},{"damage":25,"enemies":"Large Slime","floor":13,"turns":5},{"damage":63,"enemies":"Slime Boss","floor":16,"turns":13},{"damage":54,"enemies":"Spheric Guardian","floor":18,"turns":8},{"damage":17,"enemies":"Masked Bandits","floor":19,"turns":3}],"seed_played":"-2889932767884154331","potions_obtained":[{"floor":4,"key":"BlessingOfTheForge"},{"floor":5,"key":"Dexterity Potion"},{"floor":10,"key":"ColorlessPotion"},{"floor":12,"key":"FairyPotion"},{"floor":12,"key":"Regen Potion"},{"floor":13,"key":"BlessingOfTheForge"},{"floor":18,"key":"Block Potion"}],"is_trial":false,"path_per_floor":["M","T","M","M","M","R","?","R","T","M","$","?","M","?","R","B",null,"M","?"],"character_chosen":"THE_STARBREAKER","items_purchased":[],"campfire_rested":1,"item_purchase_floors":[],"current_hp_per_floor":[60,60,60,60,48,48,48,48,48,48,48,48,32,32,50,15,60,6,0,0],"gold":17,"neow_bonus":"THREE_ENEMY_KILL","is_daily":false,"chose_seed":false,"campfire_upgraded":2,"win_rate":0.0,"timestamp":1609874621,"path_taken":["M","?","M","?","M","R","?","R","T","M","$","?","?","?","R","BOSS","M","?"],"items_purchased_type":[],"build_version":"2020-12-22","purchased_purges":0,"victory":false,"max_hp_per_floor":[60,60,60,60,60,60,60,60,60,60,60,60,60,60,60,60,60,60,60,60],"card_choices":[{"not_picked":["Moonworks:NicePresent","Moonworks:Dash"],"picked":"Moonworks:WindyEnchantment","floor":1},{"not_picked":["Moonworks:Heat300Percent","Moonworks:ScrambledEve"],"picked":"Moonworks:ImOnFire","floor":3},{"not_picked":["Moonworks:MixPhenomenon","Moonworks:Poppoformation"],"picked":"Moonworks:WindyEnchantment","floor":4},{"not_picked":["Moonworks:JonathanRush","Moonworks:Dinner"],"picked":"Moonworks:CloudOfSeagulls","floor":5},{"not_picked":["Moonworks:DevilHand","Moonworks:NicePresent"],"picked":"Moonworks:AnotherUltimateWeapon","floor":10},{"not_picked":["Moonworks:Assault","Moonworks:BackdoorTrade"],"picked":"Moonworks:JonathanRush","floor":13},{"not_picked":["Moonworks:ShieldCounter","Moonworks:LeapThroughSpace"],"picked":"Moonworks:Wanted","floor":16},{"not_picked":["Moonworks:ReproductionOfRecords","Moonworks:IndiscriminateFireSupport+1"],"picked":"Moonworks:SakisCookie+1","floor":18}],"player_experience":33420,"relics_obtained":[{"floor":2,"key":"Pantograph"},{"floor":9,"key":"Oddly Smooth Stone"},{"floor":17,"key":"Potion Belt"},{"floor":17,"key":"Darkstone Periapt"},{"floor":17,"key":"Torii"}],"event_choices":[{"cards_removed":["Moonworks:Strike"],"damage_healed":0,"gold_gain":0,"player_choice":"Card Removal","damage_taken":0,"max_hp_gain":0,"max_hp_loss":0,"event_name":"The Cleric","floor":7,"gold_loss":50},{"damage_healed":0,"gold_gain":0,"player_choice":"Got Potions","damage_taken":0,"max_hp_gain":0,"max_hp_loss":0,"event_name":"Lab","floor":12,"gold_loss":0},{"damage_healed":0,"gold_gain":0,"player_choice":"Box","damage_taken":0,"relics_obtained":["MealTicket"],"max_hp_gain":0,"max_hp_loss":0,"event_name":"Big Fish","floor":14,"gold_loss":0,"cards_obtained":["Regret"]},{"damage_healed":0,"gold_gain":0,"player_choice":"Fought Bandits","damage_taken":0,"max_hp_gain":0,"max_hp_loss":0,"event_name":"Masked Bandits","floor":19,"gold_loss":0}],"is_beta":false,"boss_relics":[{"not_picked":["Tiny House","Busted Crown"],"picked":"Calling Bell"}],"items_purged_floors":[],"is_endless":false,"potions_floor_spawned":[4,5,10,13,18],"killed_by":"Masked Bandits","ascension_level":0}}