{"host":"j5gdvqtwmxqn6tw6","time":1609860943,"event":{"mods":["BaseMod","Colored Map","Colored Powertips","Downfall","Hermit","Marisa????????","Minty Spire (QoL Compilation)","Replay The Spire","StSLib","SuperFastMode","The Servant 0.9.4"],"gold_per_floor":[110,125,125,125,142,142,152,170,170,170,183,200,217,217,217,318,418,437,449,464,474,474,506,506,538,538,552,552,569,580,580,580,684,684,703,717,642,658,658,658],"floor_reached":39,"playtime":1163,"items_purged":["Feel No Pain"],"score":646,"play_id":"936aa8ca-5a7d-405e-b0bb-b679f40e53dd","local_time":"20210105163543","is_ascension_mode":false,"campfire_choices":[{"data":"Bash","floor":6,"key":"SMITH"},{"data":"Limit Break","floor":28,"key":"SMITH"},{"data":"Uppercut","floor":32,"key":"SMITH"}],"circlet_count":0,"master_deck":["Strike_R+1","Strike_R+1","Strike_R+1","Strike_R+1","Defend_R+1","Defend_R+1","Defend_R+1","Defend_R+1","Bash+1","Clothesline","Shrug It Off","Heavy Blade+1","Dropkick+1","Inflame+1","Flame Barrier","Inflame","Limit Break+1","Uppercut+1","Spot Weakness","Whirlwind+1"],"relics":["Burning Blood","Blood Vial","Snack Pack","Thread and Needle","Letter Opener","Replay:Wanted Poster","Torii","Centennial Puzzle","Chameleon Ring","Black Star"],"acts_visited":["Exordium","TheCity","TheBeyond"],"potions_floor_usage":[16],"damage_taken":[{"damage":1,"enemies":"2 Louse","floor":1,"turns":4},{"damage":9,"enemies":"Cultist","floor":2,"turns":4},{"damage":0,"enemies":"Jaw Worm","floor":5,"turns":4},{"damage":39,"enemies":"Gremlin Gang","floor":7,"turns":9},{"damage":6,"enemies":"2 Fungi Beasts","floor":8,"turns":4},{"damage":12,"enemies":"Large Slime","floor":11,"turns":4},{"damage":8,"enemies":"Lots of Slimes","floor":12,"turns":7},{"damage":14,"enemies":"3 Louse","floor":13,"turns":4},{"damage":0,"enemies":"Slime Boss","floor":16,"turns":11},{"damage":0,"enemies":"Chosen","floor":18,"turns":3},{"damage":3,"enemies":"Shell Parasite","floor":19,"turns":5},{"damage":7,"enemies":"Centurion and Healer","floor":20,"turns":6},{"damage":8,"enemies":"Snecko","floor":21,"turns":4},{"damage":21,"enemies":"Book of Stabbing","floor":23,"turns":6},{"damage":3,"enemies":"Replay:Snechameleon","floor":25,"turns":6},{"damage":6,"enemies":"3 Cultists","floor":27,"turns":5},{"damage":8,"enemies":"Cultist and Chosen","floor":29,"turns":5},{"damage":1,"enemies":"Centurion and Healer","floor":30,"turns":4},{"damage":27,"enemies":"Pondfish","floor":33,"turns":7},{"damage":22,"enemies":"3 Shapes","floor":35,"turns":8},{"damage":7,"enemies":"Orb Walker","floor":36,"turns":3},{"damage":46,"enemies":"Spire Growth","floor":38,"turns":6},{"damage":38,"enemies":"Writhing Mass","floor":39,"turns":6}],"seed_played":"-6982129576468178419","potions_obtained":[{"floor":1,"key":"Block Potion"},{"floor":8,"key":"FearPotion"},{"floor":11,"key":"Milkshake"},{"floor":16,"key":"Adrenaline Potion"}],"is_trial":false,"path_per_floor":["M","M","?","?","M","R","M","M","T","?","M","M","M","T","R_BF","B",null,"M","M","M","M","?","E","?","E","T","M","R","M","M","?","R","B",null,"M","M","$","M","M"],"character_chosen":"IRONCLAD","items_purchased":[],"campfire_rested":0,"item_purchase_floors":[],"current_hp_per_floor":[80,77,77,65,75,75,46,48,48,48,46,46,40,40,64,74,80,80,80,79,78,78,65,80,80,80,80,80,78,80,80,80,59,80,64,65,65,29,0,0],"gold":658,"neow_bonus":"RANDOM_COMMON_RELIC","is_daily":false,"chose_seed":false,"campfire_upgraded":3,"win_rate":0.0,"timestamp":1609860943,"path_taken":["M","M","?","?","M","R","M","M","T","?","?","?","M","?","R_BF","BOSS","M","M","M","?","?","E","?","E","T","M","R","M","?","?","R","BOSS","M","M","$","?","M"],"items_purchased_type":[],"build_version":"2020-12-22","purchased_purges":1,"victory":false,"max_hp_per_floor":[80,80,80,80,80,80,80,80,80,80,80,80,80,80,80,80,80,80,80,80,80,80,80,80,80,80,80,80,80,80,80,80,80,80,80,80,80,80,80,80],"card_choices":[{"not_picked":["Blood for Blood","Iron Wave"],"picked":"Clothesline","floor":1},{"not_picked":["ReplayTheSpireMod:Muscle Training","Second Wind"],"picked":"Shrug It Off","floor":2},{"not_picked":["Headbutt","Pummel","True Grit"],"picked":"SKIP","floor":5},{"not_picked":["Twin Strike","ReplayTheSpireMod:LeadingStrike"],"picked":"Dropkick","floor":7},{"not_picked":["Perfected Strike","Iron Wave"],"picked":"Inflame","floor":8},{"not_picked":["Sever Soul","Thunderclap"],"picked":"Flame Barrier","floor":11},{"not_picked":["Replay:Undeath\u0027s Touch","Infernal Blade","Power Through"],"picked":"SKIP","floor":12},{"not_picked":["Hemogenesis","Infernal Blade"],"picked":"Inflame","floor":13},{"not_picked":["Double Tap","Corruption"],"picked":"Limit Break","floor":16},{"not_picked":["Evolve","Replay:Undeath\u0027s Touch+1","Havoc+1"],"picked":"SKIP","floor":18},{"not_picked":["Cleave","Perfected Strike+1"],"picked":"Uppercut","floor":19},{"not_picked":["True Grit","Entrench"],"picked":"Pummel","floor":20},{"not_picked":["Run Through","Evolve","Havoc"],"picked":"SKIP","floor":21},{"not_picked":["True Grit","Anger","Thunderclap"],"picked":"SKIP","floor":23},{"not_picked":["Havoc+1","Sword Boomerang"],"picked":"Spot Weakness","floor":25},{"not_picked":["Sword Boomerang","Blood for Blood","Abandon"],"picked":"SKIP","floor":27},{"not_picked":["Armaments","Havoc","Evolve"],"picked":"SKIP","floor":29},{"not_picked":["Rupture+1","Pummel","Barricade"],"picked":"SKIP","floor":30},{"not_picked":["Headbutt","Replay:Undeath\u0027s Touch"],"picked":"Whirlwind+1","floor":35},{"not_picked":["Heavy Blade+1","Warcry+1","Flex"],"picked":"SKIP","floor":36},{"not_picked":["Perfected Strike","ReplayTheSpireMod:Strike From Hell","True Grit"],"picked":"SKIP","floor":38}],"player_experience":85751,"relics_obtained":[{"floor":9,"key":"Thread and Needle"},{"floor":14,"key":"Letter Opener"},{"floor":23,"key":"Torii"},{"floor":25,"key":"Centennial Puzzle"},{"floor":26,"key":"Chameleon Ring"}],"event_choices":[{"damage_healed":0,"gold_gain":0,"player_choice":"Success","damage_taken":12,"relics_obtained":["Snack Pack"],"max_hp_gain":0,"max_hp_loss":0,"event_name":"Scrap Ooze","floor":4,"gold_loss":0},{"damage_healed":0,"gold_gain":0,"player_choice":"Forge","damage_taken":0,"max_hp_gain":0,"max_hp_loss":0,"event_name":"Accursed Blacksmith","floor":10,"gold_loss":0,"cards_upgraded":["Dropkick"]},{"damage_healed":0,"gold_gain":0,"player_choice":"Simplicity","damage_taken":0,"max_hp_gain":0,"max_hp_loss":0,"event_name":"Back to Basics","floor":22,"gold_loss":0,"cards_upgraded":["Strike_R","Strike_R","Strike_R","Strike_R","Defend_R","Defend_R","Defend_R","Defend_R"]},{"cards_removed":["Pummel"],"damage_healed":15,"gold_gain":0,"player_choice":"Offered Uncommon","damage_taken":0,"max_hp_gain":0,"max_hp_loss":0,"event_name":"Bonfire Elementals","floor":24,"gold_loss":0},{"damage_healed":0,"gold_gain":0,"player_choice":"1 cards matched","damage_taken":0,"max_hp_gain":0,"max_hp_loss":0,"event_name":"Match and Keep!","floor":31,"gold_loss":0,"cards_obtained":["Feel No Pain"]}],"is_beta":false,"boss_relics":[{"not_picked":["Runic Pyramid","Busted Crown"],"picked":"Replay:Wanted Poster"},{"not_picked":["Snecko Eye","Replay:Drink Me"],"picked":"Black Star"}],"items_purged_floors":[37],"is_endless":false,"potions_floor_spawned":[1,8,11,12,16,18,23,25,33,35],"killed_by":"Writhing Mass","ascension_level":0}}