{"host":"9l4mw5jqza9qz9hr","time":1609857730,"event":{"mods":["AchievementEnabler","Always Whale","BaseMod","Colored Map","Minty Spire (QoL Compilation)","StSLib","SuperFastMode"],"gold_per_floor":[12,24,40,115,115,115,142,317,317,116,136,136,136,48,48,143,143,157,157,167,187,197,197,228,228,255,271,271,283,298,298,298,402,402,422,297,297,311,326,326,13,13,13,24,24,40,40,40,40,40,40],"floor_reached":50,"playtime":1504,"items_purged":["Doubt","Strike_G","Glass Knife+1","Catalyst"],"score":716,"play_id":"f43dd47a-2401-4d06-b62d-3c1c3bbc6603","local_time":"20210105234210","is_ascension_mode":true,"campfire_choices":[{"data":"Cloak And Dagger","floor":6.0,"key":"SMITH"},{"floor":15.0,"key":"REST"},{"floor":23.0,"key":"REST"},{"data":"Blade Dance","floor":28.0,"key":"SMITH"},{"floor":32.0,"key":"REST"},{"data":"Wraith Form v2","floor":40.0,"key":"SMITH"},{"data":"A Thousand Cuts","floor":42.0,"key":"SMITH"},{"data":"Phantasmal Killer","floor":49.0,"key":"SMITH"}],"circlet_count":0,"master_deck":["AscendersBane","Defend_G","Defend_G","Survivor","Neutralize","Crippling Poison","Slice","Dagger Spray","Cloak And Dagger+1","Accuracy","Die Die Die","PiercingWail","Infinite Blades","Accuracy","Corpse Explosion","Heel Hook+1","Grand Finale+1","Tactician+1","PiercingWail","Blade Dance+1","Well Laid Plans+1","Bullet Time","Accuracy","Wraith Form v2+1","Phantasmal Killer+1","CurseOfTheBell","Escape Plan+1","Calculated Gamble","A Thousand Cuts+1","Backflip","Purity","Backflip"],"relics":["Ring of the Snake","Vajra","Blue Candle","Matryoshka","MawBank","Kunai","Astrolabe","Oddly Smooth Stone","Lantern","Nunchaku","Singing Bowl","Calling Bell","Omamori","Shuriken","TungstenRod","HornCleat"],"acts_visited":["Exordium","TheCity","TheBeyond"],"potions_floor_usage":[50],"damage_taken":[{"damage":0.0,"enemies":"Cultist","floor":1.0,"turns":5.0},{"damage":0.0,"enemies":"2 Louse","floor":2.0,"turns":3.0},{"damage":1.0,"enemies":"Small Slimes","floor":3.0,"turns":4.0},{"damage":32.0,"enemies":"Gremlin Nob","floor":7.0,"turns":5.0},{"damage":4.0,"enemies":"Looter","floor":11.0,"turns":3.0},{"damage":4.0,"enemies":"The Guardian","floor":16.0,"turns":10.0},{"damage":0.0,"enemies":"3 Byrds","floor":18.0,"turns":3.0},{"damage":4.0,"enemies":"Spheric Guardian","floor":20.0,"turns":3.0},{"damage":38.0,"enemies":"Snake Plant","floor":21.0,"turns":6.0},{"damage":0.0,"enemies":"Centurion and Healer","floor":22.0,"turns":3.0},{"damage":26.0,"enemies":"Slavers","floor":24.0,"turns":6.0},{"damage":0.0,"enemies":"Snecko","floor":27.0,"turns":4.0},{"damage":0.0,"enemies":"Snake Plant","floor":29.0,"turns":1.0},{"damage":10.0,"enemies":"Shelled Parasite and Fungi","floor":30.0,"turns":3.0},{"damage":23.0,"enemies":"Champ","floor":33.0,"turns":8.0},{"damage":5.0,"enemies":"3 Shapes","floor":35.0,"turns":4.0},{"damage":10.0,"enemies":"3 Darklings","floor":38.0,"turns":3.0},{"damage":8.0,"enemies":"Transient","floor":39.0,"turns":5.0},{"damage":4.0,"enemies":"Sphere and 2 Shapes","floor":44.0,"turns":3.0},{"damage":41.0,"enemies":"Writhing Mass","floor":46.0,"turns":9.0},{"damage":68,"enemies":"Awakened One","floor":50,"turns":10}],"seed_played":"-8191125068150199621","potions_obtained":[{"floor":7.0,"key":"Swift Potion"},{"floor":11.0,"key":"Energy Potion"},{"floor":16.0,"key":"Ancient Potion"},{"floor":18.0,"key":"BlessingOfTheForge"},{"floor":21.0,"key":"Swift Potion"},{"floor":24.0,"key":"AttackPotion"},{"floor":27.0,"key":"CunningPotion"},{"floor":30.0,"key":"BlessingOfTheForge"},{"floor":35.0,"key":"GamblersBrew"},{"floor":38.0,"key":"LiquidMemories"},{"floor":44.0,"key":"FairyPotion"}],"is_trial":false,"path_per_floor":["M","M","M","?","?","R","E","?","T","$","M","T","T","$","R","B",null,"M","?","M","M","M","R","E","?","T","M","R","M","M","T","R","B",null,"M","$","?","M","M","R","$","R","T","M","?","M","?","?","R","B"],"character_chosen":"THE_SILENT","items_purchased":["PiercingWail","Infinite Blades","A Thousand Cuts"],"campfire_rested":3,"item_purchase_floors":[10,10,41],"current_hp_per_floor":[63,63,62,51,56,56,24,24,24,24,20,20,20,20,42,38,66,66,66,62,24,24,46,20,20,20,20,20,20,10,10,32,9,59,54,54,54,46,38,38,38,38,38,34,34,23,23,64,64,0,0],"gold":40,"neow_bonus":"TRANSFORM_TWO_CARDS","is_daily":false,"chose_seed":false,"campfire_upgraded":5,"win_rate":0.0,"timestamp":1609857730,"path_taken":["M","?","M","?","?","R","E","?","T","$","M","?","?","$","R","BOSS","M","?","M","M","?","R","E","?","T","M","R","M","M","?","R","BOSS","M","$","?","M","M","R","$","R","T","M","?","M","?","?","R","BOSS"],"items_purchased_type":["Card","Card","Card"],"build_version":"2020-12-22","purchased_purges":4,"victory":false,"max_hp_per_floor":[70,70,70,70,75,75,75,75,75,75,75,75,75,75,75,75,75,75,75,75,75,75,75,75,75,75,75,75,75,75,75,75,75,75,75,75,75,77,77,77,77,77,77,77,77,77,73,64,64,64,64],"card_choices":[{"not_picked":["Bane","Slice"],"picked":"Dagger Spray","floor":1.0},{"not_picked":["PiercingWail","Dash"],"picked":"Cloak And Dagger","floor":2.0},{"not_picked":["PiercingWail","Outmaneuver"],"picked":"Accuracy","floor":3.0},{"not_picked":["Dagger Spray","Prepared"],"picked":"Die Die Die","floor":7.0},{"not_picked":["Deflect","Bouncing Flask"],"picked":"Accuracy","floor":11.0},{"not_picked":["Bullet Time","Storm of Steel"],"picked":"Corpse Explosion","floor":16.0},{"not_picked":["Crippling Poison","Riddle With Holes"],"picked":"Tactician+1","floor":18.0},{"not_picked":["Heel Hook+1","Bane"],"picked":"PiercingWail","floor":20.0},{"not_picked":["Reflex","Deadly Poison"],"picked":"Blade Dance","floor":21.0},{"not_picked":["Slice+1","Underhanded Strike","Catalyst"],"picked":"SKIP","floor":22.0},{"not_picked":["Dagger Throw","Underhanded Strike"],"picked":"Well Laid Plans+1","floor":24.0},{"not_picked":["Escape Plan","Quick Slash+1"],"picked":"Accuracy","floor":27.0},{"not_picked":["Endless Agony","Dodge and Roll+1","Bouncing Flask"],"picked":"SKIP","floor":29.0},{"not_picked":["Underhanded Strike","Sucker Punch+1"],"picked":"Wraith Form v2","floor":30.0},{"not_picked":["Grand Finale","Unload"],"picked":"Phantasmal Killer","floor":33.0},{"not_picked":["Backstab+1","Quick Slash+1"],"picked":"Escape Plan+1","floor":35.0},{"not_picked":["Leg Sweep+1","Quick Slash+1","Poisoned Stab"],"picked":"Singing Bowl","floor":38.0},{"not_picked":["Dagger Spray+1","Dagger Throw"],"picked":"Calculated Gamble","floor":39.0},{"not_picked":["Flying Knee+1","Die Die Die"],"picked":"Backflip","floor":44.0},{"not_picked":["Mind Blast","Deep Breath"],"picked":"Purity","floor":45.0},{"not_picked":["Quick Slash","Sucker Punch"],"picked":"Backflip","floor":46.0}],"player_experience":179066,"relics_obtained":[{"floor":7.0,"key":"Vajra"},{"floor":9.0,"key":"Blue Candle"},{"floor":12.0,"key":"Matryoshka"},{"floor":13.0,"key":"MawBank"},{"floor":13.0,"key":"Kunai"},{"floor":24.0,"key":"Oddly Smooth Stone"},{"floor":26.0,"key":"Lantern"},{"floor":26.0,"key":"Nunchaku"},{"floor":31.0,"key":"Singing Bowl"},{"floor":34.0,"key":"Omamori"},{"floor":34.0,"key":"Shuriken"},{"floor":34.0,"key":"TungstenRod"},{"floor":43.0,"key":"HornCleat"}],"event_choices":[{"damage_healed":0.0,"max_hp_gain":0.0,"max_hp_loss":0.0,"gold_gain":75.0,"event_name":"World of Goop","player_choice":"Gather Gold","floor":4.0,"gold_loss":0.0,"damage_taken":11.0},{"damage_healed":0.0,"max_hp_gain":5.0,"max_hp_loss":0.0,"gold_gain":0.0,"event_name":"Big Fish","player_choice":"Donut","floor":5.0,"gold_loss":0.0,"damage_taken":0.0},{"damage_healed":0.0,"max_hp_gain":0.0,"max_hp_loss":0.0,"gold_gain":175.0,"event_name":"Liars Game","player_choice":"AGREE","floor":8.0,"gold_loss":0.0,"damage_taken":0.0,"cards_obtained":["Doubt"]},{"damage_healed":0.0,"max_hp_gain":0.0,"max_hp_loss":0.0,"gold_gain":0.0,"event_name":"The Woman in Blue","player_choice":"Bought 0 Potions","floor":19.0,"gold_loss":0.0,"damage_taken":0.0},{"damage_healed":0.0,"max_hp_gain":0.0,"max_hp_loss":0.0,"gold_gain":0.0,"cards_transformed":["Defend_G","Defend_G"],"event_name":"Drug Dealer","player_choice":"Became Test Subject","floor":25.0,"gold_loss":0.0,"damage_taken":0.0,"cards_obtained":["Bullet Time","Catalyst"]},{"damage_healed":0.0,"max_hp_gain":0.0,"max_hp_loss":0.0,"gold_gain":0.0,"event_name":"Tomb of Lord Red Mask","player_choice":"Ignored","floor":37.0,"gold_loss":0.0,"damage_taken":0.0},{"damage_healed":0.0,"max_hp_gain":0.0,"max_hp_loss":0.0,"gold_gain":0.0,"event_name":"SensoryStone","player_choice":"Memory 1","floor":45.0,"gold_loss":0.0,"damage_taken":0.0},{"damage_healed":0.0,"max_hp_gain":0.0,"max_hp_loss":4.0,"gold_gain":0.0,"event_name":"Winding Halls","player_choice":"Max HP","floor":47.0,"gold_loss":0.0,"damage_taken":0.0},{"damage_healed":64.0,"max_hp_gain":0.0,"max_hp_loss":9.0,"gold_gain":0.0,"event_name":"The Moai Head","player_choice":"Heal","floor":48.0,"gold_loss":0.0,"damage_taken":0.0}],"is_beta":false,"boss_relics":[{"not_picked":["Fusion Hammer","Runic Dome"],"picked":"Astrolabe"},{"not_picked":["Runic Pyramid","Coffee Dripper"],"picked":"Calling Bell"}],"items_purged_floors":[10,14,36,41],"is_endless":false,"potions_floor_spawned":[7,11,16,18,21,24,27,30,35,38,44],"killed_by":"Awakened One","ascension_level":11}}