{"host":"ji1fk25fd1ga4ji1","time":1609849259,"event":{"mods":["2.2 Compatiblity","BaseMod","Colored Map","DeckTracker","Minty Spire (QoL Compilation)","Permanent Neow","Quick Restart","StSLib","SuperFastMode"],"gold_per_floor":[115,134,59,134,434,465,465,491,491,491,511,525,525,541,541,644,644,660,672,500,510,129,129,161,178,178,178,197,197,230,262,262,363,363,377,424,436,456,467,496,496,506,506,506,728,94,128,144,144,144],"floor_reached":51,"playtime":1172,"items_purged":["Strike_R","Strike_R","Strike_R","Strike_R"],"score":920,"play_id":"ee8cf111-a256-4318-9bb8-3b3c460a3b42","local_time":"20210105212059","is_ascension_mode":true,"campfire_choices":[{"data":"Carnage","floor":7,"key":"SMITH"},{"data":"Feed","floor":10,"key":"SMITH"},{"data":"Heavy Blade","floor":13,"key":"SMITH"},{"data":"True Grit","floor":15,"key":"SMITH"},{"data":"Spot Weakness","floor":23,"key":"SMITH"},{"data":"Offering","floor":27,"key":"SMITH"},{"data":"Bash","floor":32,"key":"SMITH"},{"data":"Berserk","floor":41,"key":"SMITH"},{"data":"Flex","floor":44,"key":"SMITH"},{"floor":49,"key":"RECALL"}],"circlet_count":0,"master_deck":["Defend_R","Defend_R","Defend_R","Bash+1","Feed+1","Heavy Blade+1","Carnage+1","Disarm","Flex+1","True Grit+1","Offering+1","Flex+1","Spot Weakness+1","Impervious+1","Power Through+1","Reaper","Battle Trance+1","Berserk+1","Inflame+1","Offering+1","Exhume+1","Limit Break+1"],"relics":["Burning Blood","Old Coin","Meat on the Bone","Pen Nib","Unceasing Top","Sozu","Toxic Egg 2","Singing Bowl","Magic Flower","Red Mask","Strawberry","Cursed Key","Calipers","Akabeko","Pear","Self Forming Clay"],"acts_visited":["Exordium","TheCity","TheBeyond"],"potions_floor_usage":[16,24],"damage_taken":[{"damage":10,"enemies":"Cultist","floor":1,"turns":4},{"damage":1,"enemies":"2 Louse","floor":2,"turns":3},{"damage":31,"enemies":"3 Sentries","floor":6,"turns":7},{"damage":24,"enemies":"Gremlin Nob","floor":8,"turns":4},{"damage":4,"enemies":"Jaw Worm","floor":11,"turns":3},{"damage":2,"enemies":"Exordium Wildlife","floor":12,"turns":2},{"damage":11,"enemies":"Gremlin Gang","floor":14,"turns":4},{"damage":46,"enemies":"Hexaghost","floor":16,"turns":10},{"damage":6,"enemies":"Shell Parasite","floor":18,"turns":2},{"damage":7,"enemies":"Spheric Guardian","floor":19,"turns":3},{"damage":31,"enemies":"Shelled Parasite and Fungi","floor":21,"turns":5},{"damage":19,"enemies":"Slavers","floor":24,"turns":3},{"damage":24,"enemies":"Snake Plant","floor":25,"turns":4},{"damage":18,"enemies":"Chosen and Byrds","floor":28,"turns":6},{"damage":24,"enemies":"Masked Bandits","floor":30,"turns":5},{"damage":10,"enemies":"Gremlin Leader","floor":31,"turns":7},{"damage":130,"enemies":"Collector","floor":33,"turns":11},{"damage":6,"enemies":"Orb Walker","floor":35,"turns":2},{"damage":66,"enemies":"2 Orb Walkers","floor":36,"turns":4},{"damage":25,"enemies":"3 Darklings","floor":37,"turns":6},{"damage":9,"enemies":"4 Shapes","floor":38,"turns":5},{"damage":11,"enemies":"Writhing Mass","floor":39,"turns":4},{"damage":20,"enemies":"Giant Head","floor":40,"turns":6},{"damage":41,"enemies":"Jaw Worm Horde","floor":42,"turns":7},{"damage":18,"enemies":"Nemesis","floor":47,"turns":3},{"damage":46,"enemies":"3 Darklings","floor":48,"turns":4},{"damage":44,"enemies":"Donu and Deca","floor":50,"turns":5}],"seed_played":"-6912261958692733570","potions_obtained":[{"floor":2,"key":"Strength Potion"},{"floor":12,"key":"AttackPotion"},{"floor":14,"key":"SpeedPotion"}],"is_trial":false,"path_per_floor":["M","M","$","?","?","E","R","E","T","R","M","M","R","M","R","B",null,"M","M","$","M","$","R","E","M","T","R","M","?","?","E","R","B",null,"M","?","M","M","M","E","R","M","T","R","?","$","E","M","R","B",null],"character_chosen":"IRONCLAD","items_purchased":["Spot Weakness","Toxic Egg 2","Offering+1","Exhume+1","Pear"],"campfire_rested":0,"item_purchase_floors":[20,22,46,46,46],"current_hp_per_floor":[79,86,86,75,75,50,50,44,44,44,62,70,70,69,69,45,102,106,105,105,84,84,84,77,77,77,77,76,76,85,133,133,80,139,141,105,118,149,149,153,153,152,152,152,152,162,169,171,171,171],"gold":144,"neow_bonus":"ONE_RANDOM_RARE_CARD","is_daily":false,"chose_seed":false,"campfire_upgraded":9,"win_rate":0.0,"timestamp":1609849259,"path_taken":["M","M","$","?","?","E","R","E","T","R","M","?","R","M","R","BOSS","M","?","$","M","$","R","E","M","T","R","M","?","?","E","R","BOSS","M","?","M","M","M","E","R","M","T","R","?","$","E","M","R","BOSS"],"items_purchased_type":["Card","Relic","Card","Card","Relic"],"build_version":"2020-12-22","purchased_purges":4,"victory":true,"max_hp_per_floor":[83,86,86,86,86,86,86,86,86,86,90,94,94,98,98,102,102,106,106,106,110,110,110,116,122,122,122,128,128,132,139,139,139,139,141,141,143,149,151,153,153,159,159,159,159,169,169,171,171,171],"card_choices":[{"not_picked":["Entrench","Clash"],"picked":"Heavy Blade","floor":1},{"not_picked":["Sever Soul","Shrug It Off"],"picked":"Carnage","floor":2},{"not_picked":["Twin Strike","Pommel Strike"],"picked":"Disarm","floor":6},{"not_picked":["Twin Strike","Juggernaut"],"picked":"Flex","floor":8},{"not_picked":["Feel No Pain","Wild Strike","Heavy Blade"],"picked":"SKIP","floor":11},{"not_picked":["Perfected Strike","Clash","Power Through"],"picked":"SKIP","floor":12},{"not_picked":["Shockwave","Rage"],"picked":"True Grit","floor":14},{"not_picked":["Bludgeon","Fiend Fire"],"picked":"Offering","floor":16},{"not_picked":["Havoc+1","Flame Barrier","Clothesline"],"picked":"SKIP","floor":18},{"not_picked":["Warcry","Heavy Blade+1"],"picked":"Flex+1","floor":19},{"not_picked":["Clothesline","Flex","Shrug It Off"],"picked":"SKIP","floor":21},{"not_picked":["Reckless Charge","Warcry+1","Body Slam"],"picked":"Singing Bowl","floor":24},{"not_picked":["Heavy Blade","Thunderclap","Havoc+1"],"picked":"Singing Bowl","floor":25},{"not_picked":["Clothesline","Anger","Havoc+1"],"picked":"Singing Bowl","floor":28},{"not_picked":["Anger","Clothesline"],"picked":"Reaper","floor":30},{"not_picked":["Metallicize","Sword Boomerang"],"picked":"Battle Trance+1","floor":31},{"not_picked":["Barricade","Impervious+1"],"picked":"Berserk","floor":33},{"not_picked":["Second Wind+1","Shrug It Off+1","Headbutt+1"],"picked":"Singing Bowl","floor":35},{"not_picked":["Searing Blow","Shrug It Off+1"],"picked":"Inflame+1","floor":36},{"not_picked":["Perfected Strike","Dark Embrace","Cleave"],"picked":"Singing Bowl","floor":37},{"not_picked":["Cleave+1","Warcry+1","Carnage"],"picked":"Singing Bowl","floor":38},{"not_picked":["Anger","Wild Strike+1","Seeing Red+1"],"picked":"Singing Bowl","floor":39},{"not_picked":["Perfected Strike+1","Rampage+1","Anger"],"picked":"Singing Bowl","floor":40},{"not_picked":["Blood for Blood","Battle Trance+1","Metallicize+1"],"picked":"Singing Bowl","floor":42},{"not_picked":["Spot Weakness+1","Bloodletting+1"],"picked":"Limit Break+1","floor":47},{"not_picked":["Thunderclap+1","Cleave","Clothesline"],"picked":"Singing Bowl","floor":48}],"player_experience":1241574,"relics_obtained":[{"floor":6,"key":"Meat on the Bone"},{"floor":8,"key":"Pen Nib"},{"floor":9,"key":"Unceasing Top"},{"floor":24,"key":"Singing Bowl"},{"floor":26,"key":"Magic Flower"},{"floor":30,"key":"Red Mask"},{"floor":31,"key":"Strawberry"},{"floor":36,"key":"Calipers"},{"floor":40,"key":"Akabeko"},{"floor":47,"key":"Self Forming Clay"}],"event_choices":[{"damage_healed":0,"gold_gain":75,"player_choice":"Gather Gold","damage_taken":11,"max_hp_gain":0,"max_hp_loss":0,"event_name":"World of Goop","floor":4,"gold_loss":0},{"damage_healed":0,"gold_gain":0,"player_choice":"Gave Potion","damage_taken":0,"relics_obtained":["Old Coin"],"max_hp_gain":0,"max_hp_loss":0,"event_name":"WeMeetAgain","floor":5,"gold_loss":0},{"damage_healed":0,"gold_gain":0,"cards_transformed":["Strike_R","Defend_R"],"player_choice":"Became Test Subject","damage_taken":0,"max_hp_gain":0,"max_hp_loss":0,"event_name":"Drug Dealer","floor":29,"gold_loss":0,"cards_obtained":["Impervious","Power Through"]},{"damage_healed":0,"gold_gain":0,"player_choice":"Fought Bandits","damage_taken":0,"max_hp_gain":0,"max_hp_loss":0,"event_name":"Masked Bandits","floor":30,"gold_loss":0},{"damage_healed":0,"gold_gain":0,"player_choice":"Fight","damage_taken":0,"max_hp_gain":0,"max_hp_loss":0,"event_name":"Mysterious Sphere","floor":36,"gold_loss":0},{"damage_healed":0,"gold_gain":222,"player_choice":"Wore Mask","damage_taken":0,"max_hp_gain":0,"max_hp_loss":0,"event_name":"Tomb of Lord Red Mask","floor":45,"gold_loss":0}],"is_beta":false,"boss_relics":[{"not_picked":["Black Blood","Velvet Choker"],"picked":"Sozu"},{"not_picked":["Pandora\u0027s Box","Busted Crown"],"picked":"Cursed Key"}],"items_purged_floors":[3,20,22,46],"is_endless":false,"potions_floor_spawned":[2,12,14,19,28,30,31,33,37,40],"ascension_level":1}}