{"host":"g01l53quoe6lrer0","time":1609876860,"event":{"mods":["2.2 Compatiblity","AchievementEnabler","BaseMod","Colored Map","Highlight Path","Keyboard Shortcuts","Minty Spire (QoL Compilation)","Permanent Neow","Quick Restart","StSLib","SuperFastMode","everything is the same but u backflip on backflip"],"gold_per_floor":[115,44,61,73,90,120,134,134,134,164,180,180,455,784,784,784,784],"floor_reached":16,"playtime":366,"items_purged":[],"score":157,"play_id":"279fc467-c0af-4d45-bba3-708d2007e415","local_time":"20210106050100","is_ascension_mode":true,"campfire_choices":[{"floor":8.0,"key":"REST"},{"data":"Demon Form","floor":15.0,"key":"SMITH"}],"circlet_count":0,"master_deck":["Strike_R","Strike_R","Strike_R","Defend_R","Defend_R","Defend_R","Defend_R","Bash","Pommel Strike","Demon Form+1","Flex","Inflame","Clash","Twin Strike","Dual Wield","Sword Boomerang","Warcry","Heavy Blade","Regret"],"relics":["Burning Blood","Regal Pillow","InkBottle","Question Card","Old Coin"],"acts_visited":["Exordium"],"potions_floor_usage":[16],"damage_taken":[{"damage":7.0,"enemies":"2 Louse","floor":1.0,"turns":3.0},{"damage":2.0,"enemies":"Jaw Worm","floor":3.0,"turns":3.0},{"damage":1.0,"enemies":"Cultist","floor":4.0,"turns":3.0},{"damage":32.0,"enemies":"Exordium Thugs","floor":5.0,"turns":4.0},{"damage":18.0,"enemies":"Lagavulin","floor":6.0,"turns":6.0},{"damage":13.0,"enemies":"Exordium Wildlife","floor":7.0,"turns":3.0},{"damage":15.0,"enemies":"2 Fungi Beasts","floor":11.0,"turns":3.0},{"damage":5.0,"enemies":"Gremlin Nob","floor":14.0,"turns":3.0},{"damage":45,"enemies":"The Guardian","floor":16,"turns":9}],"seed_played":"2316842788438615622","potions_obtained":[{"floor":4.0,"key":"HeartOfIron"},{"floor":5.0,"key":"SteroidPotion"},{"floor":7.0,"key":"SmokeBomb"},{"floor":11.0,"key":"BlessingOfTheForge"},{"floor":14.0,"key":"BlessingOfTheForge"}],"is_trial":false,"path_per_floor":["M","$","M","M","M","E","M","R","T","?","M","T","?","E","R","B"],"character_chosen":"IRONCLAD","items_purchased":["Inflame"],"campfire_rested":1,"item_purchase_floors":[2],"current_hp_per_floor":[50,50,54,59,33,21,14,53,53,53,44,44,44,45,45,0,0],"gold":784,"neow_bonus":"TRANSFORM_TWO_CARDS","is_daily":false,"chose_seed":false,"campfire_upgraded":1,"win_rate":0.0,"timestamp":1609876860,"path_taken":["M","$","M","M","M","E","M","R","T","?","M","?","?","E","R","BOSS"],"items_purchased_type":["Card"],"build_version":"2020-12-22","purchased_purges":0,"victory":false,"max_hp_per_floor":[80,80,80,80,80,80,80,80,80,80,80,80,80,80,80,80,80],"card_choices":[{"not_picked":["Sever Soul","Warcry"],"picked":"Flex","floor":1.0},{"not_picked":["Armaments","Anger"],"picked":"Clash","floor":3.0},{"not_picked":["Shrug It Off","Dark Embrace"],"picked":"Twin Strike","floor":4.0},{"not_picked":["Flex","Juggernaut"],"picked":"Dual Wield","floor":5.0},{"not_picked":["Feed","Clash"],"picked":"Sword Boomerang","floor":6.0},{"not_picked":["Clothesline","Evolve"],"picked":"Warcry","floor":7.0},{"not_picked":["Sentinel","Body Slam"],"picked":"Heavy Blade","floor":11.0},{"not_picked":["True Grit","Shrug It Off","Cleave","Twin Strike"],"picked":"SKIP","floor":14.0}],"player_experience":83605,"relics_obtained":[{"floor":6.0,"key":"Regal Pillow"},{"floor":12.0,"key":"Question Card"},{"floor":14.0,"key":"Old Coin"}],"event_choices":[{"damage_healed":0.0,"max_hp_gain":0.0,"max_hp_loss":0.0,"gold_gain":30.0,"event_name":"Dead Adventurer","player_choice":"Searched \u00273\u0027 times","floor":10.0,"gold_loss":0.0,"damage_taken":0.0,"relics_obtained":["InkBottle"]},{"damage_healed":0.0,"max_hp_gain":0.0,"max_hp_loss":0.0,"gold_gain":275.0,"event_name":"Golden Shrine","player_choice":"Desecrate","floor":13.0,"gold_loss":0.0,"damage_taken":0.0,"cards_obtained":["Regret"]}],"is_beta":false,"boss_relics":[],"items_purged_floors":[],"is_endless":false,"potions_floor_spawned":[4,5,7,11,14],"killed_by":"The Guardian","ascension_level":8}}