{"host":"iyinq9z1nwwa1sts","time":1609851329,"event":{"mods":["BaseMod","Colored Map","Downfall","Minty Spire (QoL Compilation)","Replay The Spire","StSLib"],"gold_per_floor":[119,135,135,310,390,436,464,494,585,597,609,650,662,690,702,809,821,853,897,927,939,19,19,52,52,52,79,79,90,90,105,105,207,207,222,267,19,35,35,68,68,79,79,79,96,96,131,141,235,235],"floor_reached":51,"playtime":3816,"items_purged":[],"score":828,"play_id":"0aed1b77-0223-4374-9dd5-99e4971079dc","local_time":"20210105205529","is_ascension_mode":false,"campfire_choices":[{"floor":11.0,"key":"REST"},{"floor":13.0,"key":"REST"},{"floor":15.0,"key":"REST"},{"floor":23.0,"key":"REST"},{"floor":25.0,"key":"REST"},{"floor":30.0,"key":"REST"},{"floor":32.0,"key":"REST"},{"floor":41.0,"key":"REST"},{"floor":44.0,"key":"REST"},{"floor":46,"key":"REST"}],"circlet_count":0,"master_deck":["Defend_G","Defend_G","Defend_G","Defend_G","Defend_G","Survivor","Neutralize+1","Underhanded Strike+1","Sucker Punch","All Out Attack+1","ReplayTheSpireMod:Splinters","Escape Plan","Replay:Poison Smokescreen","Poison Darts","Bouncing Flask","Calculated Gamble","Backflip","Draining Mist","ReplayTheSpireMod:Necrosis","Acrobatics","Deadly Poison","Deflect+1","Slimebound:Tackle+1","Slimebound:Tackle+1","Slimebound:Tackle+1","Mayhem","Corpse Explosion","Footwork","Bane","Replay:SS_hec_2","Deadly Poison+1","Endless Agony+1","Blur+1","ReplayTheSpireMod:Speed Training","Envenom","Choke+1","Noxious Fumes","Outmaneuver+1","Toxin Wave+1","Fluid Movement+1","Skewer+1","ReplayTheSpireMod:Shiv Toss+1","Bouncing Flask+1"],"relics":["Fusion Hammer","MawBank","Counterbalance","Iron Hammer","Bronze Scales","Runic Pyramid","Red Mask","Replay:Baseball","ClockworkSouvenir","Strawberry","MealTicket","Garlic","Mirror","Painkiller Herb","Lizard Tail","Toxic Egg 2","Anchor","ReplayTheSpireMod:TigerMarble","Whetstone"],"acts_visited":["Exordium","TheCity","TheBeyond"],"potions_floor_usage":[50],"damage_taken":[{"damage":5.0,"enemies":"Small Slimes","floor":1.0,"turns":5.0},{"damage":1.0,"enemies":"Cultist","floor":2.0,"turns":4.0},{"damage":30.0,"enemies":"Lagavulin","floor":6.0,"turns":7.0},{"damage":0.0,"enemies":"2 Louse","floor":7.0,"turns":2.0},{"damage":0.0,"enemies":"2 Fungi Beasts","floor":8.0,"turns":3.0},{"damage":30.0,"enemies":"3 Sentries","floor":12.0,"turns":6.0},{"damage":4.0,"enemies":"3 Louse","floor":14.0,"turns":3.0},{"damage":25.0,"enemies":"Slime Boss","floor":16.0,"turns":6.0},{"damage":2.0,"enemies":"Shell Parasite","floor":18.0,"turns":4.0},{"damage":34.0,"enemies":"Masked Bandits","floor":19.0,"turns":4.0},{"damage":4.0,"enemies":"2 Thieves","floor":20.0,"turns":3.0},{"damage":0.0,"enemies":"Book of Stabbing","floor":24.0,"turns":4.0},{"damage":1.0,"enemies":"Gremlin Leader","floor":27.0,"turns":6.0},{"damage":0.0,"enemies":"Centurion and Healer","floor":29.0,"turns":4.0},{"damage":3.0,"enemies":"Shelled Parasite and Fungi","floor":31.0,"turns":3.0},{"damage":0.0,"enemies":"Automaton","floor":33.0,"turns":8.0},{"damage":0.0,"enemies":"3 Shapes","floor":35.0,"turns":3.0},{"damage":0.0,"enemies":"2 Orb Walkers","floor":36.0,"turns":4.0},{"damage":13.0,"enemies":"3 Darklings","floor":38.0,"turns":5.0},{"damage":35.0,"enemies":"Reptomancer","floor":40.0,"turns":5.0},{"damage":0.0,"enemies":"Transient","floor":42.0,"turns":5.0},{"damage":3.0,"enemies":"Jaw Worm Horde","floor":45.0,"turns":2.0},{"damage":2,"enemies":"Nemesis","floor":47,"turns":7},{"damage":0,"enemies":"3 Darklings","floor":48,"turns":2},{"damage":1,"enemies":"Time Eater","floor":50,"turns":12}],"seed_played":"2972666626642095734","potions_obtained":[{"floor":7.0,"key":"Cursed Concoction"},{"floor":8.0,"key":"Weak Potion"},{"floor":12.0,"key":"AttackPotion"},{"floor":16.0,"key":"Fire Potion"},{"floor":19.0,"key":"GhostInAJar"},{"floor":24.0,"key":"Energy Potion"},{"floor":27.0,"key":"AttackPotion"},{"floor":33.0,"key":"Adrenaline Potion"},{"floor":36.0,"key":"SkillPotion"},{"floor":40.0,"key":"Reflective Coating"}],"is_trial":false,"path_per_floor":["M","M","?","?","?","E","M","M","T","?","R","E","R","M","R","B",null,"M","?","M","?","$","R","E","R","T","E","?","M","R","M","R","B",null,"?","?","T","?","?","E","T","?","T","T","?","T","E","?","T","B",null],"character_chosen":"THE_SILENT","items_purchased":["Replay:Baseball","Mayhem","Corpse Explosion","Footwork","Bane","ClockworkSouvenir","Replay:SS_hec_2","Strawberry","Toxic Egg 2"],"campfire_rested":10,"item_purchase_floors":[22,22,22,22,22,22,22,22,37],"current_hp_per_floor":[65,64,64,64,64,34,34,34,34,20,41,11,32,28,49,24,70,68,34,30,30,37,60,60,77,77,76,62,62,82,79,82,82,82,82,82,82,69,69,34,58,58,58,82,79,82,80,82,82,81],"gold":235,"neow_bonus":"BOSS_RELIC","is_daily":false,"chose_seed":false,"campfire_upgraded":0,"win_rate":0.0,"timestamp":1609851329,"path_taken":["M","M","?","?","?","E","?","M","T","?","R","E","R","M","R","BOSS","M","?","M","?","?","R","E","R","T","E","?","M","R","?","R","BOSS","?","?","T","?","?","E","T","?","T","T","?","T","E","?","T","BOSS"],"items_purchased_type":["Relic","Card","Card","Card","Card","Relic","Card","Relic","Relic"],"build_version":"2020-12-22","purchased_purges":0,"victory":true,"max_hp_per_floor":[70,70,70,70,70,70,70,70,70,70,70,70,70,70,70,70,70,70,70,70,70,77,77,77,77,77,77,82,82,82,82,82,82,82,82,82,82,82,82,82,82,82,82,82,82,82,82,82,82,82],"card_choices":[{"not_picked":["Backflip","Cloak And Dagger"],"picked":"Underhanded Strike","floor":1.0},{"not_picked":["Masterful Stab","ReplayTheSpireMod:Exploit Weakness"],"picked":"Sucker Punch","floor":2.0},{"not_picked":["All Out Attack","Prepared"],"picked":"Escape Plan","floor":5.0},{"not_picked":["Dagger Spray","Poisoned Stab"],"picked":"Replay:Poison Smokescreen","floor":5.0},{"not_picked":["Bane","Sneak Up"],"picked":"Poison Darts","floor":6.0},{"not_picked":["Calculated Gamble","Reflex"],"picked":"Bouncing Flask","floor":7.0},{"not_picked":["Deflect","Slice"],"picked":"Calculated Gamble","floor":8.0},{"not_picked":["Poisoned Stab","Bane"],"picked":"Backflip","floor":12.0},{"not_picked":["Dagger Throw","Underhanded Strike"],"picked":"Draining Mist","floor":14.0},{"not_picked":["Wraith Form v2","Poison Darts"],"picked":"ReplayTheSpireMod:Necrosis","floor":16.0},{"not_picked":["Hidden Blade","Slice"],"picked":"Acrobatics","floor":18.0},{"not_picked":["Bane","Acrobatics"],"picked":"Deadly Poison","floor":19.0},{"not_picked":["Calculated Gamble","ReplayTheSpireMod:The Works"],"picked":"Deflect+1","floor":20.0},{"not_picked":["Cloak And Dagger+1","Wraith Form v2"],"picked":"Deadly Poison+1","floor":24.0},{"not_picked":["Blade Dance","Wraith Form v2"],"picked":"Endless Agony","floor":27.0},{"not_picked":["Underhanded Strike+1","Bane"],"picked":"Blur+1","floor":29.0},{"not_picked":["Dagger Throw+1","ReplayTheSpireMod:Shiv Toss"],"picked":"ReplayTheSpireMod:Speed Training","floor":31.0},{"not_picked":["Storm of Steel","Poison Darts"],"picked":"Envenom","floor":33.0},{"not_picked":["Outmaneuver+1","Acrobatics+1"],"picked":"Choke+1","floor":35.0},{"not_picked":["Accuracy+1","Riddle With Holes+1"],"picked":"Noxious Fumes","floor":36.0},{"not_picked":["Endless Agony","Cloak And Dagger+1"],"picked":"Outmaneuver+1","floor":38.0},{"not_picked":["Infinite Blades","Slice+1"],"picked":"Toxin Wave+1","floor":40.0},{"not_picked":["Deadly Poison+1","Dodge and Roll+1"],"picked":"Fluid Movement+1","floor":42.0},{"not_picked":["All Out Attack+1","Dagger Throw"],"picked":"Skewer+1","floor":45.0},{"not_picked":["All Out Attack","Well Laid Plans+1"],"picked":"ReplayTheSpireMod:Shiv Toss+1","floor":47},{"not_picked":["Sucker Punch","Slice+1"],"picked":"Bouncing Flask+1","floor":48}],"player_experience":98380,"relics_obtained":[{"floor":5.0,"key":"MawBank"},{"floor":6.0,"key":"Counterbalance"},{"floor":9.0,"key":"Iron Hammer"},{"floor":12.0,"key":"Bronze Scales"},{"floor":19.0,"key":"Red Mask"},{"floor":24.0,"key":"MealTicket"},{"floor":26.0,"key":"Garlic"},{"floor":27.0,"key":"Mirror"},{"floor":36.0,"key":"Lizard Tail"},{"floor":40.0,"key":"Anchor"},{"floor":43.0,"key":"ReplayTheSpireMod:TigerMarble"},{"floor":47,"key":"Whetstone"}],"event_choices":[{"damage_healed":0.0,"max_hp_gain":0.0,"max_hp_loss":0.0,"gold_gain":0.0,"cards_transformed":["Strike_G"],"event_name":"Living Wall","player_choice":"Change","floor":3.0,"gold_loss":0.0,"damage_taken":0.0,"cards_obtained":["All Out Attack"]},{"damage_healed":0.0,"max_hp_gain":0.0,"max_hp_loss":0.0,"gold_gain":175.0,"event_name":"Liars Game","player_choice":"AGREE","floor":4.0,"gold_loss":0.0,"damage_taken":0.0,"cards_obtained":["Doubt"]},{"damage_healed":0.0,"max_hp_gain":0.0,"max_hp_loss":0.0,"gold_gain":0.0,"event_name":"Shining Light","player_choice":"Entered Light","floor":10.0,"gold_loss":0.0,"damage_taken":14.0,"cards_upgraded":["All Out Attack","Underhanded Strike"]},{"damage_healed":0.0,"max_hp_gain":0.0,"max_hp_loss":0.0,"gold_gain":0.0,"event_name":"Masked Bandits","player_choice":"Fought Bandits","floor":19.0,"gold_loss":0.0,"damage_taken":0.0},{"damage_healed":0.0,"max_hp_gain":5.0,"max_hp_loss":0.0,"gold_gain":0.0,"event_name":"Forgotten Altar","player_choice":"Shed Blood","floor":28.0,"gold_loss":0.0,"damage_taken":19.0},{"damage_healed":0.0,"max_hp_gain":0.0,"max_hp_loss":0.0,"gold_gain":0.0,"event_name":"Mysterious Sphere","player_choice":"Fight","floor":36.0,"gold_loss":0.0,"damage_taken":0.0},{"cards_removed":["Doubt"],"damage_healed":0.0,"max_hp_gain":0.0,"max_hp_loss":0.0,"gold_gain":0.0,"event_name":"Purifier","player_choice":"Purged","floor":39.0,"gold_loss":0.0,"damage_taken":0.0}],"is_beta":false,"boss_relics":[{"not_picked":["Replay:Wanted Poster","WristBlade"],"picked":"Runic Pyramid"},{"not_picked":["Empty Cage","Replay:Drink Me"],"picked":"Painkiller Herb"}],"items_purged_floors":[],"is_endless":false,"potions_floor_spawned":[7,8,12,16,19,24,27,29,33,36,40],"ascension_level":0}}