{"host":"s9dep4x43c14s74h","time":1609836382,"event":{"mods":["BaseMod","Downfall","Gremlin Mod","Hermit","HololiveMod","Jorbs\u0027s Wanderer Trilogy","Lobotomy","Marisa????????","Minty Spire (QoL Compilation)","Replay The Spire","StSLib","The Animator","The Bug Knight","The Construct","The Cursed","The Necromancer","The Runesmith","The Servant 0.9.4"],"gold_per_floor":[184,203,223,223,242,242,242,192,205,205,221,6,37,37,50,154,154,104,117,129,139,158,175,175,195,224,235,185,185,185,185],"floor_reached":29,"playtime":1776,"items_purged":[],"score":314,"play_id":"093224ba-34bf-4c20-b41e-724d7c70e2f4","local_time":"20210105114622","is_ascension_mode":true,"campfire_choices":[{"data":"Slimebound:Split","floor":8,"key":"SMITH"},{"data":"Slimebound:MassFeed","floor":18,"key":"SMITH"},{"data":"Slimebound:Overexert","floor":28,"key":"SMITH"}],"circlet_count":0,"master_deck":["Slimebound:Strike_Slimebound","Slimebound:Strike_Slimebound","Slimebound:Tackle","Slimebound:Defend_Slimebound","Slimebound:Defend_Slimebound","Slimebound:Defend_Slimebound","Slimebound:Defend_Slimebound","Slimebound:Split+1","Slimebound:CorrosiveSpit","Slimebound:SplitBruiser","Slimebound:SplitAcid+1","Slimebound:SplitBruiser","Slimebound:GoopSpray","Slimebound:Overexert+1","Slimebound:SamplingLick","Slimebound:HauntingLick","Slimebound:SpikyOuterGoop","Slimebound:MassRepurpose","Slimebound:RollThrough","Slimebound:MassFeed+1","Slimebound:HauntingLick","Slimebound:SplitLeeching+1","Slimebound:Recycling","Slimebound:LeechEnergy+1","Slimebound:FlameTackle+1","Languid","Slimebound:SplitMire+1","Slimebound:LevelUp+1","Slimebound:Chomp+1"],"relics":["Slimebound:AbsorbEndCombat","Slimebound:GreedOozeRelic","Peace Pipe","Cursed Key","Onion Ring","ReplayTheSpireMod:Lightbulb"],"acts_visited":["Exordium","TheCity"],"potions_floor_usage":[13,26,26],"damage_taken":[{"damage":18,"enemies":"2 Louse","floor":2,"turns":3},{"damage":20,"enemies":"Jaw Worm","floor":3,"turns":3},{"damage":8,"enemies":"Small Slimes","floor":5,"turns":2},{"damage":27,"enemies":"Gremlin Gang","floor":9,"turns":4},{"damage":24,"enemies":"Blue Slaver","floor":11,"turns":2},{"damage":26,"enemies":"downfall:FleeingMerchant","floor":12,"turns":4},{"damage":13,"enemies":"Gremlin Nob","floor":13,"turns":3},{"damage":22,"enemies":"Large Slime","floor":15,"turns":4},{"damage":62,"enemies":"downfall:Defect","floor":16,"turns":5},{"damage":37,"enemies":"Spheric Guardian","floor":19,"turns":4},{"damage":33,"enemies":"Cultist and Chosen","floor":20,"turns":5},{"damage":36,"enemies":"Chosen and Byrds","floor":21,"turns":4},{"damage":64,"enemies":"Shelled Parasite and Fungi","floor":22,"turns":5},{"damage":22,"enemies":"Snake Plant","floor":23,"turns":3},{"damage":36,"enemies":"Snecko","floor":25,"turns":4},{"damage":47,"enemies":"Book of Stabbing","floor":26,"turns":3},{"damage":20,"enemies":"Cultist and Chosen","floor":27,"turns":3},{"damage":30,"enemies":"Slavers","floor":29,"turns":1}],"seed_played":"-2457825739899872397","potions_obtained":[{"floor":2,"key":"FairyPotion"},{"floor":5,"key":"Strength Potion"},{"floor":11,"key":"SpeedPotion"},{"floor":21,"key":"Reflective Coating"},{"floor":22,"key":"Dexterity Potion"}],"is_trial":false,"path_per_floor":["R","M","M","?","M","?","T","R","M","?","M","$","E","?","M","B",null,"R","M","M","M","M","M","T","M","E","M","R","E"],"character_chosen":"SLIMEBOUND","items_purchased":["Slimebound:SamplingLick","Slimebound:HauntingLick","Slimebound:SpikyOuterGoop"],"campfire_rested":0,"item_purchase_floors":[12,12,12],"current_hp_per_floor":[66,56,56,61,61,61,61,61,58,58,54,56,55,55,53,25,71,71,46,51,53,35,29,29,27,20,20,20,0,0,0],"gold":185,"neow_bonus":"TEN_PERCENT_HP_BONUS","is_daily":false,"chose_seed":false,"campfire_upgraded":3,"win_rate":0.0,"timestamp":1609836382,"path_taken":["R","M","M","?","M","?","T","R","M","?","?","$","E","?","M","BOSS","R","M","M","M","M","M","T","M","E","M","R","E"],"items_purchased_type":["Card","Card","Card"],"build_version":"2020-12-22","purchased_purges":0,"victory":false,"max_hp_per_floor":[66,66,66,71,71,71,71,71,71,71,71,71,71,71,71,71,71,71,71,71,71,71,71,71,75,75,75,75,75,75,75],"card_choices":[{"not_picked":["Slimebound:RainOfGoop","Slimebound:PressTheAttack"],"picked":"Slimebound:SplitBruiser","floor":2},{"not_picked":["Slimebound:Chomp","Slimebound:ViciousTackle"],"picked":"Slimebound:SplitAcid","floor":3},{"not_picked":["Slimebound:ItLooksTasty","Slimebound:GrowthPunch"],"picked":"Slimebound:SplitBruiser","floor":5},{"not_picked":["Slimebound:ComboTackle","Slimebound:PressTheAttack"],"picked":"Slimebound:GoopSpray","floor":9},{"not_picked":["Slimebound:ViciousTackle","Slimebound:SplitMire"],"picked":"Slimebound:Overexert","floor":11},{"not_picked":["Slimebound:FinishingTackle","Slimebound:GoopSpray","Slimebound:SlimeSpikes"],"picked":"SKIP","floor":12},{"not_picked":["Slimebound:SlimeBarrage","Slimebound:Dissolve"],"picked":"Slimebound:MassRepurpose","floor":13},{"not_picked":["Slimebound:SplitLeeching","Slimebound:SplitBruiser"],"picked":"Slimebound:RollThrough","floor":15},{"not_picked":["Slimebound:RallyTheTroops","Slimebound:OozeBath"],"picked":"Slimebound:MassFeed","floor":16},{"not_picked":["Slimebound:RollThrough","Slimebound:SplitLeeching+1"],"picked":"Slimebound:HauntingLick","floor":19},{"not_picked":["Slimebound:PressTheAttack+1","Slimebound:Dissolve+1"],"picked":"Slimebound:SplitLeeching+1","floor":20},{"not_picked":["Slimebound:Repurpose","Slimebound:Nibble"],"picked":"Slimebound:Recycling","floor":21},{"not_picked":["Slimebound:Replication","Slimebound:SplitAcid"],"picked":"Slimebound:LeechEnergy+1","floor":22},{"not_picked":["Slimebound:GrowthPunch","Slimebound:LeechingTouch"],"picked":"Slimebound:FlameTackle+1","floor":23},{"not_picked":["Slimebound:FinishingTackle","Slimebound:TongueLash"],"picked":"Slimebound:SplitMire+1","floor":25},{"not_picked":["Slimebound:ViciousTackle+1","Slimebound:SplitAcid"],"picked":"Slimebound:LevelUp+1","floor":26},{"not_picked":["Slimebound:ComboTackle","Slimebound:SamplingLick"],"picked":"Slimebound:Chomp+1","floor":27}],"player_experience":820242,"relics_obtained":[{"floor":13,"key":"Peace Pipe"},{"floor":24,"key":"Onion Ring"},{"floor":26,"key":"ReplayTheSpireMod:Lightbulb"}],"event_choices":[{"damage_healed":0,"gold_gain":0,"player_choice":"Donut","damage_taken":0,"max_hp_gain":5,"max_hp_loss":0,"event_name":"Big Fish","floor":4,"gold_loss":0},{"damage_healed":0,"gold_gain":0,"player_choice":"Forge","damage_taken":0,"max_hp_gain":0,"max_hp_loss":0,"event_name":"Accursed Blacksmith","floor":10,"gold_loss":0,"cards_upgraded":["Slimebound:SplitAcid"]}],"is_beta":false,"boss_relics":[{"not_picked":["Pandora\u0027s Box","construct:ClawGrip"],"picked":"Cursed Key"}],"items_purged_floors":[],"is_endless":false,"potions_floor_spawned":[2,5,11,21,22],"killed_by":"Slavers","ascension_level":3}}