{"host":"Rich","time":1609814255,"event":{"mods":["AchievementEnabler","BaseMod","Highlight Path","Minty Spire (QoL Compilation)","Relic Stats"],"gold_per_floor":[119,7,107,122,22,52,71,91,117,142,153,153,153],"floor_reached":12,"playtime":338,"items_purged":["Strike_P","Strike_P"],"score":230,"play_id":"35b9fffc-a440-4475-9fea-275afe3907c8","local_time":"20210104213735","is_ascension_mode":true,"campfire_choices":[],"circlet_count":0,"master_deck":["AscendersBane","Strike_P","Strike_P","Defend_P","Defend_P","Defend_P","Defend_P","Eruption","Vigilance","JustLucky","FearNoEvil","BowlingBash","Wireheading","SashWhip","EmptyBody","Protect","CutThroughFate"],"relics":["PureWater","NeowsBlessing","Tiny Chest","Omamori","Blood Vial"],"acts_visited":["Exordium"],"potions_floor_usage":[8,10,12],"damage_taken":[{"damage":0,"enemies":"Jaw Worm","floor":1,"turns":1},{"damage":0,"enemies":"Cultist","floor":4,"turns":1},{"damage":0,"enemies":"Gremlin Nob","floor":6,"turns":1},{"damage":0,"enemies":"2 Louse","floor":7,"turns":2},{"damage":4,"enemies":"Gremlin Gang","floor":8,"turns":3},{"damage":32,"enemies":"Lagavulin","floor":10,"turns":8},{"damage":0,"enemies":"Looter","floor":11,"turns":4},{"damage":10,"enemies":"3 Sentries","floor":12,"turns":3}],"seed_played":"7861341268018000637","potions_obtained":[{"floor":4,"key":"Fire Potion"},{"floor":7,"key":"Fruit Juice"},{"floor":8,"key":"EssenceOfSteel"},{"floor":10,"key":"GamblersBrew"}],"is_trial":false,"path_per_floor":["M","$","?","M","$","E","M","M","T","E","M","E"],"character_chosen":"WATCHER","items_purchased":["FearNoEvil"],"campfire_rested":0,"item_purchase_floors":[2],"current_hp_per_floor":[61,61,61,61,61,61,61,57,57,30,32,24,24],"gold":153,"neow_bonus":"THREE_ENEMY_KILL","is_daily":false,"chose_seed":false,"campfire_upgraded":0,"win_rate":0.0,"timestamp":1609814255,"path_taken":["M","$","?","?","$","E","M","M","T","E","M","E"],"items_purchased_type":["Card"],"build_version":"2020-12-18","purchased_purges":2,"victory":false,"max_hp_per_floor":[68,68,68,68,68,68,68,68,68,73,73,73,73],"relic_stats":{"Blood Vial":4,"counters":[8,23],"Tiny Chest":0,"obtain_stats":[{"Blood Vial":10,"NeowsBlessing":0,"Tiny Chest":6,"Omamori":9,"PureWater":0},{"Blood Vial":6,"NeowsBlessing":0,"Tiny Chest":3,"Omamori":5,"PureWater":0},{"Blood Vial":16,"NeowsBlessing":0,"Tiny Chest":3,"Omamori":8,"PureWater":0}]},"card_choices":[{"not_picked":["FollowUp","EmptyBody"],"picked":"JustLucky","floor":1},{"not_picked":["EmptyBody","JustLucky"],"picked":"BowlingBash","floor":4},{"not_picked":["Evaluate","Nirvana"],"picked":"Wireheading","floor":6},{"not_picked":["Evaluate","EmptyBody"],"picked":"SashWhip","floor":7},{"not_picked":["Collect","BowlingBash"],"picked":"EmptyBody","floor":8},{"not_picked":["DeceiveReality","FollowUp"],"picked":"Protect","floor":10},{"not_picked":["Judgement","Swivel"],"picked":"CutThroughFate","floor":11}],"player_experience":1962717,"relics_obtained":[{"floor":6,"key":"Tiny Chest"},{"floor":9,"key":"Omamori"},{"floor":10,"key":"Blood Vial"}],"event_choices":[{"damage_healed":0,"gold_gain":100,"player_choice":"Gold","damage_taken":0,"max_hp_gain":0,"max_hp_loss":0,"event_name":"Wheel of Change","floor":3,"gold_loss":0}],"is_beta":true,"boss_relics":[],"items_purged_floors":[2,5],"is_endless":false,"potions_floor_spawned":[4,7,8,10],"killed_by":"3 Sentries","ascension_level":20}}