{"host":"kig4ty9d1aubg29s","time":1609850099,"event":{"mods":["BaseMod","Minty Spire (QoL Compilation)","READ ME - Guardian Mod","READ ME - Snecko Mod","StSLib","The Cursed","The Gatherer","The Hierophant","The Runesmith"],"gold_per_floor":[116,128,128,144,159,169,169,232,232,248,248,263,295,319,331,415,427,455,467,494,506,518,518],"floor_reached":22,"playtime":942,"items_purged":[],"score":380,"play_id":"1883eabb-7dcc-4e7b-a10b-9de54018e834","local_time":"20210105213459","is_ascension_mode":true,"campfire_choices":[{"floor":7,"key":"REST"},{"floor":11,"key":"REST"},{"floor":15,"key":"REST"}],"circlet_count":0,"master_deck":["AscendersBane","Strike_B","Strike_B","Strike_B","Defend_B","Defend_B","Zap","Dualcast","Rainbow","Defragment","Conserve Battery","Cold Snap","Self Repair","Conserve Battery","Doom and Gloom","Ball Lightning","Gash","Defragment","Stack","Electrodynamics","Hyperbeam+1","All For One+1","Reinforced Body+1","Chaos","Static Discharge"],"relics":["Cracked Core","Question Card","Matryoshka","Pear","White Beast Statue","MawBank","Astrolabe","MutagenicStrength"],"acts_visited":["Exordium","TheCity"],"potions_floor_usage":[2,6,13,13,16,20],"damage_taken":[{"damage":1,"enemies":"2 Louse","floor":1,"turns":2},{"damage":3,"enemies":"Small Slimes","floor":2,"turns":4},{"damage":3,"enemies":"Cultist","floor":4,"turns":4},{"damage":12,"enemies":"Large Slime","floor":5,"turns":7},{"damage":16,"enemies":"2 Fungi Beasts","floor":6,"turns":5},{"damage":46,"enemies":"Lagavulin Event","floor":8,"turns":6},{"damage":14,"enemies":"Exordium Wildlife","floor":10,"turns":4},{"damage":3,"enemies":"Large Slime","floor":12,"turns":4},{"damage":6,"enemies":"Gremlin Nob","floor":13,"turns":3},{"damage":15,"enemies":"Blue Slaver","floor":14,"turns":3},{"damage":30,"enemies":"Hexaghost","floor":16,"turns":9},{"damage":22,"enemies":"Spheric Guardian","floor":18,"turns":4},{"damage":30,"enemies":"Shell Parasite","floor":20,"turns":3},{"damage":37,"enemies":"Centurion and Healer","floor":22,"turns":4}],"seed_played":"-8930816649783042455","potions_obtained":[{"floor":1,"key":"GamblersBrew"},{"floor":5,"key":"BlessingOfTheForge"},{"floor":10,"key":"Strength Potion"},{"floor":12,"key":"Regen Potion"},{"floor":13,"key":"GamblersBrew"},{"floor":14,"key":"LiquidMemories"},{"floor":16,"key":"Strength Potion"},{"floor":18,"key":"FearPotion"},{"floor":20,"key":"FocusPotion"}],"is_trial":false,"path_per_floor":["M","M","?","M","M","M","R","?","T","M","R","M","E","M","R","B",null,"M","?","M","?","M"],"character_chosen":"DEFECT","items_purchased":[],"campfire_rested":3,"item_purchase_floors":[],"current_hp_per_floor":[63,60,60,57,45,36,57,18,28,21,45,42,45,37,61,38,70,55,55,25,25,0,0],"gold":518,"neow_bonus":"ONE_RANDOM_RARE_CARD","is_daily":false,"chose_seed":false,"campfire_upgraded":0,"win_rate":0.0,"timestamp":1609850099,"path_taken":["M","M","?","M","M","M","R","?","T","M","R","M","E","M","R","BOSS","M","?","M","?","M"],"items_purchased_type":[],"build_version":"2020-12-22","purchased_purges":0,"victory":false,"max_hp_per_floor":[71,71,71,71,71,71,71,71,81,81,81,81,81,81,81,81,81,81,81,81,81,81,81],"card_choices":[{"not_picked":["Skim","Steam"],"picked":"Defragment","floor":1},{"not_picked":["Compile Driver","Steam Power"],"picked":"Conserve Battery","floor":2},{"not_picked":["Conserve Battery","Redo","Double Energy"],"picked":"Cold Snap","floor":4},{"not_picked":["Beam Cell","Compile Driver","Scrape"],"picked":"Self Repair","floor":5},{"not_picked":["Aggregate","Tempest","Reprogram"],"picked":"Conserve Battery","floor":6},{"not_picked":["Turbo","Aggregate","Recycle"],"picked":"Doom and Gloom","floor":8},{"not_picked":["Turbo","Conserve Battery","Genetic Algorithm"],"picked":"Ball Lightning","floor":10},{"not_picked":["Streamline","Steam","Go for the Eyes"],"picked":"Gash","floor":12},{"not_picked":["Glacier","Hyperbeam","Stack"],"picked":"Defragment","floor":13},{"not_picked":["Barrage","Steam","Compile Driver"],"picked":"Stack","floor":14},{"not_picked":["Hyperbeam","Amplify","Echo Form"],"picked":"Electrodynamics","floor":16},{"not_picked":["Barrage","Coolheaded","Leap"],"picked":"Chaos","floor":18},{"not_picked":["Rebound+1","Go for the Eyes","Darkness"],"picked":"Static Discharge","floor":20}],"player_experience":1912468,"relics_obtained":[{"floor":8,"key":"Matryoshka"},{"floor":9,"key":"Pear"},{"floor":9,"key":"White Beast Statue"},{"floor":13,"key":"MawBank"}],"event_choices":[{"damage_healed":0,"gold_gain":0,"player_choice":"Box","damage_taken":0,"relics_obtained":["Question Card"],"max_hp_gain":0,"max_hp_loss":0,"event_name":"Big Fish","floor":3,"gold_loss":0,"cards_obtained":["Regret"]},{"damage_healed":0,"gold_gain":0,"player_choice":"Searched \u00271\u0027 times","damage_taken":0,"max_hp_gain":0,"max_hp_loss":0,"event_name":"Dead Adventurer","floor":8,"gold_loss":0},{"damage_healed":0,"gold_gain":0,"player_choice":"Inject Mutagens","damage_taken":0,"relics_obtained":["MutagenicStrength"],"max_hp_gain":0,"max_hp_loss":0,"event_name":"Drug Dealer","floor":19,"gold_loss":0},{"cards_removed":["Regret"],"damage_healed":0,"gold_gain":0,"player_choice":"Elegance","damage_taken":0,"max_hp_gain":0,"max_hp_loss":0,"event_name":"Back to Basics","floor":21,"gold_loss":0}],"is_beta":false,"boss_relics":[{"not_picked":["SlaversCollar","Cursed Key"],"picked":"Astrolabe"}],"items_purged_floors":[],"is_endless":false,"potions_floor_spawned":[1,5,10,12,13,14,16,18,20],"killed_by":"Centurion and Healer","ascension_level":20}}