{"host":"4d3077vv24x7opeb","time":1609875805,"event":{"mods":["2.2 Compatiblity","Act Like it!","Bard","BaseMod","Bestiary","Better Altar","Better Match","Better Note","Better Sensory Stone","Better Skull","Better Third Choice","ChefMod","Colored Map","Colored Powertips","Gensokyo","Hallownest","Hermit","Highlight Path","Koishi","Marisa????????","Minty Spire (QoL Compilation)","Reimu??????","Relic Stats","Robot Space Explorer","StSLib","The Administrix","The Bug Knight","The Construct","The Disciple","The Gatherer","The Hierophant","The Marked","The Runesmith","The Senshi","The Servant 0.9.4","The Showman","TheArtist","TheFirefly","everything is the same but u backflip on backflip","slay the spire mod where everything is the same but ironclad has a cowboy hat"],"gold_per_floor":[115,127,142,158,158,184,184,215,215,61,61,61,95,95,95,190,190,203,31,44,44,64,64,83,83,106,106,106,121,133,160,160,257,257,270,287,287,306,406,406,422,422,422,44,62,62,80,90,90,90,90],"floor_reached":50,"playtime":4221,"items_purged":["theMarked:Strike"],"score":559,"play_id":"d7feae42-5d45-4312-a811-8f1e2a144ec9","local_time":"20210105114325","is_ascension_mode":false,"campfire_choices":[{"data":"theMarked:StartUp","floor":7,"key":"SMITH"},{"floor":11,"key":"REST"},{"data":"theMarked:Polarize","floor":15,"key":"SMITH"},{"data":"theMarked:ElementalBlade","floor":23,"key":"SMITH"},{"data":"theMarked:Parkour","floor":25,"key":"SMITH"},{"data":"theMarked:Parkour","floor":27,"key":"SMITH"},{"floor":32,"key":"REST"},{"floor":40,"key":"REST"},{"floor":42,"key":"REST"},{"data":"theMarked:RepellingDischarge","floor":49,"key":"SMITH"}],"circlet_count":0,"master_deck":["theMarked:Strike","theMarked:Strike","theMarked:Strike","theMarked:Strike","theMarked:Defend","theMarked:Defend","theMarked:Defend","theMarked:Defend","theMarked:SoldierOfQuellstein+1","theMarked:Polarize+1","theMarked:Parkour+1","theMarked:TwofoldDefense","theMarked:Parkour+1","theMarked:StartUp+1","theMarked:ChannelForce","theMarked:EmpowerWeapon","theMarked:Static+1","theMarked:RogueSparks","theMarked:Generate+1","theMarked:ElementalBlade+1","theMarked:ComboAttacks+1","theMarked:Abjuration","CurseOfTheBell","theMarked:EnhanceMovement","theMarked:WardOff+1","theMarked:WardOff+1","theMarked:ParalyzingBlade+1","theMarked:EnhanceMovement","theMarked:RepellingDischarge+1"],"relics":["theMarked:ArtifactOfAir","Matryoshka","Eternal Feather","Ancient Tea Set","HollowMod:LifeEnderRelic","Potion Belt","Blood Vial","Philosopher\u0027s Stone","Pen Nib","HollowMod:PaleOreRelic","RuthlessExorcism:ReiMu","Calling Bell","Bag of Marbles","Tea:ReiMu","Incense Burner","theMarked:SecretDocuments","TungstenRod"],"acts_visited":["Exordium","TheCity","TheBeyond"],"potions_floor_usage":[5,8,18,29,31,31,33,33,38,38,50,50],"damage_taken":[{"damage":1,"enemies":"Cultist","floor":1,"turns":3},{"damage":3,"enemies":"Small Slimes","floor":2,"turns":4},{"damage":6,"enemies":"Jaw Worm","floor":3,"turns":2},{"damage":0,"enemies":"3 Louse","floor":4,"turns":2},{"damage":22,"enemies":"Lagavulin","floor":6,"turns":7},{"damage":14,"enemies":"Gremlin Nob","floor":8,"turns":3},{"damage":11,"enemies":"3 Sentries","floor":13,"turns":4},{"damage":0,"enemies":"Slime Boss","floor":16,"turns":6},{"damage":24,"enemies":"2 Thieves","floor":18,"turns":4},{"damage":6,"enemies":"Spheric Guardian","floor":20,"turns":3},{"damage":18,"enemies":"Snecko","floor":22,"turns":4},{"damage":8,"enemies":"Centurion and Healer","floor":24,"turns":4},{"damage":0,"enemies":"Snake Plant","floor":29,"turns":3},{"damage":24,"enemies":"Shelled Parasite and Fungi","floor":30,"turns":4},{"damage":7,"enemies":"Gremlin Leader","floor":31,"turns":3},{"damage":55,"enemies":"Automaton","floor":33,"turns":8},{"damage":20,"enemies":"3 Darklings","floor":35,"turns":4},{"damage":2,"enemies":"3 Shapes","floor":36,"turns":3},{"damage":39,"enemies":"Transient","floor":38,"turns":5},{"damage":24,"enemies":"Jaw Worm Horde","floor":41,"turns":4},{"damage":11,"enemies":"Spire Growth","floor":45,"turns":4},{"damage":12,"enemies":"Maw","floor":47,"turns":6},{"damage":22,"enemies":"Writhing Mass","floor":48,"turns":5},{"damage":74,"enemies":"Awakened One","floor":50,"turns":15}],"seed_played":"1349775905926996457","potions_obtained":[{"floor":2,"key":"Swift Potion"},{"floor":3,"key":"DistilledChaos"},{"floor":4,"key":"Fruit Juice"},{"floor":16,"key":"Fire Potion"},{"floor":20,"key":"DistilledChaos"},{"floor":24,"key":"DistilledChaos"},{"floor":30,"key":"Block Potion"},{"floor":33,"key":"ColorlessPotion"},{"floor":35,"key":"SkillPotion"},{"floor":47,"key":"Explosive Potion"},{"floor":48,"key":"Explosive Potion"}],"is_trial":false,"path_per_floor":["M","M","M","M","?","E","R","E","T","$","R","$","E","$","R","B",null,"M","$","M","?","M","R","M","R","T","R","?","M","M","E","R","B",null,"M","M","?","M","?","R","M","R","T","$","M","?","M","M","R","B"],"character_chosen":"THE_DEFAULT","items_purchased":["Potion Belt","theMarked:RogueSparks","theMarked:SummonPotion","TungstenRod"],"campfire_rested":4,"item_purchase_floors":[10,19,19,44],"current_hp_per_floor":[76,73,67,67,72,50,50,36,36,36,69,69,58,58,67,69,82,58,58,54,92,74,86,80,92,92,92,92,92,68,63,92,37,92,72,72,72,35,35,77,55,92,92,92,81,86,76,56,71,0,0],"gold":90,"neow_bonus":"TEN_PERCENT_HP_BONUS","is_daily":false,"chose_seed":false,"campfire_upgraded":6,"win_rate":0.0,"timestamp":1609875805,"path_taken":["M","?","M","M","?","E","R","E","T","$","R","?","E","$","R","BOSS","M","$","M","?","M","R","M","R","T","R","?","M","M","E","R","BOSS","M","M","?","M","?","R","?","R","T","$","?","?","M","M","R","BOSS"],"items_purchased_type":["Relic","Card","Potion","Relic"],"build_version":"2020-12-22","purchased_purges":1,"victory":false,"max_hp_per_floor":[77,77,77,77,82,82,82,82,82,82,82,82,82,82,82,82,82,82,82,82,92,92,92,92,92,92,92,92,92,92,92,92,92,92,92,92,92,92,92,92,92,92,92,92,92,92,92,92,92,92,92],"relic_stats":{"Blood Vial":20,"counters":[24,110],"Eternal Feather":99,"Pen Nib":[13],"obtain_stats":[{"Potion Belt":10,"HollowMod:LifeEnderRelic":9,"Tea:ReiMu":34,"Eternal Feather":8,"Pen Nib":26,"Incense Burner":34,"Ancient Tea Set":9,"Blood Vial":13,"Calling Bell":34,"theMarked:ArtifactOfAir":0,"Matryoshka":6,"theMarked:SecretDocuments":43,"Philosopher\u0027s Stone":17,"Bag of Marbles":34,"HollowMod:PaleOreRelic":26,"TungstenRod":44,"RuthlessExorcism:ReiMu":31},{"Potion Belt":6,"HollowMod:LifeEnderRelic":6,"Tea:ReiMu":16,"Eternal Feather":6,"Pen Nib":12,"Incense Burner":16,"Ancient Tea Set":6,"Blood Vial":7,"Calling Bell":16,"theMarked:ArtifactOfAir":0,"Matryoshka":5,"theMarked:SecretDocuments":20,"Philosopher\u0027s Stone":8,"Bag of Marbles":16,"HollowMod:PaleOreRelic":12,"TungstenRod":20,"RuthlessExorcism:ReiMu":15},{"Potion Belt":21,"HollowMod:LifeEnderRelic":21,"Tea:ReiMu":64,"Eternal Feather":21,"Pen Nib":46,"Incense Burner":64,"Ancient Tea Set":21,"Blood Vial":25,"Calling Bell":64,"theMarked:ArtifactOfAir":0,"Matryoshka":18,"theMarked:SecretDocuments":80,"Philosopher\u0027s Stone":31,"Bag of Marbles":64,"HollowMod:PaleOreRelic":46,"TungstenRod":80,"RuthlessExorcism:ReiMu":56}],"TungstenRod":21},"card_choices":[{"not_picked":["theMarked:WastefulDefense","theMarked:KeepCalmAndFightOn"],"picked":"theMarked:Polarize","floor":1},{"not_picked":["theMarked:ChainLightning","theMarked:AttractMetal"],"picked":"theMarked:Parkour","floor":2},{"not_picked":["theMarked:WastefulDefense","theMarked:WastefulAttack"],"picked":"theMarked:TwofoldDefense","floor":3},{"not_picked":["theMarked:Frustration","theMarked:BanishingStrike"],"picked":"theMarked:Parkour","floor":4},{"not_picked":["theMarked:LightningStrikesTwice","theMarked:RepellingDischarge"],"picked":"theMarked:StartUp","floor":6},{"not_picked":["theMarked:TwofoldDefense","theMarked:WastefulDefense"],"picked":"theMarked:ChannelForce","floor":8},{"not_picked":["theMarked:ElectricStrings","theMarked:LightningStrikesTwice"],"picked":"theMarked:EmpowerWeapon","floor":13},{"not_picked":["theMarked:Snap","theMarked:UnarmedFury"],"picked":"theMarked:SuspiciousRaven","floor":16},{"not_picked":["theMarked:Frustration","theMarked:Electrify"],"picked":"theMarked:Static+1","floor":18},{"not_picked":["theMarked:Opportunist","theMarked:StartUp+1"],"picked":"theMarked:Generate+1","floor":20},{"not_picked":["theMarked:SwordAndMagic","theMarked:WardOff"],"picked":"theMarked:ElementalBlade","floor":22},{"not_picked":["theMarked:Improvise","theMarked:Electrify","theMarked:ReduceFriction"],"picked":"SKIP","floor":24},{"not_picked":["theMarked:TwofoldDefense","theMarked:Improvise","theMarked:WastefulAttack+1"],"picked":"SKIP","floor":29},{"not_picked":["theMarked:TakeCover","theMarked:Improvise","theMarked:Indomitable"],"picked":"SKIP","floor":30},{"not_picked":["theMarked:HeightenedSenses+1","theMarked:EnhanceMovement"],"picked":"theMarked:ComboAttacks+1","floor":31},{"not_picked":["theMarked:ChannelForce","theMarked:SummonStrength"],"picked":"theMarked:Abjuration","floor":33},{"not_picked":["theMarked:BanishingStrike+1","theMarked:TwofoldDefense+1"],"picked":"theMarked:EnhanceMovement","floor":35},{"not_picked":["theMarked:Seal+1","theMarked:HeightenedSenses"],"picked":"theMarked:WardOff+1","floor":36},{"not_picked":["theMarked:Frustration+1","theMarked:WastefulDefense+1"],"picked":"theMarked:WardOff+1","floor":38},{"not_picked":["theMarked:TunnelVision","theMarked:SwordAndMagic+1","theMarked:CreepingChasm"],"picked":"SKIP","floor":41},{"not_picked":["theMarked:Frustration+1","theMarked:MaelstromOfLightning+1"],"picked":"theMarked:ParalyzingBlade+1","floor":45},{"not_picked":["theMarked:Polarize+1","theMarked:Electrocute+1"],"picked":"theMarked:EnhanceMovement","floor":47},{"not_picked":["theMarked:Aftermath","theMarked:MuscleMemory"],"picked":"theMarked:RepellingDischarge","floor":48}],"player_experience":331316,"relics_obtained":[{"floor":6,"key":"Matryoshka"},{"floor":8,"key":"Eternal Feather"},{"floor":9,"key":"Ancient Tea Set"},{"floor":9,"key":"HollowMod:LifeEnderRelic"},{"floor":13,"key":"Blood Vial"},{"floor":26,"key":"Pen Nib"},{"floor":26,"key":"HollowMod:PaleOreRelic"},{"floor":31,"key":"RuthlessExorcism:ReiMu"},{"floor":34,"key":"Bag of Marbles"},{"floor":34,"key":"Tea:ReiMu"},{"floor":34,"key":"Incense Burner"},{"floor":43,"key":"theMarked:SecretDocuments"}],"event_choices":[{"damage_healed":0,"gold_gain":0,"player_choice":"Grow","damage_taken":0,"max_hp_gain":0,"max_hp_loss":0,"event_name":"Living Wall","floor":5,"gold_loss":0,"cards_upgraded":["theMarked:SoldierOfQuellstein"]},{"cards_removed":["theMarked:SuspiciousRaven"],"damage_healed":28,"gold_gain":0,"player_choice":"Offered Rare","damage_taken":0,"max_hp_gain":10,"max_hp_loss":0,"event_name":"Bonfire Elementals","floor":21,"gold_loss":0},{"damage_healed":0,"gold_gain":0,"player_choice":"Ignored","damage_taken":0,"max_hp_gain":0,"max_hp_loss":0,"event_name":"betterNote:BetterNote","floor":28,"gold_loss":0,"cards_obtained":["chefmod:OrderUp"]},{"damage_healed":0,"gold_gain":0,"player_choice":"Ignored","damage_taken":0,"max_hp_gain":0,"max_hp_loss":0,"event_name":"Tomb of Lord Red Mask","floor":37,"gold_loss":0},{"damage_healed":0,"gold_gain":100,"player_choice":"Pray","damage_taken":0,"max_hp_gain":0,"max_hp_loss":0,"event_name":"Golden Shrine","floor":39,"gold_loss":0},{"damage_healed":5,"gold_gain":0,"player_choice":"LEAVE ","damage_taken":0,"relics_obtained":[],"max_hp_gain":0,"max_hp_loss":0,"event_name":"betterSkull:BetterSkull","floor":46,"gold_loss":0,"cards_upgraded":[]}],"is_beta":false,"boss_relics":[{"not_picked":["Cursed Key","Tiny House"],"picked":"Philosopher\u0027s Stone"},{"not_picked":["Coffee Dripper","Velvet Choker"],"picked":"Calling Bell"}],"items_purged_floors":[44],"is_endless":false,"potions_floor_spawned":[2,3,4,16,20,24,30,33,35,47,48],"killed_by":"Awakened One","ascension_level":0}}