{"host":"56ghxnzsglgdq727","time":1609841458,"event":{"mods":["AchievementEnabler","BaseMod","Downfall","Minty Spire (QoL Compilation)","StSLib"],"gold_per_floor":[99,99,99,99,99,119,146,158,176,9,26,46,71,71,90,194,194,119,134,9,19,19,4,4,68,68,79,96,96,21,36,47,148,148,73,92,92,92,92,92,92,92,92,106,106,106,106],"floor_reached":45,"playtime":2049,"items_purged":["hexamod:SkipABeat"],"score":438,"play_id":"46893281-d6c8-44f0-87e8-69daf1fa9b4e","local_time":"20210105051058","is_ascension_mode":false,"campfire_choices":[{"data":"hexamod:Float","floor":1,"key":"SMITH"},{"data":"hexamod:TimeOfNeed","floor":18,"key":"SMITH"},{"floor":26,"key":"RECALL"},{"floor":30,"key":"REST"},{"data":"hexamod:GiftsFromTheDead","floor":35,"key":"SMITH"},{"data":"hexamod:TimeOfNeed","floor":42,"key":"SMITH"}],"circlet_count":0,"master_deck":["hexamod:Sear","hexamod:Float+1","hexamod:RainOfEmbers+1","hexamod:FourthSeal","hexamod:SpectralAdrenaline+1","hexamod:Rewind+1","hexamod:SpectersWail","hexamod:TimeOfNeed+1","hexamod:HeatCrush","hexamod:HeatCrush","hexamod:SpectralSpark","hexamod:GhostOfSpireFuture","hexamod:SkipABeat","hexamod:RecurringNightmare","hexamod:TimeOfNeed+1","hexamod:ThirdSeal","hexamod:FirstSeal","hexamod:SpectersWail","hexamod:TimeOfNeed+1","hexamod:VolcanoVisage","hexamod:SpectersWail","hexamod:SoulSteal","hexamod:EtherealExpedition+1","hexamod:GiftsFromTheDead+1","hexamod:FifthSeal","hexamod:SixthSeal","hexamod:EtherealExpedition+1","expansioncontent:DefensiveMode","expansioncontent:AwakenDeath","hexamod:SecondSeal"],"relics":["hexamod:SpiritBrand","downfall:HeartsMalice","Vajra","Juzu Bracelet","Eternal Feather","Pandora\u0027s Box","downfall:HeartBlessingGreen","hexamod:InflammatoryLetter","Gremlin Horn","downfall:HeartBlessingBlue","SlaversCollar","downfall:HeartBlessingRed","InkBottle"],"acts_visited":["Exordium","TheCity","TheBeyond"],"potions_floor_usage":[10,13,13,16,16,16,19,20,21,23,27,28,31,32,33,36,36,45,45],"damage_taken":[{"damage":0,"enemies":"Jaw Worm","floor":2,"turns":1},{"damage":0,"enemies":"Cultist","floor":3,"turns":1},{"damage":0,"enemies":"Small Slimes","floor":5,"turns":1},{"damage":7,"enemies":"Exordium Thugs","floor":6,"turns":3},{"damage":4,"enemies":"Exordium Wildlife","floor":8,"turns":4},{"damage":1,"enemies":"Blue Slaver","floor":9,"turns":3},{"damage":0,"enemies":"downfall:FleeingMerchant","floor":10,"turns":4},{"damage":5,"enemies":"Red Slaver","floor":11,"turns":3},{"damage":6,"enemies":"3 Louse","floor":12,"turns":3},{"damage":24,"enemies":"3 Sentries","floor":13,"turns":5},{"damage":1,"enemies":"2 Fungi Beasts","floor":15,"turns":4},{"damage":7,"enemies":"downfall:Defect","floor":16,"turns":4},{"damage":7,"enemies":"Spheric Guardian","floor":19,"turns":3},{"damage":0,"enemies":"downfall:FleeingMerchant","floor":20,"turns":4},{"damage":30,"enemies":"3 Byrds","floor":21,"turns":5},{"damage":8,"enemies":"downfall:FleeingMerchant","floor":23,"turns":4},{"damage":25,"enemies":"downfall:FleeingMerchant","floor":25,"turns":4},{"damage":30,"enemies":"Snecko","floor":27,"turns":4},{"damage":8,"enemies":"Centurion and Healer","floor":28,"turns":3},{"damage":9,"enemies":"Snake Plant","floor":31,"turns":3},{"damage":31,"enemies":"Snecko","floor":32,"turns":5},{"damage":29,"enemies":"downfall:Watcher","floor":33,"turns":7},{"damage":19,"enemies":"Orb Walker","floor":36,"turns":3},{"damage":71,"enemies":"3 Shapes","floor":44,"turns":5},{"damage":40,"enemies":"Reptomancer","floor":45,"turns":3}],"seed_played":"-7277228339419181111","potions_obtained":[{"floor":6,"key":"Strength Potion"},{"floor":8,"key":"Weak Potion"},{"floor":9,"key":"SmokeBomb"},{"floor":9,"key":"champ:CounterPotion"},{"floor":10,"key":"PowerPotion"},{"floor":12,"key":"DuplicationPotion"},{"floor":13,"key":"SneckoOil"},{"floor":15,"key":"ColorlessPotion"},{"floor":16,"key":"Energy Potion"},{"floor":16,"key":"Guardian:BlockOnCardUsePotion"},{"floor":19,"key":"SteroidPotion"},{"floor":20,"key":"Slimebound:ThreeZeroPotion"},{"floor":21,"key":"AttackPotion"},{"floor":23,"key":"FairyPotion"},{"floor":25,"key":"champ:CounterPotion"},{"floor":27,"key":"DuplicationPotion"},{"floor":28,"key":"Weak Potion"},{"floor":31,"key":"GamblersBrew"},{"floor":33,"key":"Block Potion"},{"floor":33,"key":"SkillPotion"},{"floor":36,"key":"LiquidBronze"},{"floor":44,"key":"LiquidMemories"}],"is_trial":false,"path_per_floor":["R","M","M","?","M","M","T","M","M","$","M","M","E","?","M","B",null,"R","M","$","M","?","$","T","$","R","M","M","T","R","M","M","B",null,"R","M","?","$","?","?","T","R","$","M","E"],"character_chosen":"THE_SPIRIT","items_purchased":["Juzu Bracelet","hexamod:FirstSeal","hexamod:SoulSteal","hexamod:InflammatoryLetter"],"campfire_rested":1,"item_purchase_floors":[10,20,25,25],"current_hp_per_floor":[70,70,70,70,70,63,63,59,58,58,53,47,23,23,22,15,70,70,63,63,40,40,39,39,21,33,10,9,9,55,53,29,31,80,80,61,61,61,56,56,56,71,71,17,0,0,0],"gold":106,"neow_bonus":"THREE_ENEMY_KILL","is_daily":false,"chose_seed":false,"campfire_upgraded":4,"win_rate":0.0,"timestamp":1609841458,"path_taken":["R","M","M","?","?","M","T","M","M","?","M","M","E","?","M","BOSS","R","M","$","M","?","?","T","?","R","M","M","?","R","M","M","BOSS","R","M","?","$","?","?","T","R","?","M","E"],"items_purchased_type":["Relic","Card","Card","Relic"],"build_version":"2020-12-22","purchased_purges":1,"victory":false,"max_hp_per_floor":[70,70,70,70,70,70,70,70,70,70,70,70,70,70,70,70,70,70,70,70,70,70,70,70,70,70,70,70,70,80,80,80,80,80,80,80,80,80,80,80,80,80,80,80,80,80,80],"card_choices":[{"not_picked":["hexamod:Rewind","hexamod:SuperheatedStrike"],"picked":"hexamod:RainOfEmbers","floor":2},{"not_picked":["hexamod:InspiringFlames","hexamod:AdvancingGuard","hexamod:ThermalTransfer"],"picked":"SKIP","floor":3},{"not_picked":["hexamod:RetreatToShadows","hexamod:RainOfEmbers","hexamod:NightmareGuise"],"picked":"SKIP","floor":5},{"not_picked":["hexamod:Firestarter","hexamod:NightmareStrike"],"picked":"hexamod:FourthSeal","floor":6},{"not_picked":["hexamod:RainOfEmbers","hexamod:HeatCrush"],"picked":"hexamod:SpectralAdrenaline","floor":8},{"not_picked":["hexamod:FastForward","hexamod:FourthSeal","hexamod:DynamicBlow"],"picked":"SKIP","floor":9},{"not_picked":["hexamod:RecurringNightmare","hexamod:InspiringFlames"],"picked":"hexamod:Rewind","floor":10},{"not_picked":["hexamod:RainOfEmbers","hexamod:RadiantFlame"],"picked":"hexamod:SpectersWail","floor":11},{"not_picked":["hexamod:BacktrackSmack","hexamod:SpectersWail","hexamod:RecurringNightmare"],"picked":"SKIP","floor":12},{"not_picked":["hexamod:SpectersWail","hexamod:HeatShield","hexamod:SwordOfDarkness"],"picked":"SKIP","floor":13},{"not_picked":["hexamod:FourthSeal","hexamod:ThermalTransfer","hexamod:ChargedBarrage"],"picked":"SKIP","floor":15},{"not_picked":["hexamod:EmpoweringStance","hexamod:SearingWound"],"picked":"hexamod:TimeOfNeed","floor":16},{"not_picked":["hexamod:NightmareStrike","hexamod:ShieldOfDarkness+1","hexamod:ChargedBarrage"],"picked":"SKIP","floor":19},{"not_picked":["hexamod:ShieldOfDarkness","hexamod:RainOfEmbers+1"],"picked":"hexamod:ThirdSeal","floor":20},{"not_picked":["hexamod:DynamicBlow","hexamod:GhostShield"],"picked":"hexamod:SpectersWail","floor":21},{"not_picked":["hexamod:BacktrackSmack","hexamod:AdvancingGuard","hexamod:InspiringFlames"],"picked":"SKIP","floor":21},{"not_picked":["hexamod:GhostOfSpireFuture","hexamod:NightmareGuise"],"picked":"hexamod:VolcanoVisage","floor":23},{"not_picked":["hexamod:CatchUp","hexamod:HauntingEcho","hexamod:NightmareStrike"],"picked":"SKIP","floor":23},{"not_picked":["hexamod:Hexaguard","hexamod:GhostOfSpirePresent"],"picked":"hexamod:SpectersWail","floor":25},{"not_picked":["hexamod:SwordOfDarkness","hexamod:Incineration","hexamod:ThermalTransfer"],"picked":"SKIP","floor":27},{"not_picked":["hexamod:ChargedBarrage","hexamod:SwordOfDarkness","hexamod:Rewind"],"picked":"SKIP","floor":27},{"not_picked":["hexamod:Rewind","hexamod:Firestarter+1","hexamod:ThermalTransfer"],"picked":"SKIP","floor":28},{"not_picked":["hexamod:Firestarter","hexamod:PhantomCloak+1"],"picked":"hexamod:EtherealExpedition+1","floor":31},{"not_picked":["hexamod:Firestarter","hexamod:ThirdSeal","hexamod:BacktrackSmack"],"picked":"SKIP","floor":31},{"not_picked":["hexamod:ShieldOfDarkness+1","hexamod:FastForward","hexamod:GhostflameInferno"],"picked":"SKIP","floor":32},{"not_picked":["hexamod:FastForward","hexamod:GhostOfSpirePast","hexamod:NightmareGuise"],"picked":"SKIP","floor":32},{"not_picked":["hexamod:Toasty","hexamod:UnleashSpirits"],"picked":"hexamod:GiftsFromTheDead","floor":33},{"not_picked":["hexamod:CrushingStance","hexamod:UnlimitedPower"],"picked":"hexamod:FifthSeal","floor":33},{"not_picked":["hexamod:SecondSeal","hexamod:FourthSeal"],"picked":"hexamod:SixthSeal","floor":36},{"not_picked":["hexamod:GhostOfSpirePast","hexamod:NightmareGuise"],"picked":"hexamod:EtherealExpedition+1","floor":36},{"not_picked":["hexamod:PhantomCloak","hexamod:CatchUp","hexamod:HauntingEcho+1"],"picked":"SKIP","floor":36},{"not_picked":["expansioncontent:HyperBeam","expansioncontent:ManipulateTime"],"picked":"expansioncontent:DefensiveMode","floor":39},{"not_picked":["expansioncontent:GuardianWhirl","expansioncontent:DefensiveMode"],"picked":"expansioncontent:AwakenDeath","floor":39},{"not_picked":["hexamod:FourthSeal","hexamod:FirstSeal"],"picked":"hexamod:SecondSeal","floor":44},{"not_picked":["hexamod:RainOfEmbers","hexamod:BacktrackSmack+1","hexamod:FirstSeal"],"picked":"SKIP","floor":44},{"not_picked":["hexamod:PhantomCloak+1","hexamod:RetreatToShadows","hexamod:NightmareStrike+1"],"picked":"SKIP","floor":44}],"player_experience":157654,"relics_obtained":[{"floor":7,"key":"Vajra"},{"floor":13,"key":"Eternal Feather"},{"floor":29,"key":"Gremlin Horn"},{"floor":41,"key":"InkBottle"}],"event_choices":[{"damage_healed":0,"gold_gain":0,"player_choice":"Upgraded","damage_taken":0,"max_hp_gain":0,"max_hp_loss":0,"event_name":"Upgrade Shrine","floor":4,"gold_loss":0,"cards_upgraded":["hexamod:RainOfEmbers"]},{"damage_healed":0,"gold_gain":0,"player_choice":"Grow","damage_taken":0,"max_hp_gain":0,"max_hp_loss":0,"event_name":"Living Wall","floor":14,"gold_loss":0,"cards_upgraded":["hexamod:SpectralAdrenaline"]},{"damage_healed":0,"gold_gain":0,"player_choice":"Copied","damage_taken":0,"max_hp_gain":0,"max_hp_loss":0,"event_name":"Duplicator","floor":22,"gold_loss":0,"cards_obtained":["hexamod:TimeOfNeed"]},{"damage_healed":0,"gold_gain":0,"player_choice":"Ignored","damage_taken":0,"max_hp_gain":0,"max_hp_loss":0,"event_name":"Mysterious Sphere","floor":37,"gold_loss":0}],"is_beta":false,"boss_relics":[{"not_picked":["Sozu","Astrolabe"],"picked":"Pandora\u0027s Box"},{"not_picked":["Coffee Dripper","Fusion Hammer"],"picked":"SlaversCollar"}],"items_purged_floors":[20],"is_endless":false,"potions_floor_spawned":[6,9,11,12,16,27,28,31,33],"killed_by":"Reptomancer","ascension_level":0}}