{"host":"Rich","time":1609813733,"event":{"mods":["AchievementEnabler","BaseMod","Highlight Path","Minty Spire (QoL Compilation)","Relic Stats"],"gold_per_floor":[119,119,44,44,60,96,145,183,209,71,84,84,127,27,27,121,121,146,71,71,121,137,137,137],"floor_reached":23,"playtime":532,"items_purged":["Strike_P","Strike_P"],"score":510,"play_id":"66f493fa-cafb-4fc1-970d-b7a02748a8c1","local_time":"20210104212853","is_ascension_mode":true,"campfire_choices":[{"data":"CrushJoints","floor":12,"key":"SMITH"},{"data":"SashWhip","floor":15,"key":"SMITH"}],"circlet_count":0,"master_deck":["AscendersBane","Strike_P","Defend_P","Defend_P","Defend_P","Defend_P","Eruption","Vigilance","FlyingSleeves","SashWhip+1","JustLucky","CrushJoints+1","FlurryOfBlows","FearNoEvil","Adaptation","FlurryOfBlows+1","LessonLearned","JustLucky","Tantrum","Perseverance+1"],"relics":["PureWater","NeowsBlessing","CultistMask","Golden Idol","Shuriken","Ancient Tea Set","MealTicket","Omamori","Calling Bell","Smiling Mask","Toxic Egg 2","Unceasing Top"],"acts_visited":["Exordium","TheCity"],"potions_floor_usage":[8,13,18,23],"damage_taken":[{"damage":0,"enemies":"Small Slimes","floor":1,"turns":2},{"damage":0,"enemies":"Cultist","floor":5,"turns":1},{"damage":0,"enemies":"3 Sentries","floor":6,"turns":2},{"damage":10,"enemies":"Gremlin Nob","floor":8,"turns":3},{"damage":5,"enemies":"Jaw Worm","floor":11,"turns":2},{"damage":0,"enemies":"Lagavulin","floor":13,"turns":3},{"damage":34,"enemies":"Hexaghost","floor":16,"turns":5},{"damage":15,"enemies":"3 Byrds","floor":18,"turns":5},{"damage":0,"enemies":"Chosen","floor":22,"turns":3},{"damage":51,"enemies":"Gremlin Leader","floor":23,"turns":3}],"seed_played":"-4667700144756019653","potions_obtained":[{"floor":1,"key":"ColorlessPotion"},{"floor":5,"key":"Block Potion"},{"floor":11,"key":"Ambrosia"},{"floor":18,"key":"Block Potion"}],"is_trial":false,"path_per_floor":["M","?","$","?","M","E","T","E","T","$","M","R","E","$","R","B",null,"M","?","?","?","M","E"],"character_chosen":"WATCHER","items_purchased":["FlurryOfBlows","FearNoEvil"],"campfire_rested":0,"item_purchase_floors":[10,10],"current_hp_per_floor":[61,61,61,38,38,38,38,28,28,43,38,38,38,53,53,19,56,41,41,41,41,41,0,0],"gold":137,"neow_bonus":"THREE_ENEMY_KILL","is_daily":false,"chose_seed":false,"campfire_upgraded":2,"win_rate":0.0,"timestamp":1609813733,"path_taken":["M","?","?","?","M","E","?","E","T","$","?","R","E","$","R","BOSS","M","?","?","?","M","E"],"items_purchased_type":["Card","Card"],"build_version":"2020-12-18","purchased_purges":2,"victory":false,"max_hp_per_floor":[68,68,68,68,68,68,68,68,68,68,68,68,68,68,68,68,68,68,68,68,68,68,68,68],"relic_stats":{"counters":[10,29],"Golden Idol":57,"Shuriken":[18],"MealTicket":30,"Smiling Mask":0,"obtain_stats":[{"Calling Bell":17,"NeowsBlessing":0,"Golden Idol":4,"Shuriken":6,"MealTicket":9,"CultistMask":2,"Omamori":13,"PureWater":0,"Toxic Egg 2":17,"Ancient Tea Set":8,"Smiling Mask":17,"Unceasing Top":17},{"Calling Bell":7,"NeowsBlessing":0,"Golden Idol":1,"Shuriken":3,"MealTicket":4,"CultistMask":1,"Omamori":6,"PureWater":0,"Toxic Egg 2":7,"Ancient Tea Set":4,"Smiling Mask":7,"Unceasing Top":7},{"Calling Bell":18,"NeowsBlessing":0,"Golden Idol":2,"Shuriken":5,"MealTicket":8,"CultistMask":2,"Omamori":13,"PureWater":0,"Toxic Egg 2":18,"Ancient Tea Set":8,"Smiling Mask":18,"Unceasing Top":18}],"Unceasing Top":[3]},"card_choices":[{"not_picked":["WindmillStrike","EmptyMind"],"picked":"FlyingSleeves","floor":1},{"not_picked":["CarveReality","WreathOfFlame"],"picked":"SashWhip","floor":5},{"not_picked":["ClearTheMind","CutThroughFate"],"picked":"JustLucky","floor":6},{"not_picked":["Establishment","FollowUp"],"picked":"CrushJoints","floor":8},{"not_picked":["DeceiveReality","FollowUp"],"picked":"Adaptation","floor":11},{"not_picked":["Perseverance","Collect"],"picked":"FlurryOfBlows","floor":13},{"not_picked":["Judgement","SpiritShield"],"picked":"LessonLearned","floor":16},{"not_picked":["SashWhip","Perseverance+1"],"picked":"JustLucky","floor":18},{"not_picked":["SashWhip","Crescendo+1"],"picked":"Perseverance+1","floor":22}],"player_experience":1962023,"relics_obtained":[{"floor":6,"key":"Shuriken"},{"floor":8,"key":"Ancient Tea Set"},{"floor":9,"key":"MealTicket"},{"floor":13,"key":"Omamori"},{"floor":17,"key":"Smiling Mask"},{"floor":17,"key":"Toxic Egg 2"},{"floor":17,"key":"Unceasing Top"}],"event_choices":[{"damage_healed":0,"gold_gain":0,"player_choice":"Trade","damage_taken":0,"relics_obtained":["CultistMask"],"max_hp_gain":0,"max_hp_loss":0,"event_name":"FaceTrader","floor":2,"gold_loss":0},{"damage_healed":0,"gold_gain":0,"player_choice":"Take Damage","damage_taken":23,"relics_obtained":["Golden Idol"],"max_hp_gain":0,"max_hp_loss":0,"event_name":"Golden Idol","floor":4,"gold_loss":0},{"cards_removed":["Strike_P"],"damage_healed":0,"gold_gain":0,"player_choice":"Gave Gold","damage_taken":0,"max_hp_gain":0,"max_hp_loss":0,"event_name":"Beggar","floor":19,"gold_loss":75},{"damage_healed":0,"gold_gain":0,"player_choice":"Read","damage_taken":0,"max_hp_gain":0,"max_hp_loss":0,"event_name":"The Library","floor":20,"gold_loss":0,"cards_obtained":["Tantrum"]},{"damage_healed":0,"gold_gain":50,"player_choice":"Stole From Cult","damage_taken":0,"max_hp_gain":0,"max_hp_loss":0,"event_name":"Nest","floor":21,"gold_loss":0}],"is_beta":true,"boss_relics":[{"not_picked":["Coffee Dripper","SlaversCollar"],"picked":"Calling Bell"}],"items_purged_floors":[3,14],"is_endless":false,"potions_floor_spawned":[1,5,11,18],"killed_by":"Gremlin Leader","ascension_level":20}}