{"host":"56ghxnzsglgdq727","time":1609842046,"event":{"mods":["AchievementEnabler","BaseMod","Downfall","Minty Spire (QoL Compilation)","StSLib"],"gold_per_floor":[99,118,118,132,132,163,163,163,177,192,192,210,229,229,229,229],"floor_reached":14,"playtime":466,"items_purged":[],"score":92,"play_id":"069b84fd-2191-4c88-a581-82b1ece35576","local_time":"20210105052046","is_ascension_mode":false,"campfire_choices":[{"data":"hexamod:Sear","floor":1,"key":"SMITH"},{"floor":11,"key":"REST"}],"circlet_count":0,"master_deck":["hexamod:Strike","hexamod:Strike","hexamod:Strike","hexamod:Strike","hexamod:Defend","hexamod:Defend","hexamod:Defend","hexamod:Defend","hexamod:Sear+1","hexamod:Float","hexamod:SearingWound+1","hexamod:ThirdSeal","hexamod:VolcanoVisage","hexamod:BurningTouch","hexamod:SecondSeal","hexamod:ApocalypticArmor","hexamod:FourthSeal","hexamod:FastForward","hexamod:FastForward"],"relics":["hexamod:SpiritBrand","PreservedInsect","Kunai"],"acts_visited":["Exordium"],"potions_floor_usage":[10,12,14,14],"damage_taken":[{"damage":0,"enemies":"Jaw Worm","floor":2,"turns":3},{"damage":6,"enemies":"2 Louse","floor":4,"turns":3},{"damage":41,"enemies":"Lagavulin","floor":6,"turns":7},{"damage":0,"enemies":"Cultist","floor":9,"turns":3},{"damage":20,"enemies":"Lots of Slimes","floor":10,"turns":4},{"damage":1,"enemies":"Exordium Wildlife","floor":12,"turns":4},{"damage":12,"enemies":"2 Fungi Beasts","floor":13,"turns":3},{"damage":6,"enemies":"Gremlin Nob","floor":14,"turns":3}],"seed_played":"-2587212406211947677","potions_obtained":[{"floor":2,"key":"LiquidBronze"},{"floor":4,"key":"Weak Potion"},{"floor":10,"key":"Strength Potion"},{"floor":13,"key":"Strength Potion"}],"is_trial":false,"path_per_floor":["R","M","?","M","?","E","T","?","M","M","R","M","M","E"],"character_chosen":"THE_SPIRIT","items_purchased":[],"campfire_rested":1,"item_purchase_floors":[],"current_hp_per_floor":[70,70,70,64,64,23,23,23,23,3,24,23,11,5,5,5],"gold":229,"neow_bonus":"ONE_RANDOM_RARE_CARD","is_daily":false,"chose_seed":false,"campfire_upgraded":1,"win_rate":0.0,"timestamp":1609842046,"path_taken":["R","M","?","M","?","E","T","?","M","M","R","M","?","E"],"items_purchased_type":[],"build_version":"2020-12-22","purchased_purges":0,"victory":false,"max_hp_per_floor":[70,70,70,70,70,70,70,70,70,70,70,70,70,70,70,70],"card_choices":[{"not_picked":["hexamod:CatchUp","hexamod:NightmareStrike"],"picked":"hexamod:BurningTouch","floor":2},{"not_picked":["hexamod:SwordOfDarkness","hexamod:HauntingEcho","hexamod:NecessarySacrifice"],"picked":"SKIP","floor":4},{"not_picked":["hexamod:HauntingEcho","hexamod:GhostLash","hexamod:BurningTouch"],"picked":"SKIP","floor":4},{"not_picked":["hexamod:DynamicBlow","hexamod:FastForward"],"picked":"hexamod:VolcanoVisage","floor":6},{"not_picked":["hexamod:StepThrough","hexamod:GhostShield","hexamod:WildfireWeapon"],"picked":"SKIP","floor":6},{"not_picked":["hexamod:GhostShield","hexamod:AdvancingGuard"],"picked":"hexamod:BurningTouch","floor":9},{"not_picked":["hexamod:SwordOfDarkness","hexamod:NightmareGuise","hexamod:SpectersWail"],"picked":"SKIP","floor":9},{"not_picked":["hexamod:HeatCrush","hexamod:GhostOfSpireFuture"],"picked":"hexamod:SecondSeal","floor":10},{"not_picked":["hexamod:BurningTouch","hexamod:RainOfEmbers","hexamod:GhostOfSpirePresent"],"picked":"SKIP","floor":10},{"not_picked":["hexamod:ShieldOfDarkness","hexamod:SuperheatedStrike"],"picked":"hexamod:ApocalypticArmor","floor":12},{"not_picked":["hexamod:EtherealExpedition","hexamod:BurningTouch"],"picked":"hexamod:FourthSeal","floor":12},{"not_picked":["hexamod:SwordOfDarkness","hexamod:NightmareGuise"],"picked":"hexamod:FastForward","floor":13},{"not_picked":["hexamod:NightmareStrike","hexamod:Again"],"picked":"hexamod:FastForward","floor":13}],"player_experience":159703,"relics_obtained":[{"floor":6,"key":"PreservedInsect"},{"floor":7,"key":"Kunai"}],"event_choices":[{"damage_healed":0,"gold_gain":0,"player_choice":"Grow","damage_taken":0,"max_hp_gain":0,"max_hp_loss":0,"event_name":"Living Wall","floor":5,"gold_loss":0,"cards_upgraded":["hexamod:SearingWound"]},{"damage_healed":0,"gold_gain":0,"player_choice":"Leave","damage_taken":0,"max_hp_gain":0,"max_hp_loss":0,"event_name":"FaceTrader","floor":8,"gold_loss":0}],"is_beta":false,"boss_relics":[],"items_purged_floors":[],"is_endless":false,"potions_floor_spawned":[2,4,10],"killed_by":"Gremlin Nob","ascension_level":0}}