{"host":"ig7tc0uedzltt2sr","time":1609828378,"event":{"mods":["BaseMod","Better Twitch Integration","Block Reminder","Colored Map","Colored Powertips","Communication Mod","Current Relic Mod","GifTheSpireLib","HexUI Lib","Minty Spire (QoL Compilation)","Quick Restart","Random Character Button","Rare Cards Sparkle","Relic Sorter","Relic Stats","Slay the Relics Exporter","StSLib","SuperFastMode","Synergy Search","Twitch Decklist","Twitch Utils","everything is the same but u backflip on backflip","slay the spire mod where everything is the same but ironclad has a cowboy hat"],"gold_per_floor":[112,112,124,199,212,212,227,243,323,355,355,374,388,399,399,399,399],"floor_reached":16,"playtime":115,"items_purged":[],"score":106,"play_id":"05a7d75c-13c1-4bc1-b1c4-9b0367027d76","local_time":"20210104223258","is_ascension_mode":false,"campfire_choices":[{"data":"Seeing Red","floor":6,"key":"SMITH"},{"floor":15,"key":"REST"}],"circlet_count":0,"master_deck":["Strike_R","Strike_R","Strike_R","Strike_R","Strike_R","Defend_R","Defend_R","Defend_R","Defend_R","Bash","Twin Strike","Seeing Red+1","Inflame","Berserk","Intimidate","Juggernaut","Burning Pact","Carnage","Clash","Spot Weakness"],"relics":["Burning Blood","NeowsBlessing","Pocketwatch","Self Forming Clay","Dream Catcher"],"acts_visited":["Exordium"],"potions_floor_usage":[],"damage_taken":[{"damage":0,"enemies":"2 Louse","floor":1,"turns":1},{"damage":0,"enemies":"Small Slimes","floor":3,"turns":2},{"damage":0,"enemies":"Cultist","floor":5,"turns":1},{"damage":11,"enemies":"2 Fungi Beasts","floor":7,"turns":7},{"damage":20,"enemies":"Blue Slaver","floor":8,"turns":8},{"damage":46,"enemies":"Lagavulin","floor":10,"turns":7},{"damage":5,"enemies":"Looter","floor":12,"turns":4},{"damage":5,"enemies":"3 Louse","floor":13,"turns":4},{"damage":10,"enemies":"Blue Slaver","floor":14,"turns":5},{"damage":47,"enemies":"The Guardian","floor":16,"turns":6}],"seed_played":"6235888779112815140","potions_obtained":[{"floor":5,"key":"BloodPotion"},{"floor":7,"key":"Swift Potion"},{"floor":8,"key":"FearPotion"},{"floor":10,"key":"Block Potion"},{"floor":13,"key":"BlessingOfTheForge"}],"is_trial":false,"path_per_floor":["M","?","M","?","M","R","M","M","T","E","$","M","M","M","R","B"],"character_chosen":"IRONCLAD","items_purchased":[],"campfire_rested":1,"item_purchase_floors":[],"current_hp_per_floor":[80,77,80,72,78,78,75,61,61,21,21,22,23,19,43,0,0],"gold":399,"neow_bonus":"THREE_ENEMY_KILL","is_daily":false,"chose_seed":false,"campfire_upgraded":1,"win_rate":0.0,"timestamp":1609828378,"path_taken":["M","?","M","?","M","R","M","M","T","E","$","M","M","M","R","BOSS"],"items_purchased_type":[],"build_version":"2020-12-22","purchased_purges":0,"victory":false,"max_hp_per_floor":[80,80,80,80,80,80,80,80,80,80,80,80,80,80,80,80,80],"relic_stats":{"Dream Catcher":1,"counters":[10,45],"Self Forming Clay":[39],"obtain_stats":[{"Dream Catcher":10,"NeowsBlessing":0,"Self Forming Clay":9,"Burning Blood":0,"Pocketwatch":2},{"Dream Catcher":6,"NeowsBlessing":0,"Self Forming Clay":5,"Burning Blood":0,"Pocketwatch":1},{"Dream Catcher":26,"NeowsBlessing":0,"Self Forming Clay":19,"Burning Blood":0,"Pocketwatch":1}],"Burning Blood":45,"Pocketwatch":[51]},"card_choices":[{"not_picked":["Flex","Perfected Strike"],"picked":"Twin Strike","floor":1},{"not_picked":["Sword Boomerang","Twin Strike"],"picked":"Seeing Red","floor":3},{"not_picked":["Bloodletting","Heavy Blade"],"picked":"Inflame","floor":5},{"not_picked":["Seeing Red","Headbutt"],"picked":"Berserk","floor":7},{"not_picked":["Inflame","Armaments"],"picked":"Intimidate","floor":8},{"not_picked":["Sword Boomerang","Cleave"],"picked":"Juggernaut","floor":10},{"not_picked":["Sword Boomerang","Wild Strike"],"picked":"Burning Pact","floor":12},{"not_picked":["Shrug It Off","Infernal Blade"],"picked":"Carnage","floor":13},{"not_picked":["Cleave","Shockwave"],"picked":"Clash","floor":14},{"not_picked":["Cleave","Burning Pact"],"picked":"Spot Weakness","floor":15}],"player_experience":1428407,"relics_obtained":[{"floor":9,"key":"Self Forming Clay"},{"floor":10,"key":"Dream Catcher"}],"event_choices":[{"damage_healed":0,"gold_gain":0,"player_choice":"Success","damage_taken":3,"relics_obtained":["Pocketwatch"],"max_hp_gain":0,"max_hp_loss":0,"event_name":"Scrap Ooze","floor":2,"gold_loss":0},{"damage_healed":0,"gold_gain":75,"player_choice":"Touch","damage_taken":8,"max_hp_gain":0,"max_hp_loss":0,"event_name":"FaceTrader","floor":4,"gold_loss":0}],"is_beta":false,"boss_relics":[],"items_purged_floors":[],"is_endless":false,"potions_floor_spawned":[5,7,8,10,13],"killed_by":"The Guardian","ascension_level":0}}