{"host":"lpogke4cwz8zw1ju","time":1609882042,"event":{"mods":["Always Whale","BaseMod","Minty Spire (QoL Compilation)","Permanent Neow"],"gold_per_floor":[112,128,128,138,154,184,184,184,184,200,200,226,226,237,237,338,338,349,365,380,51,69,69,99,99,124,136,148,160,191,215,227,334,346,375,387,410,433,445,484,516,528,591,617,629,194,213,231,231,231],"floor_reached":51,"playtime":2363,"items_purged":["Defend_R","Warcry"],"score":713,"play_id":"f578944f-1e87-4e70-b961-82a7973f97bf","local_time":"20210105222722","is_ascension_mode":false,"campfire_choices":[{"data":"Perfected Strike","floor":7,"key":"SMITH"},{"floor":11,"key":"REST"},{"floor":15,"key":"REST"},{"data":"Battle Trance","floor":23,"key":"SMITH"},{"data":"Impervious","floor":27,"key":"SMITH"},{"data":"Bash","floor":32,"key":"SMITH"},{"floor":42,"key":"REST"},{"floor":45,"key":"REST"},{"data":"Bludgeon","floor":49,"key":"SMITH"}],"circlet_count":0,"master_deck":["Strike_R+1","Strike_R+1","Strike_R+1","Strike_R+1","Strike_R+1","Defend_R+1","Defend_R+1","Defend_R+1","Bash+1","Battle Trance+1","Perfected Strike+1","Wild Strike","Spot Weakness","Impervious+1","Spot Weakness","Wild Strike+1","Uppercut+1","Bludgeon+1","Armaments+1","Chrysalis","Pommel Strike","Dual Wield+1","Searing Blow+1"],"relics":["Burning Blood","FossilizedHelix","Torii","Ice Cream","Bag of Marbles","Snecko Eye","Singing Bowl","Ornamental Fan","MawBank","Velvet Choker","Bag of Preparation","Smiling Mask","Brimstone","Question Card"],"acts_visited":["Exordium","TheCity","TheBeyond"],"potions_floor_usage":[6,16,16,16,33,33,50,50,50],"damage_taken":[{"damage":7,"enemies":"2 Louse","floor":1,"turns":2},{"damage":6,"enemies":"Jaw Worm","floor":2,"turns":4},{"damage":0,"enemies":"Cultist","floor":4,"turns":2},{"damage":5,"enemies":"Looter","floor":5,"turns":2},{"damage":31,"enemies":"Lagavulin","floor":6,"turns":6},{"damage":6,"enemies":"Exordium Wildlife","floor":10,"turns":2},{"damage":15,"enemies":"Gremlin Nob","floor":12,"turns":4},{"damage":19,"enemies":"Gremlin Gang","floor":14,"turns":4},{"damage":1,"enemies":"Slime Boss","floor":16,"turns":7},{"damage":11,"enemies":"3 Byrds","floor":18,"turns":4},{"damage":0,"enemies":"Chosen","floor":19,"turns":1},{"damage":24,"enemies":"3 Cultists","floor":20,"turns":4},{"damage":0,"enemies":"Snake Plant","floor":22,"turns":1},{"damage":6,"enemies":"Book of Stabbing","floor":24,"turns":3},{"damage":10,"enemies":"Shelled Parasite and Fungi","floor":30,"turns":3},{"damage":0,"enemies":"Centurion and Healer","floor":31,"turns":4},{"damage":21,"enemies":"Collector","floor":33,"turns":4},{"damage":0,"enemies":"3 Darklings","floor":35,"turns":4},{"damage":0,"enemies":"Orb Walker","floor":37,"turns":2},{"damage":0,"enemies":"Transient","floor":38,"turns":5},{"damage":41,"enemies":"Nemesis","floor":40,"turns":7},{"damage":10,"enemies":"4 Shapes","floor":41,"turns":2},{"damage":28,"enemies":"Jaw Worm Horde","floor":44,"turns":4},{"damage":0,"enemies":"Sphere and 2 Shapes","floor":47,"turns":1},{"damage":9,"enemies":"4 Shapes","floor":48,"turns":4},{"damage":87,"enemies":"Donu and Deca","floor":50,"turns":5}],"seed_played":"362429658507064782","potions_obtained":[{"floor":1,"key":"FearPotion"},{"floor":4,"key":"HeartOfIron"},{"floor":5,"key":"DuplicationPotion"},{"floor":10,"key":"Weak Potion"},{"floor":18,"key":"BloodPotion"},{"floor":20,"key":"EssenceOfSteel"},{"floor":22,"key":"SmokeBomb"},{"floor":31,"key":"DuplicationPotion"},{"floor":40,"key":"Regen Potion"},{"floor":41,"key":"LiquidBronze"}],"is_trial":false,"path_per_floor":["M","M","?","M","M","E","R","?","T","M","R","E","?","M","R","B",null,"M","M","M","$","M","R","E","?","T","R","?","$","M","M","R","B",null,"M","?","M","M","?","E","M","R","T","M","R","$","M","M","R","B",null],"character_chosen":"IRONCLAD","items_purchased":["Singing Bowl","Brimstone","Question Card"],"campfire_rested":4,"item_purchase_floors":[21,46,46],"current_hp_per_floor":[79,79,79,80,80,55,55,43,43,43,67,58,58,45,69,74,80,75,80,62,62,70,70,72,72,72,72,72,72,70,78,78,63,88,88,85,92,94,89,56,52,79,79,57,84,84,90,89,89,38],"gold":231,"neow_bonus":"THREE_CARDS","is_daily":false,"chose_seed":false,"campfire_upgraded":5,"win_rate":0.0,"timestamp":1609882042,"path_taken":["M","M","?","M","M","E","R","?","T","M","R","E","?","M","R","BOSS","M","M","M","$","M","R","E","?","T","R","?","?","?","M","R","BOSS","M","?","M","M","?","E","M","R","T","M","R","$","M","M","R","BOSS"],"items_purchased_type":["Relic","Relic","Relic"],"build_version":"2020-12-22","purchased_purges":2,"victory":true,"max_hp_per_floor":[80,80,80,80,80,80,80,80,80,80,80,80,80,80,80,80,80,80,80,80,80,82,82,84,84,84,84,84,84,86,88,88,88,88,88,90,92,94,89,91,91,91,91,91,91,91,91,93,93,93],"card_choices":[{"not_picked":["Infernal Blade","Iron Wave"],"picked":"Battle Trance","floor":0},{"not_picked":["Rampage","Uppercut"],"picked":"Perfected Strike","floor":1},{"not_picked":["Fire Breathing","Infernal Blade","Cleave"],"picked":"SKIP","floor":2},{"not_picked":["Headbutt","Hemokinesis"],"picked":"Wild Strike","floor":4},{"not_picked":["Dropkick","Flex"],"picked":"Warcry","floor":5},{"not_picked":["Body Slam","True Grit"],"picked":"Spot Weakness","floor":6},{"not_picked":["Cleave","Bloodletting","True Grit"],"picked":"SKIP","floor":10},{"not_picked":["Flex","Clash"],"picked":"Impervious","floor":12},{"not_picked":["True Grit","Sever Soul","Flame Barrier"],"picked":"SKIP","floor":14},{"not_picked":["Headbutt","Disarm"],"picked":"Wild Strike+1","floor":18},{"not_picked":["Body Slam","Hemokinesis+1","Disarm+1"],"picked":"SKIP","floor":19},{"not_picked":["Dual Wield","Immolate"],"picked":"Uppercut+1","floor":20},{"not_picked":["Shockwave","True Grit","Sentinel"],"picked":"Singing Bowl","floor":22},{"not_picked":["Infernal Blade","Whirlwind","Clothesline"],"picked":"Singing Bowl","floor":24},{"not_picked":["Second Wind+1","Power Through+1","Carnage+1"],"picked":"Singing Bowl","floor":30},{"not_picked":["Flame Barrier","Metallicize","Burning Pact"],"picked":"Singing Bowl","floor":31},{"not_picked":["Immolate","Brutality"],"picked":"Bludgeon","floor":33},{"not_picked":["Dark Embrace","Iron Wave+1"],"picked":"Armaments+1","floor":35},{"not_picked":["HandOfGreed","Forethought"],"picked":"Chrysalis","floor":36},{"not_picked":["Discovery","Secret Weapon","Trip"],"picked":"Singing Bowl","floor":36},{"not_picked":["Body Slam+1","Dark Embrace","Iron Wave"],"picked":"Singing Bowl","floor":37},{"not_picked":["Havoc+1","True Grit+1","Headbutt"],"picked":"Singing Bowl","floor":38},{"not_picked":["True Grit","Limit Break","Uppercut"],"picked":"Singing Bowl","floor":40},{"not_picked":["Cleave+1","Reckless Charge"],"picked":"Pommel Strike","floor":41},{"not_picked":["Clash+1","Brutality"],"picked":"Dual Wield+1","floor":44},{"not_picked":["Flex","Cleave+1","Clothesline"],"picked":"Searing Blow+1","floor":47},{"not_picked":["Seeing Red","Havoc+1","Clothesline","Cleave"],"picked":"Singing Bowl","floor":48}],"player_experience":186090,"relics_obtained":[{"floor":6,"key":"FossilizedHelix"},{"floor":9,"key":"Ice Cream"},{"floor":12,"key":"Bag of Marbles"},{"floor":24,"key":"Ornamental Fan"},{"floor":26,"key":"MawBank"},{"floor":40,"key":"Bag of Preparation"},{"floor":43,"key":"Smiling Mask"}],"event_choices":[{"damage_healed":0,"gold_gain":0,"player_choice":"Ignored","damage_taken":0,"max_hp_gain":0,"max_hp_loss":0,"event_name":"Liars Game","floor":3,"gold_loss":0},{"damage_healed":0,"gold_gain":0,"player_choice":"Success","damage_taken":12,"relics_obtained":["Torii"],"max_hp_gain":0,"max_hp_loss":0,"event_name":"Scrap Ooze","floor":8,"gold_loss":0},{"damage_healed":0,"gold_gain":0,"player_choice":"1 cards matched","damage_taken":0,"max_hp_gain":0,"max_hp_loss":0,"event_name":"Match and Keep!","floor":13,"gold_loss":0,"cards_obtained":["Spot Weakness"]},{"damage_healed":0,"gold_gain":0,"player_choice":"Ignored","damage_taken":0,"max_hp_gain":0,"max_hp_loss":0,"event_name":"The Mausoleum","floor":25,"gold_loss":0},{"damage_healed":0,"gold_gain":0,"player_choice":"Simplicity","damage_taken":0,"max_hp_gain":0,"max_hp_loss":0,"event_name":"Back to Basics","floor":28,"gold_loss":0,"cards_upgraded":["Strike_R","Strike_R","Strike_R","Strike_R","Strike_R","Defend_R","Defend_R","Defend_R"]},{"damage_healed":0,"gold_gain":0,"player_choice":"Memory 2","damage_taken":5,"max_hp_gain":0,"max_hp_loss":0,"event_name":"SensoryStone","floor":36,"gold_loss":0},{"damage_healed":0,"gold_gain":0,"player_choice":"Max HP","damage_taken":0,"max_hp_gain":0,"max_hp_loss":5,"event_name":"Winding Halls","floor":39,"gold_loss":0}],"is_beta":false,"boss_relics":[{"not_picked":["Black Blood","Pandora\u0027s Box"],"picked":"Snecko Eye"},{"not_picked":["Runic Pyramid","Astrolabe"],"picked":"Velvet Choker"}],"items_purged_floors":[21,46],"is_endless":false,"potions_floor_spawned":[1,4,5,10,14,18,20,22,31,40,41,47],"ascension_level":0}}