{"host":"xu0zbcebhy6w9mdv","time":1609880393,"event":{"mods":["AchievementEnabler","Act Like it!","Aspiration","BaseMod","Better Match","Better Third Choice","BetterRewards","Colored Powertips","Downfall","Duelist Mod","Friendly Minions","Gensokyo","Hallownest","Hubris","Infinite Spire","Marisa????????","Minty Spire (QoL Compilation)","Potionbrewer","Quick Restart","READ ME - Guardian Mod","READ ME - Snecko Mod","Rare Cards Sparkle","Replay The Spire","Shop Mod","StSLib","The Animator","The Blackbeard","The Bug Knight","The Cursed","The Hierophant","The Necromancer","The Runesmith","The Servant 0.9.4"],"gold_per_floor":[141,141,153,165,176,176,203,40,65,65,65,38,38,38,38,117,117,135,146,146,146,164,164,194,194,194,209,240,240,69,84,84,161,161,173,173,190,237,237,265,265,291,373,373,392,404,438,438,438,438,438],"floor_reached":50,"playtime":11909,"items_purged":[],"score":1332,"play_id":"0d53e6f4-801e-4858-85b4-beb8ec083fd2","local_time":"20210105155953","is_ascension_mode":true,"campfire_choices":[{"data":"theDuelist:WhiteHowling","floor":6,"key":"SMITH"},{"data":"theDuelist:IronCall","floor":13,"key":"SMITH"},{"data":"theDuelist:HappyLover","floor":15,"key":"SMITH"},{"floor":23,"key":"REST"},{"floor":25,"key":"REST"},{"data":"Trip","floor":29,"key":"SMITH"},{"floor":32,"key":"REST"},{"data":"theDuelist:BookSecret","floor":41,"key":"SMITH"},{"floor":44,"key":"REST"},{"floor":49,"key":"REST"}],"circlet_count":0,"master_deck":["theDuelist:RainbowKuribohBasic","theDuelist:SuperSolarNutrient+1","theDuelist:CastleWalls","theDuelist:BookSecret+1","theDuelist:DragonZombie","theDuelist:DunamesDarkWitch","theDuelist:DeepDiver","theDuelist:Sparks","theDuelist:Eva","theDuelist:RainbowDragon","theDuelist:RainbowNeos","Trip+1","ReplayTheSpireMod:Book of Names","AscendersBane","theDuelist:RainbowFlower","theDuelist:WhiteHowling+1","theDuelist:HappyLover+1","theDuelist:IronCall+1","theDuelist:ShallowGrave","theDuelist:Hayate","theDuelist:SpiritHarp","theDuelist:KamionTimelord","theDuelist:CastleWalls","theDuelist:IrisEarthMother"],"relics":["theDuelist:MillenniumPuzzle","theDuelist:CardPoolRelic","theDuelist:CardPoolBasicRelic","theDuelist:BoosterPackPoolRelic","theDuelist:CardPoolAddRelic","theDuelist:CardPoolMinusRelic","theDuelist:CardPoolSaveRelic","theDuelist:CardPoolOptionsRelic","aspiration:FrozenJewel","MerchantsRug","theDuelist:MerchantPendant","hubris:Backtick","theDuelist:MonsterEggRelic","potionbrewer:ToyAutogyro","Mummified Hand","theDuelist:MetronomeRelicD","aspiration:Nostalgia","m_SeaBlood","aspiration:SecretTechniqueScroll","CatCart","Ornamental Fan","aspiration:TomeofQuesting","infinitespire:WardingShard","hubris:TenFootPole","theDuelist:DuelistTeaSet"],"acts_visited":["Exordium","TheCity","TheBeyond"],"potions_floor_usage":[16,24,31,40,45,47,50,50],"damage_taken":[{"damage":2,"enemies":"Small Slimes","floor":1,"turns":4},{"damage":0,"enemies":"Cultist","floor":3,"turns":3},{"damage":4,"enemies":"infinitespire:Voidling","floor":4,"turns":3},{"damage":0,"enemies":"Red Slaver","floor":5,"turns":5},{"damage":2,"enemies":"Replay:BlueRogue","floor":7,"turns":6},{"damage":0,"enemies":"Exordium Thugs","floor":12,"turns":4},{"damage":37,"enemies":"The Guardian","floor":16,"turns":10},{"damage":0,"enemies":"Spheric Guardian","floor":18,"turns":3},{"damage":3,"enemies":"3 Byrds","floor":19,"turns":4},{"damage":10,"enemies":"Shelled Parasite and Fungi","floor":22,"turns":4},{"damage":0,"enemies":"HollowMod:Nosk","floor":24,"turns":6},{"damage":0,"enemies":"Chosen and Byrds","floor":27,"turns":4},{"damage":0,"enemies":"theDuelist:KaibaA2","floor":28,"turns":3},{"damage":26,"enemies":"Snecko","floor":31,"turns":4},{"damage":0,"enemies":"Collector","floor":33,"turns":4},{"damage":0,"enemies":"3 Darklings","floor":35,"turns":3},{"damage":8,"enemies":"3 Shapes","floor":37,"turns":3},{"damage":0,"enemies":"Orin","floor":38,"turns":7},{"damage":0,"enemies":"Giant Head","floor":40,"turns":7},{"damage":26,"enemies":"Reptomancer","floor":42,"turns":3},{"damage":32,"enemies":"Sphere and 2 Shapes","floor":45,"turns":4},{"damage":15,"enemies":"Jaw Worm Horde","floor":46,"turns":5},{"damage":2,"enemies":"Nemesis","floor":47,"turns":5},{"damage":118,"enemies":"hubris:GrandSnecko","floor":50,"turns":14}],"seed_played":"-7887920296766609774","potions_obtained":[{"floor":3,"key":"potionbrewer:BoundlessPotion"},{"floor":12,"key":"hexamod:EctoCoolerPotion"},{"floor":16,"key":"sneckomod:MuddlingPotion"},{"floor":27,"key":"theDuelist:MegaupgradePotion"},{"floor":33,"key":"SpeedPotion"},{"floor":42,"key":"potionbrewer:DiscountPotion"},{"floor":46,"key":"SkillPotion"},{"floor":47,"key":"ColorlessPotion"}],"is_trial":false,"path_per_floor":["M","?","M","M","M","R","E","$","T","$","$","M","R","$","R","B",null,"M","M","?","?","M","R","E","R","T","M","E","R","$","M","R","B",null,"M","?","M","?","?","E","R","E","T","R","M","M","E","?","R","B"],"character_chosen":"THE_DUELIST","items_purchased":["theDuelist:WhiteHowling","MerchantsRug","theDuelist:MerchantPendant","aspiration:Nostalgia"],"campfire_rested":5,"item_purchase_floors":[0,8,11,30],"current_hp_per_floor":[61,61,61,57,57,57,55,55,55,55,55,55,55,55,55,18,57,57,54,37,37,27,48,48,69,69,69,69,69,69,49,70,70,70,70,70,68,70,70,70,70,50,50,70,44,35,39,35,56,0,0],"gold":438,"neow_bonus":"","is_daily":false,"chose_seed":false,"campfire_upgraded":5,"win_rate":0.0,"timestamp":1609880393,"path_taken":["M","?","?","?","?","R","E","$","T","?","$","M","R","$","R","BOSS","M","M","?","?","?","R","E","R","T","M","E","R","$","M","R","BOSS","M","?","M","?","?","E","R","E","T","R","M","M","E","?","R","BOSS"],"items_purchased_type":["Card","Relic","Relic","Relic"],"build_version":"2020-12-22","purchased_purges":0,"victory":false,"max_hp_per_floor":[70,70,70,70,70,70,70,70,70,70,70,70,70,70,70,70,70,70,70,70,70,70,70,70,70,70,70,70,70,70,70,70,70,70,70,70,70,70,70,70,70,70,70,70,70,70,70,70,70,70,70],"card_choices":[{"not_picked":["theDuelist:OniGamiCombo","theDuelist:TyrantWing","theDuelist:Mountain","theDuelist:RainbowRefraction"],"picked":"SKIP","floor":1},{"not_picked":["theDuelist:RainbowFlower","theDuelist:RainbowNeos","theDuelist:DunamesDarkWitch","theDuelist:RainbowDarkDragon"],"picked":"theDuelist:HappyLover","floor":3},{"not_picked":["Blind","Discovery","Dramatic Entrance"],"picked":"Trip","floor":4},{"not_picked":["theDuelist:SuperancientDinobeast","theDuelist:RainbowFlower","theDuelist:RainbowNeos","theDuelist:DunamesDarkWitch","theDuelist:RainbowOverdragon"],"picked":"SKIP","floor":5},{"not_picked":["theDuelist:IronDraw","theDuelist:WanderingKing","theDuelist:FrillerRabca","theDuelist:SevenColoredFish","theDuelist:Boneheimer"],"picked":"SKIP","floor":7},{"not_picked":["theDuelist:DarkEnergy","theDuelist:CallMummy","theDuelist:CardSafeReturn","theDuelist:RainbowRuins"],"picked":"theDuelist:IronCall","floor":12},{"not_picked":["theDuelist:GoldenBlastJuggler","theDuelist:MonsterReborn","theDuelist:SwordsRevealing","theDuelist:RainbowDarkDragon"],"picked":"theDuelist:IrisEarthMother","floor":16},{"not_picked":["theDuelist:AlphaMagnet","theDuelist:RainbowDragon","theDuelist:SpiritHarp","theDuelist:WhiteMagicalHat","theDuelist:ZombieMammoth"],"picked":"SKIP","floor":18},{"not_picked":["theDuelist:SangaEarth","theDuelist:RainbowKuriboh","theDuelist:FogKing+1","theDuelist:WhiteHornDragon","theDuelist:BlasterDragonInfernos"],"picked":"SKIP","floor":19},{"not_picked":["hubris:Rewind","Replay:Fractal Strike"],"picked":"ReplayTheSpireMod:Book of Names","floor":20},{"not_picked":["theDuelist:RainbowFlower","theDuelist:IrisEarthMother","theDuelist:RainbowKuriboh","theDuelist:RainbowOverdragon+1"],"picked":"theDuelist:KamionTimelord","floor":22},{"not_picked":["theDuelist:ExploderDragonwing","theDuelist:CrystalEmeraldTortoise","theDuelist:Illusionist","theDuelist:BlizzardThunderbird"],"picked":"theDuelist:BookSecret","floor":24},{"not_picked":["theDuelist:LightningRodLord","theDuelist:Sangan","theDuelist:WormKing","theDuelist:EarthquakeGiant","theDuelist:Hinotama"],"picked":"SKIP","floor":27},{"not_picked":["theDuelist:YamataDragon","theDuelist:RevivalJam","theDuelist:SpiritHarp","theDuelist:GraydleSlimeJr"],"picked":"theDuelist:RainbowDragon","floor":28},{"not_picked":["theDuelist:GoldenBlastJuggler","theDuelist:ClearKuriboh"],"picked":"theDuelist:DragonZombie","floor":31},{"not_picked":["theDuelist:IronDraw+1","theDuelist:Boneheimer","theDuelist:AmphibiousBugroth+1","theDuelist:FrillerRabca","theDuelist:SevenColoredFish"],"picked":"SKIP","floor":35},{"not_picked":["theDuelist:SpiralSpearStrike","theDuelist:DarkEnergy+1","theDuelist:AncientRules","theDuelist:RainbowRuins"],"picked":"theDuelist:SuperSolarNutrient+1","floor":37},{"not_picked":["theDuelist:AlphaMagnet","theDuelist:VanityFiend","theDuelist:SpiralSpearStrike","theDuelist:GoblinKing+1"],"picked":"theDuelist:DeepDiver","floor":40},{"not_picked":["theDuelist:BeastTalwar","theDuelist:BlizzardThunderbird","theDuelist:FiendMegacyber+1","theDuelist:ShadowVampire","theDuelist:DoomcaliberKnight"],"picked":"SKIP","floor":42},{"not_picked":["theDuelist:DarkEnergy","theDuelist:Yami","theDuelist:RainbowRefraction+1","theDuelist:CallMummy+1"],"picked":"theDuelist:ShallowGrave","floor":45},{"not_picked":["theDuelist:FearFromDark","theDuelist:DarkEnergy","theDuelist:BlacklandFireDragon"],"picked":"SKIP","floor":46},{"not_picked":["theDuelist:DarkMagician","theDuelist:BetaMagnet+1","theDuelist:VampireFraulein","theDuelist:SevenColoredFish","theDuelist:FrillerRabca+1"],"picked":"SKIP","floor":47}],"player_experience":551144,"relics_obtained":[{"floor":7,"key":"aspiration:FrozenJewel"},{"floor":9,"key":"infinitespire:Satchel"},{"floor":24,"key":"potionbrewer:ToyAutogyro"},{"floor":26,"key":"Mummified Hand"},{"floor":28,"key":"theDuelist:MetronomeRelicD"},{"floor":38,"key":"CatCart"},{"floor":40,"key":"Ornamental Fan"},{"floor":42,"key":"aspiration:TomeofQuesting"},{"floor":43,"key":"infinitespire:WardingShard"},{"floor":47,"key":"hubris:TenFootPole"}],"event_choices":[{"damage_healed":0,"gold_gain":0,"cards_transformed":["theDuelist:Sparks"],"player_choice":"Transformed","damage_taken":0,"max_hp_gain":0,"max_hp_loss":0,"event_name":"Transmorgrifier","floor":2,"gold_loss":0,"cards_obtained":["theDuelist:SpiritHarp"]},{"damage_healed":0,"gold_gain":0,"player_choice":"Scored: 992","duelist":true,"damage_taken":0,"max_hp_gain":0,"max_hp_loss":0,"event_name":"Visit from Anubis","floor":21,"gold_loss":0},{"damage_healed":0,"gold_gain":0,"player_choice":"Leave","duelist":true,"damage_taken":0,"max_hp_gain":0,"max_hp_loss":0,"event_name":"Egyptian Village","floor":36,"gold_loss":0},{"damage_healed":0,"gold_gain":0,"player_choice":"Fight","damage_taken":0,"max_hp_gain":0,"max_hp_loss":0,"event_name":"OrinTheCat","floor":38,"gold_loss":0},{"damage_healed":0,"gold_gain":0,"player_choice":"Dig - random Duelist relic","duelist":true,"damage_taken":0,"max_hp_gain":0,"max_hp_loss":0,"event_name":"Aknamkanon\u0027s Tomb","floor":48,"gold_loss":0}],"is_beta":false,"boss_relics":[{"not_picked":["Empty Cage","ChewingGum"],"picked":"hubris:Backtick"},{"not_picked":["aspiration:MarisaSkillbook","theDuelist:GamblerChip"],"picked":"aspiration:SecretTechniqueScroll"}],"items_purged_floors":[],"is_endless":false,"potions_floor_spawned":[3,12,16,19,27,33,37,42,46,47],"killed_by":"hubris:GrandSnecko","ascension_level":17}}