{"host":"j4g6ia6asvpyu2b0","time":1609808914,"event":{"mods":["BaseMod","Colored Map","Minty Spire (QoL Compilation)","Permanent Neow","Quick Restart","Relic Stats","StSLib","Unceasing Turn Reminder"],"gold_per_floor":[112,112,112,125,143,178,178,216,216,252,276,295,318,349,349,474,474,492,472,496,121,136,177,34,34,34,58,98,98,98,121,121,244,544,563,587,587,444,444,444,482,815,815,815,815,603,635,646,646,646,646,646,403,434,434],"floor_reached":56,"playtime":1896,"items_purged":["Decay","Strike_G+1"],"score":1782,"play_id":"26b7696f-67b4-4abf-b061-8c64875e9241","local_time":"20210104180834","is_ascension_mode":true,"campfire_choices":[{"data":"Terror","floor":7.0,"key":"SMITH"},{"data":"Predator","floor":15.0,"key":"SMITH"},{"data":"Envenom","floor":25.0,"key":"SMITH"},{"data":"Noxious Fumes","floor":29.0,"key":"SMITH"},{"data":"Malaise","floor":32.0,"key":"SMITH"},{"data":"After Image","floor":40.0,"key":"SMITH"},{"data":"After Image","floor":44.0,"key":"SMITH"},{"floor":49,"key":"RECALL"},{"data":"Caltrops","floor":52,"key":"SMITH"}],"circlet_count":0,"master_deck":["Strike_G+1","Strike_G+1","Strike_G+1","Strike_G+1","Defend_G+1","Defend_G+1","Defend_G+1","Defend_G+1","Defend_G+1","Survivor+1","Neutralize","Terror+1","Blade Dance","Dagger Spray","Unload","Predator+1","Cloak And Dagger","Crippling Poison","Dagger Spray","Escape Plan","Malaise+1","Flying Knee+1","Outmaneuver","Noxious Fumes+1","Envenom+1","Blade Dance","Bouncing Flask+1","Well Laid Plans+1","Catalyst+1","After Image+1","CurseOfTheBell","Sucker Punch+1","Footwork+1","After Image+1","Distraction+1","Corpse Explosion+1","Wraith Form v2","Caltrops+1","Calculated Gamble+1","Acrobatics+1","Master of Strategy+1","Apotheosis+1","Impatience+1","Backflip+1","Deadly Poison+1","Blade Dance+1","Prepared+1","Tactician+1"],"relics":["Ring of the Snake","Thread and Needle","Dream Catcher","Ginger","White Beast Statue","HornCleat","Odd Mushroom","Coffee Dripper","Happy Flower","Sling","Vajra","Membership Card","Toxic Egg 2","Bag of Marbles","Calling Bell","Pen Nib","Question Card","Old Coin","Orrery","Toy Ornithopter","Oddly Smooth Stone","Toolbox","Lizard Tail","TungstenRod","Paper Crane"],"acts_visited":["Exordium","TheCity","TheBeyond","TheEnding"],"potions_floor_usage":[55,55,55],"damage_taken":[{"damage":0.0,"enemies":"Small Slimes","floor":1.0,"turns":4.0},{"damage":0.0,"enemies":"2 Louse","floor":4.0,"turns":2.0},{"damage":0.0,"enemies":"Jaw Worm","floor":5.0,"turns":3.0},{"damage":0.0,"enemies":"Gremlin Nob","floor":6.0,"turns":2.0},{"damage":3.0,"enemies":"3 Sentries","floor":8.0,"turns":6.0},{"damage":3.0,"enemies":"Lagavulin","floor":10.0,"turns":5.0},{"damage":0.0,"enemies":"2 Fungi Beasts","floor":11.0,"turns":3.0},{"damage":0.0,"enemies":"Lots of Slimes","floor":12.0,"turns":3.0},{"damage":0.0,"enemies":"3 Louse","floor":13.0,"turns":2.0},{"damage":1.0,"enemies":"The Mushroom Lair","floor":14.0,"turns":4.0},{"damage":0.0,"enemies":"Slime Boss","floor":16.0,"turns":5.0},{"damage":0.0,"enemies":"Spheric Guardian","floor":18.0,"turns":3.0},{"damage":0.0,"enemies":"3 Byrds","floor":20.0,"turns":3.0},{"damage":0.0,"enemies":"Snecko","floor":22.0,"turns":4.0},{"damage":4.0,"enemies":"Book of Stabbing","floor":23.0,"turns":5.0},{"damage":0.0,"enemies":"Shelled Parasite and Fungi","floor":27.0,"turns":4.0},{"damage":18.0,"enemies":"Slavers","floor":28.0,"turns":4.0},{"damage":0.0,"enemies":"Centurion and Healer","floor":31.0,"turns":5.0},{"damage":15.0,"enemies":"Automaton","floor":33.0,"turns":8.0},{"damage":0.0,"enemies":"3 Darklings","floor":35.0,"turns":4.0},{"damage":0.0,"enemies":"Orb Walker","floor":36.0,"turns":3.0},{"damage":10.0,"enemies":"Nemesis","floor":41.0,"turns":5.0},{"damage":0.0,"enemies":"Reptomancer","floor":47.0,"turns":6.0},{"damage":0,"enemies":"4 Shapes","floor":48,"turns":4},{"damage":2,"enemies":"Awakened One","floor":50,"turns":12},{"damage":13,"enemies":"Shield and Spear","floor":54,"turns":5},{"damage":52,"enemies":"The Heart","floor":55,"turns":7}],"seed_played":"-183230607839536371","potions_obtained":[{"floor":5.0,"key":"SteroidPotion"},{"floor":6.0,"key":"LiquidMemories"},{"floor":8.0,"key":"Fire Potion"},{"floor":10.0,"key":"Energy Potion"},{"floor":11.0,"key":"EssenceOfSteel"},{"floor":12.0,"key":"SteroidPotion"},{"floor":13.0,"key":"BlessingOfTheForge"},{"floor":14.0,"key":"AttackPotion"},{"floor":16.0,"key":"AttackPotion"},{"floor":18.0,"key":"Dexterity Potion"},{"floor":19.0,"key":"LiquidMemories"},{"floor":20.0,"key":"LiquidMemories"},{"floor":22.0,"key":"CultistPotion"},{"floor":23.0,"key":"ColorlessPotion"},{"floor":27.0,"key":"EssenceOfSteel"},{"floor":28.0,"key":"Fire Potion"},{"floor":33.0,"key":"Strength Potion"},{"floor":35.0,"key":"Strength Potion"}],"is_trial":false,"path_per_floor":["M","?","?","M","M","E","R","E","T","E","M","M","M","?","R","B",null,"M","?","M","$","M","E","$","R","T","M","E","R","?","M","R","B",null,"M","M","?","$","?","R","E","?","T","R","?","$","E","M","R","B",null,"R","$","E","B",null],"character_chosen":"THE_SILENT","items_purchased":["Noxious Fumes","Happy Flower","Sling","Membership Card","After Image","Orrery","Backflip+1","Oddly Smooth Stone","Toolbox","TungstenRod","PowerPotion","Prepared+1"],"campfire_rested":0,"item_purchase_floors":[21,21,21,24,38,38,46,46,46,53,53,53],"current_hp_per_floor":[63,63,50,50,50,50,50,47,47,44,44,44,44,43,43,43,60,60,60,60,60,60,56,56,56,56,56,38,38,38,38,38,23,55,55,55,55,55,55,55,45,45,45,45,35,35,35,35,35,33,55,55,55,42,5],"gold":434,"neow_bonus":"ONE_RARE_RELIC","is_daily":false,"chose_seed":false,"campfire_upgraded":8,"win_rate":0.0,"timestamp":1609808914,"path_taken":["M","?","?","M","M","E","R","E","T","E","M","M","M","?","R","BOSS","M","?","?","$","M","E","$","R","T","M","E","R","?","M","R","BOSS","M","M","?","$","?","R","E","?","T","R","?","$","E","M","R","BOSS","R","$","E","BOSS"],"items_purchased_type":["Card","Relic","Relic","Relic","Card","Relic","Card","Relic","Relic","Relic","Potion","Card"],"build_version":"2020-12-22","purchased_purges":2,"victory":true,"max_hp_per_floor":[70,65,65,65,65,65,65,65,65,65,65,65,65,65,65,65,65,65,65,65,65,65,65,65,65,65,65,65,65,65,65,65,65,65,65,65,62,62,62,62,62,62,62,62,62,62,62,62,62,62,62,62,62,62,62],"relic_stats":{"Dream Catcher":0,"Lizard Tail":0,"Happy Flower":[25],"counters":[27,121],"Pen Nib":[12],"Ginger":[5],"Question Card":14,"obtain_stats":[{"Vajra":23,"Ginger":8,"Sling":21,"Old Coin":34,"Dream Catcher":6,"Lizard Tail":47,"HornCleat":10,"Toolbox":46,"Toxic Egg 2":26,"Ring of the Snake":0,"Happy Flower":21,"Golden Idol":2,"Oddly Smooth Stone":46,"Thread and Needle":0,"Pen Nib":34,"Odd Mushroom":14,"Paper Crane":54,"Question Card":34,"White Beast Statue":9,"Calling Bell":34,"Orrery":38,"Coffee Dripper":17,"Bag of Marbles":28,"Membership Card":24,"Toy Ornithopter":41,"TungstenRod":53},{"Vajra":15,"Ginger":5,"Sling":13,"Old Coin":19,"Dream Catcher":4,"Lizard Tail":23,"HornCleat":6,"Toolbox":22,"Toxic Egg 2":15,"Ring of the Snake":0,"Happy Flower":13,"Golden Idol":1,"Oddly Smooth Stone":22,"Thread and Needle":0,"Pen Nib":19,"Odd Mushroom":10,"Paper Crane":26,"Question Card":19,"White Beast Statue":5,"Calling Bell":19,"Orrery":21,"Coffee Dripper":11,"Bag of Marbles":17,"Membership Card":15,"Toy Ornithopter":22,"TungstenRod":25},{"Vajra":54,"Ginger":17,"Sling":45,"Old Coin":75,"Dream Catcher":11,"Lizard Tail":93,"HornCleat":22,"Toolbox":87,"Toxic Egg 2":54,"Ring of the Snake":0,"Happy Flower":45,"Golden Idol":4,"Oddly Smooth Stone":87,"Thread and Needle":0,"Pen Nib":75,"Odd Mushroom":34,"Paper Crane":114,"Question Card":75,"White Beast Statue":17,"Calling Bell":75,"Orrery":82,"Coffee Dripper":39,"Bag of Marbles":62,"Membership Card":54,"Toy Ornithopter":87,"TungstenRod":109}],"Toy Ornithopter":15,"TungstenRod":10,"Ring of the Snake":[54]},"card_choices":[{"not_picked":["Outmaneuver","Choke"],"picked":"Terror","floor":1.0},{"not_picked":["Flechettes","Quick Slash"],"picked":"Blade Dance","floor":4.0},{"not_picked":["Sucker Punch","Blade Dance"],"picked":"Dagger Spray","floor":5.0},{"not_picked":["Backstab","Underhanded Strike"],"picked":"Unload","floor":6.0},{"not_picked":["Slice","Prepared","Expertise"],"picked":"SKIP","floor":8.0},{"not_picked":["Acrobatics","Accuracy"],"picked":"Predator","floor":10.0},{"not_picked":["Setup","Reflex"],"picked":"Cloak And Dagger","floor":11.0},{"not_picked":["Prepared","Cloak And Dagger"],"picked":"Crippling Poison","floor":12.0},{"not_picked":["Dodge and Roll","Cloak And Dagger"],"picked":"Dagger Spray","floor":13.0},{"not_picked":["Outmaneuver","Eviscerate"],"picked":"Escape Plan","floor":14.0},{"not_picked":["Doppelganger","Wraith Form v2"],"picked":"Malaise","floor":16.0},{"not_picked":["Acrobatics+1","Dodge and Roll"],"picked":"Flying Knee+1","floor":18.0},{"not_picked":["All Out Attack","Prepared"],"picked":"Outmaneuver","floor":20.0},{"not_picked":["Escape Plan","Cloak And Dagger"],"picked":"Envenom","floor":22.0},{"not_picked":["Die Die Die","Flying Knee"],"picked":"Blade Dance","floor":23.0},{"not_picked":["Sucker Punch","Backstab"],"picked":"Bouncing Flask+1","floor":27.0},{"not_picked":["Dagger Spray+1","Prepared+1"],"picked":"Well Laid Plans+1","floor":28.0},{"not_picked":["PiercingWail+1","Night Terror+1"],"picked":"Catalyst+1","floor":31.0},{"not_picked":["Glass Knife","Tools of the Trade"],"picked":"After Image","floor":33.0},{"not_picked":["Quick Slash","Deflect+1","Dagger Throw"],"picked":"Sucker Punch+1","floor":35.0},{"not_picked":["Bouncing Flask+1","Caltrops+1","Eviscerate"],"picked":"Footwork+1","floor":36.0},{"not_picked":["Skewer+1","Eviscerate","Expertise+1"],"picked":"Distraction+1","floor":38.0},{"not_picked":["Dodge and Roll+1","Reflex+1","Bullet Time+1"],"picked":"Corpse Explosion+1","floor":38.0},{"not_picked":["Backstab+1","Cloak And Dagger+1","Prepared+1"],"picked":"Wraith Form v2","floor":38.0},{"not_picked":["Poisoned Stab+1","Quick Slash+1","Acrobatics+1"],"picked":"Caltrops","floor":38.0},{"not_picked":["Bane","Flying Knee","Poisoned Stab"],"picked":"Calculated Gamble+1","floor":38.0},{"not_picked":["Escape Plan+1","Dagger Spray","Infinite Blades"],"picked":"Acrobatics+1","floor":41.0},{"not_picked":["Good Instincts+1","Bandage Up+1","Panacea+1"],"picked":"Master of Strategy+1","floor":45.0},{"not_picked":["Thinking Ahead+1","PanicButton+1","Forethought+1"],"picked":"Apotheosis+1","floor":45.0},{"not_picked":["Bandage Up+1","Swift Strike","The Bomb+1"],"picked":"Impatience+1","floor":45.0},{"not_picked":["Calculated Gamble+1","Quick Slash+1","Masterful Stab"],"picked":"Deadly Poison+1","floor":47.0},{"not_picked":["Backflip+1","Outmaneuver+1","Cloak And Dagger+1"],"picked":"Blade Dance+1","floor":48},{"not_picked":["Calculated Gamble+1","Quick Slash","Underhanded Strike+1"],"picked":"Tactician+1","floor":54}],"player_experience":709041,"relics_obtained":[{"floor":6.0,"key":"Dream Catcher"},{"floor":8.0,"key":"Ginger"},{"floor":9.0,"key":"White Beast Statue"},{"floor":10.0,"key":"HornCleat"},{"floor":14.0,"key":"Odd Mushroom"},{"floor":23.0,"key":"Vajra"},{"floor":26.0,"key":"Toxic Egg 2"},{"floor":28.0,"key":"Bag of Marbles"},{"floor":34.0,"key":"Pen Nib"},{"floor":34.0,"key":"Question Card"},{"floor":34.0,"key":"Old Coin"},{"floor":41.0,"key":"Toy Ornithopter"},{"floor":47.0,"key":"Lizard Tail"},{"floor":54,"key":"Paper Crane"}],"event_choices":[{"damage_healed":0.0,"max_hp_gain":0.0,"max_hp_loss":5.0,"gold_gain":0.0,"event_name":"Golden Idol","player_choice":"Lose Max HP","floor":2.0,"gold_loss":0.0,"damage_taken":0.0,"relics_obtained":["Golden Idol"]},{"damage_healed":0.0,"max_hp_gain":0.0,"max_hp_loss":0.0,"gold_gain":0.0,"event_name":"Shining Light","player_choice":"Entered Light","floor":3.0,"gold_loss":0.0,"damage_taken":13.0,"cards_upgraded":["Strike_G","Survivor"]},{"damage_healed":0.0,"max_hp_gain":0.0,"max_hp_loss":0.0,"gold_gain":0.0,"event_name":"Mushrooms","player_choice":"Fought Mushrooms","floor":14.0,"gold_loss":0.0,"damage_taken":0.0},{"damage_healed":0.0,"max_hp_gain":0.0,"max_hp_loss":0.0,"gold_gain":0.0,"event_name":"The Woman in Blue","player_choice":"Bought 1 Potion","floor":19.0,"gold_loss":0.0,"damage_taken":0.0},{"damage_healed":0.0,"max_hp_gain":0.0,"max_hp_loss":0.0,"gold_gain":0.0,"event_name":"Back to Basics","player_choice":"Simplicity","floor":30.0,"gold_loss":0.0,"damage_taken":0.0,"cards_upgraded":["Strike_G","Strike_G","Strike_G","Strike_G","Defend_G","Defend_G","Defend_G","Defend_G","Defend_G"]},{"damage_healed":0.0,"max_hp_gain":0.0,"max_hp_loss":3.0,"gold_gain":0.0,"event_name":"Winding Halls","player_choice":"Max HP","floor":37.0,"gold_loss":0.0,"damage_taken":0.0},{"damage_healed":0.0,"max_hp_gain":0.0,"max_hp_loss":0.0,"gold_gain":0.0,"event_name":"Tomb of Lord Red Mask","player_choice":"Ignored","floor":39.0,"gold_loss":0.0,"damage_taken":0.0},{"damage_healed":0.0,"max_hp_gain":0.0,"max_hp_loss":0.0,"gold_gain":333.0,"event_name":"The Moai Head","player_choice":"Gave Idol","floor":42.0,"relics_lost":["Golden Idol"],"gold_loss":0.0,"damage_taken":0.0},{"damage_healed":0.0,"max_hp_gain":0.0,"max_hp_loss":0.0,"gold_gain":0.0,"event_name":"SensoryStone","player_choice":"Memory 3","floor":45.0,"gold_loss":0.0,"damage_taken":10.0}],"is_beta":false,"boss_relics":[{"not_picked":["Ring of the Serpent","Cursed Key"],"picked":"Coffee Dripper"},{"not_picked":["SacredBark","Velvet Choker"],"picked":"Calling Bell"}],"items_purged_floors":[46,53],"is_endless":false,"potions_floor_spawned":[5,6,8,10,11,12,13,14,16,18,20,22,23,27,28,31,33,35,36,41,47,48,54],"ascension_level":6}}