{"host":"ikjt6v4q6zrcj3if","time":1609847457,"event":{"mods":["BaseMod","CapriCore","Colored Map","Downfall","Luminous","Minty Spire (QoL Compilation)","Permanent Neow","Quick Restart","Replay The Spire","Robot Space Explorer","Somnambulant","Spicy Shops","StSLib","SuperFastMode","The Exalted","The Marked","The Runesmith","TheSwordswoman","WarShipGirlsR/??è≠èóR mod"],"gold_per_floor":[110,110,53,66,82,82,82,100,100,100,46,46,71,21,21,119,119,138,52,52,72,72,104,104,104,130,145,145,145],"floor_reached":28,"playtime":1445,"items_purged":[],"score":234,"play_id":"6b49f00c-36d0-40a9-b74f-efa9ab720d34","local_time":"20210105205057","is_ascension_mode":false,"campfire_choices":[{"data":"Runesmith:Fortify","floor":6,"key":"SMITH"},{"data":"Runesmith:CraftMagma","floor":10,"key":"SMITH"},{"data":"Runesmith:Grindstone","floor":12,"key":"SMITH"},{"data":"Runesmith:CreatorForm","floor":15,"key":"SMITH"},{"data":"Runesmith:Defend_RS","floor":24,"key":"SMITH"},{"data":"Runesmith:Defend_RS","floor":24,"key":"SMITH"}],"circlet_count":0,"master_deck":["Runesmith:Strike_RS","Runesmith:Strike_RS","Runesmith:Strike_RS","Runesmith:Strike_RS","Runesmith:Defend_RS+1","Runesmith:Defend_RS+1","Runesmith:Defend_RS+1","Runesmith:Fortify+1","Runesmith:CreatorForm+1","Runesmith:CraftMagma+1","Runesmith:PoweredAnvil+1","Runesmith:Firestorm+1","Runesmith:Grindstone+1","Runesmith:UnlimitedPower+1","Runesmith:LithiumIon+1","Runesmith:LithiumIon+1","Runesmith:LithiumIon+1"],"relics":["Runesmith:BrokenRuby","Frozen Egg 2","Quantum Egg","Orichalcum","Coffee Dripper","Replay:Arrowhead","Blue Doll"],"acts_visited":["Exordium","TheCity"],"potions_floor_usage":[18,18,23],"damage_taken":[{"damage":8,"enemies":"Jaw Worm","floor":1,"turns":4},{"damage":1,"enemies":"Cultist","floor":4,"turns":4},{"damage":7,"enemies":"2 Louse","floor":5,"turns":3},{"damage":13,"enemies":"Exordium Wildlife","floor":8,"turns":5},{"damage":5,"enemies":"Lagavulin","floor":13,"turns":6},{"damage":6,"enemies":"Fading Forest","floor":16,"turns":11},{"damage":10,"enemies":"2 Thieves","floor":18,"turns":4},{"damage":11,"enemies":"3 Byrds","floor":21,"turns":5},{"damage":19,"enemies":"Slavers","floor":23,"turns":7},{"damage":14,"enemies":"Centurion and Healer","floor":27,"turns":7},{"damage":16,"enemies":"Snake Plant","floor":28,"turns":2}],"seed_played":"-654708128006994254","potions_obtained":[{"floor":4,"key":"Explosive Potion"},{"floor":8,"key":"SkillPotion"},{"floor":21,"key":"AttackPotion"}],"is_trial":false,"path_per_floor":["M","?","$","M","M","R","?","M","T","R","$","R","E","?","R","B",null,"M","$","?","M","?","E","R","?","T","M","M"],"character_chosen":"RUNESMITH_CLASS","items_purchased":["Runesmith:PoweredAnvil+1","Runesmith:Grindstone","Runesmith:LithiumIon+1"],"campfire_rested":0,"item_purchase_floors":[3,11,19],"current_hp_per_floor":[62,62,62,61,54,54,36,23,23,23,23,23,18,18,18,12,70,60,60,60,49,49,30,30,30,30,16,0,0],"gold":145,"neow_bonus":"TRANSFORM_CARD","is_daily":false,"chose_seed":false,"campfire_upgraded":6,"win_rate":0.0,"timestamp":1609847457,"path_taken":["M","?","$","?","M","R","?","M","T","R","$","R","E","?","R","BOSS","M","$","?","M","?","E","R","?","T","M","?"],"items_purchased_type":["Card","Card","Card"],"build_version":"2020-12-22","purchased_purges":0,"victory":false,"max_hp_per_floor":[70,70,70,70,70,70,70,70,70,70,70,70,70,70,70,70,70,70,70,70,70,70,70,70,70,70,70,70,70],"card_choices":[{"not_picked":["Runesmith:Overpower","Runesmith:UnstableHammer"],"picked":"Runesmith:CraftMagma","floor":1},{"not_picked":["Runesmith:CraftMagma","Runesmith:HeatedChisel","Runesmith:BackupBattery"],"picked":"SKIP","floor":4},{"not_picked":["Runesmith:Permafrost","Runesmith:Overpower","Runesmith:Superposition"],"picked":"SKIP","floor":5},{"not_picked":["Runesmith:UnstableHammer","Runesmith:OneForEveryone"],"picked":"Runesmith:Firestorm+1","floor":8},{"not_picked":["Runesmith:Empowerment","Runesmith:Retool","Runesmith:NegativeSpace"],"picked":"SKIP","floor":13},{"not_picked":["Runesmith:CraftPrismatica","Runesmith:Supernova"],"picked":"Runesmith:UnlimitedPower+1","floor":16},{"not_picked":["Runesmith:CraftSpiculum+1","Runesmith:HeatExchange"],"picked":"Runesmith:LithiumIon+1","floor":18},{"not_picked":["Runesmith:WhiteBalance","Runesmith:ChaoticBlast"],"picked":"Runesmith:LithiumIon+1","floor":21},{"not_picked":["Runesmith:Repurpose","Runesmith:ChiselStab+1","Runesmith:CraftObretio"],"picked":"SKIP","floor":23},{"not_picked":["Runesmith:HeatExchange","Runesmith:RunicBlueprint","Runesmith:ChiselStab"],"picked":"SKIP","floor":27}],"player_experience":344143,"relics_obtained":[{"floor":9,"key":"Quantum Egg"},{"floor":13,"key":"Orichalcum"},{"floor":23,"key":"Replay:Arrowhead"},{"floor":26,"key":"Blue Doll"}],"event_choices":[{"damage_healed":0,"gold_gain":0,"player_choice":"Bought 0 Potions","damage_taken":0,"max_hp_gain":0,"max_hp_loss":0,"event_name":"The Woman in Blue","floor":2,"gold_loss":0},{"damage_healed":0,"gold_gain":0,"player_choice":"Success","damage_taken":18,"relics_obtained":["Frozen Egg 2"],"max_hp_gain":0,"max_hp_loss":0,"event_name":"Scrap Ooze","floor":7,"gold_loss":0},{"cards_removed":["Runesmith:CraftFirestone"],"damage_healed":0,"gold_gain":0,"player_choice":"Card Removal","damage_taken":0,"max_hp_gain":0,"max_hp_loss":0,"event_name":"The Cleric","floor":14,"gold_loss":50},{"damage_healed":0,"gold_gain":0,"player_choice":"Ignored","damage_taken":0,"max_hp_gain":0,"max_hp_loss":0,"event_name":"Vampires","floor":22,"gold_loss":0},{"damage_healed":0,"gold_gain":0,"player_choice":"Forge","damage_taken":0,"max_hp_gain":0,"max_hp_loss":0,"event_name":"Accursed Blacksmith","floor":25,"gold_loss":0,"cards_upgraded":["Runesmith:Defend_RS"]}],"is_beta":false,"boss_relics":[{"not_picked":["Painkiller Herb","Philosopher\u0027s Stone"],"picked":"Coffee Dripper"}],"items_purged_floors":[],"is_endless":false,"potions_floor_spawned":[4,8,21],"killed_by":"Snake Plant","ascension_level":0}}