{"host":"wha9hktbkslqvblg","time":1609826707,"event":{"mods":["BaseMod","Colored Map","Minty Spire (QoL Compilation)","Relic Stats","SuperFastMode","everything is the same but u backflip on backflip"],"gold_per_floor":[117,117,134,134,134,169,185,218,289,289,289,92,105,180,180,275,275,294,294,294,254,254,254],"floor_reached":22,"playtime":320,"items_purged":["Strike_R"],"score":484,"play_id":"bf3cf080-276b-4400-932d-f37c9b874c96","local_time":"20210105150507","is_ascension_mode":true,"campfire_choices":[{"data":"Heavy Blade","floor":11.0,"key":"SMITH"},{"floor":15.0,"key":"REST"}],"circlet_count":0,"master_deck":["AscendersBane","Strike_R","Strike_R","Strike_R+1","Defend_R","Defend_R+1","Defend_R","Defend_R","Bash","Spot Weakness","Heavy Blade+1","Fire Breathing","Shrug It Off","Reaper"],"relics":["Burning Blood","NeowsBlessing","Bloody Idol","Pocketwatch","Smiling Mask","Singing Bowl","Busted Crown"],"acts_visited":["Exordium","TheCity"],"potions_floor_usage":[18],"damage_taken":[{"damage":0.0,"enemies":"Jaw Worm","floor":1.0,"turns":1.0},{"damage":0.0,"enemies":"2 Louse","floor":3.0,"turns":1.0},{"damage":0.0,"enemies":"3 Sentries","floor":6.0,"turns":2.0},{"damage":10.0,"enemies":"Small Slimes","floor":7.0,"turns":3.0},{"damage":40.0,"enemies":"Lagavulin","floor":8.0,"turns":5.0},{"damage":4.0,"enemies":"2 Fungi Beasts","floor":13.0,"turns":4.0},{"damage":27.0,"enemies":"Hexaghost","floor":16.0,"turns":6.0},{"damage":23,"enemies":"Chosen","floor":18,"turns":6},{"damage":42,"enemies":"2 Thieves","floor":21,"turns":5},{"damage":0,"enemies":"Snake Plant","floor":22,"turns":2}],"seed_played":"-5908515512018880363","potions_obtained":[{"floor":3.0,"key":"GamblersBrew"},{"floor":7.0,"key":"BlessingOfTheForge"}],"is_trial":false,"path_per_floor":["M","?","M","?","?","E","M","E","T","?","R","$","M","?","R","B",null,"M","?","?","M","M"],"character_chosen":"IRONCLAD","items_purchased":["Fire Breathing","Shrug It Off"],"campfire_rested":1,"item_purchase_floors":[12,12],"current_hp_per_floor":[74,51,57,57,50,56,52,18,18,18,18,18,22,11,32,11,55,47,47,72,62,62,62],"gold":254,"neow_bonus":"THREE_ENEMY_KILL","is_daily":false,"chose_seed":false,"campfire_upgraded":1,"win_rate":0.0,"timestamp":1609826707,"path_taken":["M","?","M","?","?","E","M","E","T","?","R","$","M","?","R","BOSS","M","?","?","?","?"],"items_purchased_type":["Card","Card"],"build_version":"2020-12-22","purchased_purges":1,"victory":false,"max_hp_per_floor":[75,75,75,68,68,68,68,68,68,68,68,68,70,70,70,70,70,72,72,72,74,74,74],"relic_stats":{"Busted Crown":4,"Singing Bowl":6,"counters":[10,35],"Bloody Idol":10,"Smiling Mask":25,"obtain_stats":[{"Busted Crown":17,"NeowsBlessing":0,"Singing Bowl":9,"Golden Idol":4,"Bloody Idol":19,"Smiling Mask":8,"Burning Blood":0,"Pocketwatch":6},{"Busted Crown":7,"NeowsBlessing":0,"Singing Bowl":5,"Golden Idol":2,"Bloody Idol":8,"Smiling Mask":5,"Burning Blood":0,"Pocketwatch":3},{"Busted Crown":22,"NeowsBlessing":0,"Singing Bowl":12,"Golden Idol":2,"Bloody Idol":28,"Smiling Mask":12,"Burning Blood":0,"Pocketwatch":4}],"Burning Blood":54,"Pocketwatch":[72]},"card_choices":[{"not_picked":["Clash","True Grit","Warcry"],"picked":"SKIP","floor":1.0},{"not_picked":["Combust","Perfected Strike"],"picked":"Spot Weakness","floor":3.0},{"not_picked":["Burning Pact","Shrug It Off"],"picked":"Heavy Blade","floor":6.0},{"not_picked":["Havoc","Clash","Perfected Strike"],"picked":"SKIP","floor":7.0},{"not_picked":["Havoc","Berserk","Heavy Blade"],"picked":"SKIP","floor":8.0},{"not_picked":["Clothesline","Thunderclap","Whirlwind"],"picked":"Singing Bowl","floor":13.0},{"not_picked":["Immolate","Brutality"],"picked":"Reaper","floor":16.0},{"not_picked":["Havoc"],"picked":"Singing Bowl","floor":18},{"not_picked":["Flex"],"picked":"Singing Bowl","floor":21}],"player_experience":936576,"relics_obtained":[{"floor":6.0,"key":"Pocketwatch"},{"floor":8.0,"key":"Smiling Mask"},{"floor":9.0,"key":"Singing Bowl"}],"event_choices":[{"damage_healed":0.0,"max_hp_gain":0.0,"max_hp_loss":0.0,"gold_gain":0.0,"event_name":"Shining Light","player_choice":"Entered Light","floor":2.0,"gold_loss":0.0,"damage_taken":23.0,"cards_upgraded":["Strike_R","Defend_R"]},{"damage_healed":0.0,"max_hp_gain":0.0,"max_hp_loss":7.0,"gold_gain":0.0,"event_name":"Golden Idol","player_choice":"Lose Max HP","floor":4.0,"gold_loss":0.0,"damage_taken":0.0,"relics_obtained":["Golden Idol"]},{"cards_removed":["Strike_R"],"damage_healed":0.0,"max_hp_gain":0.0,"max_hp_loss":0.0,"gold_gain":0.0,"event_name":"Golden Wing","player_choice":"Card Removal","floor":5.0,"gold_loss":0.0,"damage_taken":7.0},{"damage_healed":0.0,"max_hp_gain":0.0,"max_hp_loss":0.0,"gold_gain":0.0,"event_name":"Dead Adventurer","player_choice":"Searched \u00270\u0027 times","floor":10.0,"gold_loss":0.0,"damage_taken":0.0},{"damage_healed":0.0,"max_hp_gain":0.0,"max_hp_loss":0.0,"gold_gain":75.0,"event_name":"World of Goop","player_choice":"Gather Gold","floor":14.0,"gold_loss":0.0,"damage_taken":11.0},{"damage_healed":0,"gold_gain":0,"player_choice":"Gave Idol","damage_taken":0,"relics_obtained":["Bloody Idol"],"max_hp_gain":0,"max_hp_loss":0,"event_name":"Forgotten Altar","floor":19,"relics_lost":["Golden Idol"],"gold_loss":0},{"damage_healed":25,"gold_gain":0,"player_choice":"Full Heal","damage_taken":0,"max_hp_gain":0,"max_hp_loss":0,"event_name":"Wheel of Change","floor":20,"gold_loss":0}],"is_beta":false,"boss_relics":[{"not_picked":["Astrolabe","Calling Bell"],"picked":"Busted Crown"}],"items_purged_floors":[12],"is_endless":false,"potions_floor_spawned":[3,7],"killed_by":"Snake Plant","ascension_level":20}}