{"host":"mi0eibewekhugwl1","time":1609856187,"event":{"mods":["AchievementEnabler","BaseMod","Colored Map","Colored Powertips","DeckTracker","Keyboard Shortcuts","Minty Spire (QoL Compilation)","Quick Restart","Rare Cards Sparkle","Relic Stats","StSLib","SuperFastMode","everything is the same but u backflip on backflip"],"gold_per_floor":[110,127,140,157,170,170,199,199,199,199,199],"floor_reached":10,"playtime":149,"items_purged":[],"score":140,"play_id":"8ecbf7c1-8d3b-43b5-bd1d-1a1c683f2deb","local_time":"20210105231627","is_ascension_mode":true,"campfire_choices":[{"data":"Spot Weakness","floor":6,"key":"SMITH"}],"circlet_count":0,"master_deck":["AscendersBane","Strike_R","Strike_R","Strike_R","Strike_R","Defend_R","Defend_R","Defend_R","Defend_R","Bash","Cleave","Battle Trance","Spot Weakness+1","Bludgeon"],"relics":["Burning Blood","NeowsBlessing","Question Card","Juzu Bracelet"],"acts_visited":["Exordium"],"potions_floor_usage":[5,10],"damage_taken":[{"damage":0,"enemies":"Small Slimes","floor":1,"turns":1},{"damage":0,"enemies":"Cultist","floor":2,"turns":1},{"damage":0,"enemies":"Jaw Worm","floor":3,"turns":1},{"damage":11,"enemies":"Exordium Wildlife","floor":4,"turns":4},{"damage":19,"enemies":"Red Slaver","floor":5,"turns":6},{"damage":45,"enemies":"3 Sentries","floor":7,"turns":8},{"damage":20,"enemies":"Lagavulin","floor":10,"turns":4}],"seed_played":"3164607212698435190","potions_obtained":[{"floor":1,"key":"GamblersBrew"},{"floor":7,"key":"BlessingOfTheForge"}],"is_trial":false,"path_per_floor":["M","M","M","M","M","R","E","?","T","E"],"character_chosen":"IRONCLAD","items_purchased":[],"campfire_rested":0,"item_purchase_floors":[],"current_hp_per_floor":[74,75,75,70,57,57,18,18,18,0,0],"gold":199,"neow_bonus":"THREE_ENEMY_KILL","is_daily":false,"chose_seed":false,"campfire_upgraded":1,"win_rate":0.0,"timestamp":1609856187,"path_taken":["M","M","M","M","M","R","E","?","T","E"],"items_purchased_type":[],"build_version":"2020-12-22","purchased_purges":0,"victory":false,"max_hp_per_floor":[75,75,75,75,75,75,75,75,75,75,75],"relic_stats":{"counters":[7,25],"Juzu Bracelet":0,"Question Card":0,"obtain_stats":[{"NeowsBlessing":0,"Juzu Bracelet":9,"Question Card":7,"Burning Blood":0},{"NeowsBlessing":0,"Juzu Bracelet":6,"Question Card":6,"Burning Blood":0},{"NeowsBlessing":0,"Juzu Bracelet":21,"Question Card":21,"Burning Blood":0}],"Burning Blood":25},"card_choices":[{"not_picked":["Searing Blow","Anger"],"picked":"Cleave","floor":1},{"not_picked":["Flex","Shrug It Off"],"picked":"Battle Trance","floor":2},{"not_picked":["Sword Boomerang","Perfected Strike","Cleave"],"picked":"SKIP","floor":3},{"not_picked":["Clash","Iron Wave","Dark Embrace"],"picked":"SKIP","floor":4},{"not_picked":["Intimidate","Metallicize"],"picked":"Spot Weakness","floor":5},{"not_picked":["Rampage","Headbutt"],"picked":"Bludgeon","floor":7}],"player_experience":1731809,"relics_obtained":[{"floor":7,"key":"Question Card"},{"floor":9,"key":"Juzu Bracelet"}],"event_choices":[{"cards_removed":["Strike_R"],"damage_healed":0,"gold_gain":0,"player_choice":"Purged","damage_taken":0,"max_hp_gain":0,"max_hp_loss":0,"event_name":"Purifier","floor":8,"gold_loss":0}],"is_beta":false,"boss_relics":[],"items_purged_floors":[],"is_endless":false,"potions_floor_spawned":[1,7],"killed_by":"Lagavulin","ascension_level":20}}