{"host":"ifd7sfhtlbe34qll","time":1609810652,"event":{"mods":["2.2 Compatiblity","Act Like it!","BaseMod","Block Reminder","Colored Map","Curses Come First","Downfall","Highlight Path","Minty Spire (QoL Compilation)","Potion Indicator Mod","Quick Restart","Random Character Button","Relic Stats","StSLib"],"gold_per_floor":[99,99,109,125,225,225,252,264,294,312,331,358,371,406,417,516,516,516,527,543,49,60,79,79,97,82,82,82,107,92,118,133,237,237,137,152,311,331,341,375,375,375,175,209,209,209,223,241,254,254,254,254,254],"floor_reached":52,"playtime":4608,"items_purged":["bronze:Strike","Shame"],"score":944,"play_id":"7ef885af-94fe-4379-9146-7626761892fe","local_time":"20210104193732","is_ascension_mode":true,"campfire_choices":[{"data":"bronze:Replicate","floor":1.0,"key":"SMITH"},{"data":"bronze:Flail","floor":6.0,"key":"SMITH"},{"data":"bronze:Format","floor":18.0,"key":"SMITH"},{"data":"bronze:HardenedForm","floor":28.0,"key":"SMITH"},{"floor":35.0,"key":"RECALL"},{"data":"bronze:GetLatest","floor":43.0,"key":"SMITH"},{"data":"bronze:Separator","floor":45.0,"key":"SMITH"}],"circlet_count":0,"master_deck":["bronze:Defend","bronze:Defend","bronze:Defend+1","bronze:Replicate+1","bronze:Goto+1","bronze:Flail+1","bronze:Terminator","bronze:Safeguard","bronze:BitShift","bronze:HardenedForm+1","bronze:Deprecate","bronze:DelayedSlice","bronze:RecursiveStrike","bronze:FollowUp","bronze:Fortify","bronze:OilSpill","bronze:Format+1","bronze:GetLatest+1","bronze:ClassDefault+1","bronze:Repair","bronze:Optimize","bronze:ForceShield","bronze:DarkDash+1","bronze:FindAndReplace","bronze:DelayedSlice+1","bronze:CloningBeam+1","bronze:Separator+1","bronze:Frontload+1","bronze:CleanCode+1","bronze:Assembly+1","bronze:WildBeam+1","bronze:NullPointer+1","bronze:FineTuning","expansioncontent:CaCaw+1","bronze:Philosophize+1","bronze:Separator+1","bronze:Repulsor+1","downfall:Haunted","expansioncontent:DecasProtection","expansioncontent:DecasProtection","bronze:DarkDash+1","bronze:BronzeArmor+1","bronze:Optimize+1"],"relics":["bronze:BronzeCore","Happy Flower","White Beast Statue","Boot","Oddly Smooth Stone","Vajra","Cursed Key","PreservedInsect","Matryoshka","Art of War","Question Card","downfall:RedIOU","Darkstone Periapt","Frozen Egg 2","Astrolabe","downfall:HeartBlessingGreen","StrikeDummy","Blood Vial","downfall:HeartBlessingRed","downfall:HeartBlessingBlue","Blue Candle"],"acts_visited":["Exordium","TheCity","TheBeyond","TheEnding"],"potions_floor_usage":[52],"damage_taken":[{"damage":0.0,"enemies":"Small Slimes","floor":3.0,"turns":4.0},{"damage":1.0,"enemies":"Cultist","floor":4.0,"turns":3.0},{"damage":24.0,"enemies":"downfall:LadyInBlue","floor":5.0,"turns":8.0},{"damage":3.0,"enemies":"Jaw Worm","floor":8.0,"turns":2.0},{"damage":13.0,"enemies":"Lagavulin","floor":9.0,"turns":4.0},{"damage":0.0,"enemies":"Large Slime","floor":10.0,"turns":6.0},{"damage":2.0,"enemies":"Blue Slaver","floor":11.0,"turns":2.0},{"damage":0.0,"enemies":"Gremlin Nob","floor":12.0,"turns":2.0},{"damage":0.0,"enemies":"Gremlin Gang","floor":13.0,"turns":1.0},{"damage":0.0,"enemies":"Lagavulin","floor":14.0,"turns":7.0},{"damage":0.0,"enemies":"3 Louse","floor":15.0,"turns":1.0},{"damage":24.0,"enemies":"downfall:Defect","floor":16.0,"turns":9.0},{"damage":1.0,"enemies":"Shell Parasite","floor":19.0,"turns":3.0},{"damage":0.0,"enemies":"Spheric Guardian","floor":20.0,"turns":3.0},{"damage":0.0,"enemies":"downfall:FleeingMerchant","floor":21.0,"turns":4.0},{"damage":0.0,"enemies":"Snecko","floor":22.0,"turns":5.0},{"damage":5.0,"enemies":"Cultist and Chosen","floor":23.0,"turns":4.0},{"damage":12.0,"enemies":"Shelled Parasite and Fungi","floor":25.0,"turns":8.0},{"damage":9.0,"enemies":"downfall:FleeingMerchant","floor":26.0,"turns":4.0},{"damage":1.0,"enemies":"Gremlin Leader","floor":29.0,"turns":6.0},{"damage":3.0,"enemies":"downfall:FleeingMerchant","floor":30.0,"turns":4.0},{"damage":0.0,"enemies":"Book of Stabbing","floor":31.0,"turns":2.0},{"damage":0.0,"enemies":"Snake Plant","floor":32.0,"turns":4.0},{"damage":48.0,"enemies":"ArchetypeAct2MushroomsNewAge","floor":33.0,"turns":7.0},{"damage":9.0,"enemies":"3 Shapes","floor":36.0,"turns":5.0},{"damage":0.0,"enemies":"downfall:FleeingMerchant","floor":37.0,"turns":4.0},{"damage":6.0,"enemies":"3 Darklings","floor":38.0,"turns":4.0},{"damage":0.0,"enemies":"4 Shapes","floor":39.0,"turns":4.0},{"damage":24.0,"enemies":"Nemesis","floor":40.0,"turns":5.0},{"damage":0.0,"enemies":"Reptomancer","floor":44.0,"turns":5.0},{"damage":20.0,"enemies":"Maw","floor":47.0,"turns":8.0},{"damage":0.0,"enemies":"3 Darklings","floor":48.0,"turns":3.0},{"damage":0.0,"enemies":"Jaw Worm Horde","floor":49.0,"turns":1.0},{"damage":28.0,"enemies":"downfall:Watcher","floor":50.0,"turns":11.0},{"damage":104,"enemies":"downfall:CharBossMerchant","floor":52,"turns":8}],"seed_played":"7295071102426902201","potions_obtained":[{"floor":3.0,"key":"EssenceOfSteel"},{"floor":5.0,"key":"BlessingOfTheForge"},{"floor":5.0,"key":"Explosive Potion"},{"floor":5.0,"key":"Dexterity Potion"},{"floor":9.0,"key":"Explosive Potion"},{"floor":10.0,"key":"DuplicationPotion"},{"floor":11.0,"key":"Strength Potion"},{"floor":12.0,"key":"AttackPotion"},{"floor":13.0,"key":"ColorlessPotion"},{"floor":14.0,"key":"bronze:FreeFunctionsPotion"},{"floor":16.0,"key":"LiquidBronze"},{"floor":21.0,"key":"SteroidPotion"},{"floor":33.0,"key":"Fire Potion"},{"floor":38.0,"key":"Explosive Potion"},{"floor":39.0,"key":"hexamod:SoulburnPotion"},{"floor":44.0,"key":"SneckoOil"},{"floor":48.0,"key":"bronze:BuildAFunctionPotion"},{"floor":49.0,"key":"Swift Potion"}],"is_trial":false,"path_per_floor":["R","?","M","M","?","R","T","M","E","M","M","E","M","E","M","B",null,"R","M","M","$","M","M","T","M","$","?","R","E","$","E","M","B",null,"R","M","?","M","M","E","T","?","R","E","R","T","M","M","M","B",null,"E"],"character_chosen":"THE_AUTOMATON","items_purchased":["PreservedInsect","Matryoshka","expansioncontent:CaCaw+1"],"campfire_rested":0,"item_purchase_floors":[21,21,37],"current_hp_per_floor":[70,70,70,69,45,45,45,42,29,29,27,27,27,27,27,3,70,70,69,69,69,70,70,70,70,68,68,68,67,64,64,64,16,70,70,61,68,62,70,53,59,54,64,76,76,76,66,68,70,54,86,0,0],"gold":254,"neow_bonus":"RANDOM_COMMON_RELIC","is_daily":false,"chose_seed":false,"campfire_upgraded":6,"win_rate":0.0,"timestamp":1609810652,"path_taken":["R","?","M","M","?","R","T","M","E","M","M","E","M","E","M","BOSS","R","M","?","$","M","M","T","M","?","?","R","E","$","E","M","BOSS","R","M","?","M","M","E","T","?","R","E","R","?","M","M","M","BOSS","E"],"items_purchased_type":["Relic","Relic","Card"],"build_version":"2020-12-22","purchased_purges":2,"victory":false,"max_hp_per_floor":[70,70,70,70,70,70,70,70,70,70,70,70,70,70,70,70,70,70,70,70,70,70,70,70,70,70,70,70,70,70,70,70,70,70,70,70,70,70,70,70,76,76,86,86,86,86,86,86,86,86,86,86,86],"relic_stats":{"Darkstone Periapt":6,"Blood Vial":10,"Happy Flower":[53],"counters":[35,161],"Astrolabe":["bronze:Assembly","bronze:WildBeam","bronze:NullPointer"],"Blue Candle":[1],"PreservedInsect":311,"Art of War":[10],"Boot":[146],"Cursed Key":2,"Question Card":20,"obtain_stats":[{"Darkstone Periapt":29,"bronze:BronzeCore":0,"Happy Flower":0,"downfall:HeartBlessingRed":43,"Astrolabe":34,"Blue Candle":44,"Oddly Smooth Stone":12,"Vajra":14,"downfall:HeartBlessingGreen":35,"PreservedInsect":21,"War Paint":7,"Frozen Egg 2":31,"Boot":9,"Cursed Key":17,"Question Card":24,"White Beast Statue":5,"Blood Vial":41,"Matryoshka":21,"downfall:HeartBlessingBlue":43,"downfall:RedIOU":27,"Art of War":24,"StrikeDummy":40},{"Darkstone Periapt":20,"bronze:BronzeCore":0,"Happy Flower":0,"downfall:HeartBlessingRed":29,"Astrolabe":24,"Blue Candle":30,"Oddly Smooth Stone":8,"Vajra":10,"downfall:HeartBlessingGreen":24,"PreservedInsect":15,"War Paint":3,"Frozen Egg 2":22,"Boot":5,"Cursed Key":12,"Question Card":17,"White Beast Statue":3,"Blood Vial":29,"Matryoshka":15,"downfall:HeartBlessingBlue":29,"downfall:RedIOU":19,"Art of War":17,"StrikeDummy":29},{"Darkstone Periapt":86,"bronze:BronzeCore":0,"Happy Flower":0,"downfall:HeartBlessingRed":125,"Astrolabe":103,"Blue Candle":130,"Oddly Smooth Stone":31,"Vajra":39,"downfall:HeartBlessingGreen":103,"PreservedInsect":59,"War Paint":15,"Frozen Egg 2":92,"Boot":21,"Cursed Key":49,"Question Card":68,"White Beast Statue":15,"Blood Vial":125,"Matryoshka":59,"downfall:HeartBlessingBlue":125,"downfall:RedIOU":80,"Art of War":68,"StrikeDummy":125}]},"card_choices":[{"not_picked":["bronze:Return","bronze:Invalidate"],"picked":"bronze:Flail","floor":3.0},{"not_picked":["bronze:Deprecate","bronze:WildBeam"],"picked":"bronze:Terminator","floor":4.0},{"not_picked":["bronze:BronzeArmor","bronze:Overheat"],"picked":"bronze:Safeguard","floor":5.0},{"not_picked":["bronze:BugBarrage","bronze:ChildClass"],"picked":"bronze:BitShift","floor":8.0},{"not_picked":["bronze:FineTuning","bronze:Invalidate"],"picked":"bronze:HardenedForm","floor":9.0},{"not_picked":["bronze:Flail","bronze:Overheat"],"picked":"bronze:Deprecate","floor":10.0},{"not_picked":["bronze:Iterate","bronze:DelayedGuard"],"picked":"bronze:DelayedSlice","floor":11.0},{"not_picked":["bronze:Shield","bronze:CloningBeam"],"picked":"bronze:RecursiveStrike","floor":12.0},{"not_picked":["bronze:ShipIt","bronze:Safeguard"],"picked":"bronze:FollowUp","floor":13.0},{"not_picked":["bronze:WhirlingStrike","bronze:Shell"],"picked":"bronze:Fortify","floor":14.0},{"not_picked":["bronze:Branch","bronze:ItsAFeature"],"picked":"bronze:OilSpill","floor":15.0},{"not_picked":["bronze:ShipIt","bronze:Assembly"],"picked":"bronze:Format","floor":16.0},{"not_picked":["bronze:BronzeArmor","bronze:WhirlingStrike"],"picked":"bronze:GetLatest","floor":19.0},{"not_picked":["bronze:CloningBeam","bronze:Invalidate"],"picked":"bronze:ClassDefault+1","floor":20.0},{"not_picked":["bronze:BitShift","bronze:WhirlingStrike+1"],"picked":"bronze:Repair","floor":21.0},{"not_picked":["bronze:Invalidate+1","bronze:Deprecate"],"picked":"bronze:Optimize","floor":22.0},{"not_picked":["bronze:CutThrough","bronze:CloningBeam"],"picked":"bronze:ForceShield","floor":23.0},{"not_picked":["bronze:FollowUp","bronze:ClassDefault","bronze:Iterate"],"picked":"bronze:DarkDash+1","floor":25.0},{"not_picked":["bronze:Flail","bronze:ForLoop","bronze:Iterate+1"],"picked":"bronze:FindAndReplace","floor":26.0},{"not_picked":["bronze:BitShift","bronze:WildBeam+1","bronze:Repair"],"picked":"bronze:DelayedSlice+1","floor":29.0},{"not_picked":["bronze:Deprecate","bronze:Frontload","bronze:DelayedGuard"],"picked":"bronze:CloningBeam+1","floor":30.0},{"not_picked":["bronze:ForceShield","bronze:ShipIt","bronze:WildBeam"],"picked":"bronze:Separator","floor":31.0},{"not_picked":["bronze:ChildClass","bronze:Invalidate","bronze:BitShift+1"],"picked":"bronze:Frontload+1","floor":32.0},{"not_picked":["bronze:FindAndReplace","bronze:Assembly","bronze:BurnOut"],"picked":"bronze:CleanCode+1","floor":33.0},{"not_picked":["bronze:Frontload","bronze:BugBarrage+1","bronze:CloningBeam+1","bronze:Invalidate"],"picked":"SKIP","floor":36.0},{"not_picked":["bronze:Backtrace","bronze:WhirlingStrike","bronze:Deprecate"],"picked":"bronze:FineTuning","floor":37.0},{"not_picked":["bronze:Branch","bronze:WhirlingStrike+1","bronze:Invalidate"],"picked":"bronze:Philosophize+1","floor":38.0},{"not_picked":["bronze:BuggyMess+1","bronze:RecursiveStrike","bronze:BugBarrage"],"picked":"bronze:Separator+1","floor":39.0},{"not_picked":["bronze:Overheat+1","bronze:FindAndReplace","bronze:OilSpill"],"picked":"bronze:Repulsor+1","floor":40.0},{"not_picked":["expansioncontent:SuperHexaguard","expansioncontent:PrepareCrush","expansioncontent:PolyBeam"],"picked":"expansioncontent:DecasProtection","floor":42.0},{"not_picked":["expansioncontent:DonusPower","expansioncontent:GuardianWhirl","expansioncontent:AwakenDeath+1"],"picked":"expansioncontent:DecasProtection","floor":42.0},{"not_picked":["bronze:Branch+1","bronze:FollowUp","bronze:WildBeam","bronze:Terminator"],"picked":"SKIP","floor":44.0},{"not_picked":["bronze:CutThrough","bronze:DelayedGuard","bronze:Terminator"],"picked":"bronze:DarkDash+1","floor":47.0},{"not_picked":["bronze:Shield+1","bronze:BurnOut","bronze:OilSpill+1"],"picked":"bronze:BronzeArmor+1","floor":48.0},{"not_picked":["bronze:BugBarrage+1","bronze:DelayedGuard","bronze:WildBeam"],"picked":"bronze:Optimize+1","floor":49.0}],"player_experience":1640053,"relics_obtained":[{"floor":5.0,"key":"White Beast Statue"},{"floor":7.0,"key":"War Paint"},{"floor":9.0,"key":"Boot"},{"floor":12.0,"key":"Oddly Smooth Stone"},{"floor":14.0,"key":"Vajra"},{"floor":24.0,"key":"Art of War"},{"floor":24.0,"key":"Question Card"},{"floor":29.0,"key":"Darkstone Periapt"},{"floor":31.0,"key":"Frozen Egg 2"},{"floor":40.0,"key":"StrikeDummy"},{"floor":41.0,"key":"Blood Vial"},{"floor":44.0,"key":"Blue Candle"}],"event_choices":[],"is_beta":false,"boss_relics":[{"not_picked":["bronze:PlatinumCore","Runic Pyramid"],"picked":"Cursed Key"},{"not_picked":["Sozu","Empty Cage"],"picked":"Astrolabe"}],"items_purged_floors":[21,37],"is_endless":false,"potions_floor_spawned":[3,8,9,10,11,12,13,14,15,16,19,20,21,22,23,25,26,29,30,31,32,33,36,37,38,39,40,44,47,48,49],"killed_by":"downfall:CharBossMerchant","ascension_level":1}}