{"host":"1a3cjta80tad0aqj","time":1609810540,"event":{"mods":["2.2 Compatiblity","AchievementEnabler","BaseMod","Colored Map","DeckTracker","KOR Keyword Fix","Keyboard Shortcuts","Minty Spire (QoL Compilation)","Permanent Neow","Quick Restart","Random Character Button","StSLib","SuperFastMode","everything is the same but u backflip on backflip"],"gold_per_floor":[114,129,54,69,69,69,107,107,107,126,145,164,183,83,83,208,208,227,227,227],"floor_reached":19,"playtime":928,"items_purged":["Alpha","Injury"],"score":246,"play_id":"e94642dd-4f10-480c-9128-8b5378253b5b","local_time":"20210105103540","daily_mods":["Shiny","Red Cards","Night Terrors"],"is_ascension_mode":false,"campfire_choices":[{"data":"Immolate","floor":6,"key":"SMITH"},{"data":"Whirlwind","floor":15,"key":"SMITH"}],"circlet_count":0,"master_deck":["Double Tap","Demon Form","Bludgeon","Feed","Limit Break","Corruption","Barricade","Fiend Fire","Berserk","Impervious","Juggernaut","Brutality","Reaper","Exhume","Offering","Immolate+1","Judgement","ConjureBlade","MasterReality+1","Brilliance","Devotion","Blasphemy","Ragnarok","LessonLearned","Scrawl","Vault","Wish","Omniscience","Establishment","SpiritShield","DevaForm","DeusExMachina","Conclude","Whirlwind+1","Infernal Blade"],"relics":["PureWater","Golden Idol","MealTicket","Kunai","Philosopher\u0027s Stone"],"acts_visited":["Exordium","TheCity"],"potions_floor_usage":[],"damage_taken":[{"damage":6,"enemies":"Small Slimes","floor":1,"turns":1},{"damage":0,"enemies":"Jaw Worm","floor":2,"turns":1},{"damage":0,"enemies":"2 Louse","floor":4,"turns":1},{"damage":6,"enemies":"Gremlin Nob","floor":7,"turns":3},{"damage":7,"enemies":"Exordium Wildlife","floor":10,"turns":2},{"damage":0,"enemies":"3 Louse","floor":11,"turns":1},{"damage":0,"enemies":"Gremlin Gang","floor":12,"turns":1},{"damage":0,"enemies":"Lots of Slimes","floor":13,"turns":1},{"damage":10,"enemies":"Slime Boss","floor":16,"turns":5},{"damage":6,"enemies":"2 Thieves","floor":18,"turns":1},{"damage":100023,"enemies":"Shell Parasite","floor":19,"turns":3}],"seed_played":"-8136925521176778862","potions_obtained":[{"floor":7,"key":"Ancient Potion"},{"floor":11,"key":"LiquidMemories"},{"floor":12,"key":"SteroidPotion"},{"floor":16,"key":"BottledMiracle"}],"is_trial":false,"path_per_floor":["M","M","$","M","?","R","E","?","T","M","M","M","M","$","R","B",null,"M","M"],"character_chosen":"WATCHER","items_purchased":[],"campfire_rested":0,"item_purchase_floors":[],"current_hp_per_floor":[66,66,66,66,66,66,60,60,60,53,53,53,53,68,68,58,72,66,0,0],"gold":227,"neow_bonus":"","is_daily":true,"chose_seed":false,"campfire_upgraded":2,"win_rate":0.0,"timestamp":1609810540,"path_taken":["M","M","$","M","?","R","E","?","T","M","M","M","M","$","R","BOSS","M","M"],"items_purchased_type":[],"build_version":"2020-12-22","purchased_purges":2,"victory":false,"max_hp_per_floor":[72,72,72,72,72,72,72,72,72,72,72,72,72,72,72,72,72,72,72,72],"card_choices":[{"not_picked":["Headbutt","Armaments","Clothesline"],"picked":"SKIP","floor":1},{"not_picked":["JustLucky","MasterReality"],"picked":"Conclude","floor":2},{"not_picked":["Pray","MentalFortress","WheelKick"],"picked":"SKIP","floor":4},{"not_picked":["FlyingSleeves","Havoc","Bloodletting"],"picked":"SKIP","floor":7},{"not_picked":["Indignation","FlyingSleeves"],"picked":"Whirlwind","floor":10},{"not_picked":["Wallop","Spot Weakness","Indignation"],"picked":"SKIP","floor":11},{"not_picked":["Flex","FollowUp","Intimidate"],"picked":"SKIP","floor":12},{"not_picked":["Halt","JustLucky"],"picked":"Infernal Blade","floor":13},{"not_picked":["EmptyFist+1","TalkToTheHand","Clash"],"picked":"SKIP","floor":18}],"player_experience":105376,"relics_obtained":[{"floor":7,"key":"MealTicket"},{"floor":9,"key":"Kunai"}],"event_choices":[{"damage_healed":0,"gold_gain":0,"player_choice":"Take Wound","damage_taken":0,"relics_obtained":["Golden Idol"],"max_hp_gain":0,"max_hp_loss":0,"event_name":"Golden Idol","floor":5,"gold_loss":0,"cards_obtained":["Injury"]},{"damage_healed":0,"gold_gain":0,"player_choice":"Ignored","damage_taken":0,"max_hp_gain":0,"max_hp_loss":0,"event_name":"Liars Game","floor":8,"gold_loss":0}],"is_beta":false,"boss_relics":[{"not_picked":["Astrolabe","Snecko Eye"],"picked":"Philosopher\u0027s Stone"}],"items_purged_floors":[3,14],"is_endless":false,"potions_floor_spawned":[7,11,12,16],"killed_by":"Shell Parasite","ascension_level":0}}