{"host":"f5n4tidiz2n5sooh","time":1609844897,"event":{"mods":["BaseMod","Bestiary","Colored Map","Minty Spire (QoL Compilation)","Relic Stats","StSLib"],"gold_per_floor":[413,426,19,38,55,55,70,70,121,121,121],"floor_reached":10,"playtime":337,"items_purged":[],"score":120,"play_id":"b76c72d3-4abf-47d1-ad85-68a04db273ab","local_time":"20210105050817","is_ascension_mode":true,"campfire_choices":[{"data":"Bash","floor":6,"key":"SMITH"},{"data":"Hemokinesis","floor":8,"key":"SMITH"}],"circlet_count":0,"master_deck":["AscendersBane","Strike_R","Strike_R","Strike_R","Strike_R","Strike_R","Defend_R","Defend_R","Defend_R","Defend_R","Bash+1","Disarm","Second Wind","Feel No Pain","Limit Break","Hemokinesis+1","Pommel Strike","Dark Embrace"],"relics":["Burning Blood","Old Coin","Centennial Puzzle","Ancient Tea Set"],"acts_visited":["Exordium"],"potions_floor_usage":[10],"damage_taken":[{"damage":12,"enemies":"Cultist","floor":1,"turns":4},{"damage":5,"enemies":"2 Louse","floor":2,"turns":4},{"damage":14,"enemies":"Jaw Worm","floor":4,"turns":4},{"damage":25,"enemies":"Gremlin Gang","floor":5,"turns":5},{"damage":14,"enemies":"Looter","floor":7,"turns":3},{"damage":29,"enemies":"Lagavulin","floor":10,"turns":5}],"seed_played":"-2129009616278514291","potions_obtained":[{"floor":1,"key":"Ancient Potion"}],"is_trial":false,"path_per_floor":["M","M","$","M","M","R","M","R","T","E"],"character_chosen":"IRONCLAD","items_purchased":["Feel No Pain","Limit Break","Centennial Puzzle"],"campfire_rested":0,"item_purchase_floors":[3,3,3],"current_hp_per_floor":[62,63,63,55,36,36,28,28,28,0,0],"gold":121,"neow_bonus":"ONE_RARE_RELIC","is_daily":false,"chose_seed":false,"campfire_upgraded":2,"win_rate":0.0,"timestamp":1609844897,"path_taken":["M","?","?","M","M","R","M","R","T","E"],"items_purchased_type":["Card","Card","Relic"],"build_version":"2020-12-22","purchased_purges":0,"victory":false,"max_hp_per_floor":[68,68,68,68,68,68,68,68,68,68,68],"relic_stats":{"Centennial Puzzle":[12],"counters":[6,25],"obtain_stats":[{"Centennial Puzzle":3,"Ancient Tea Set":9,"Burning Blood":0,"Old Coin":0},{"Centennial Puzzle":2,"Ancient Tea Set":5,"Burning Blood":0,"Old Coin":0},{"Centennial Puzzle":8,"Ancient Tea Set":20,"Burning Blood":0,"Old Coin":0}],"Burning Blood":30},"card_choices":[{"not_picked":["Fire Breathing","Entrench"],"picked":"Disarm","floor":1},{"not_picked":["Flex","Wild Strike"],"picked":"Second Wind","floor":2},{"not_picked":["Havoc","Cleave"],"picked":"Hemokinesis","floor":4},{"not_picked":["Havoc","Bloodletting"],"picked":"Pommel Strike","floor":5},{"not_picked":["Wild Strike","Armaments"],"picked":"Dark Embrace","floor":7}],"player_experience":1974118,"relics_obtained":[{"floor":9,"key":"Ancient Tea Set"}],"event_choices":[],"is_beta":false,"boss_relics":[],"items_purged_floors":[],"is_endless":false,"potions_floor_spawned":[1],"killed_by":"Lagavulin","ascension_level":20}}