{"host":"9w1j3v3kvq5208ps","time":1609850086,"event":{"mods":["2.2 Compatiblity","BaseMod","CapriCore","Colored Map","DeckTracker","Highlight Path","Keyboard Shortcuts","Minty Spire (QoL Compilation)","Permanent Neow","Quick Restart","StSLib","SuperFastMode","The Immortal","everything is the same but u backflip on backflip"],"gold_per_floor":[112,212,225,239,93,93,13,13,13,13,24,42,72,82,82,82,82],"floor_reached":16,"playtime":770,"items_purged":["Strike_R"],"score":112,"play_id":"e7979392-4546-433c-a338-24e4a72a5503","local_time":"20210105213446","is_ascension_mode":true,"campfire_choices":[{"data":"Dark Embrace","floor":6,"key":"SMITH"},{"data":"Carnage","floor":8,"key":"SMITH"},{"data":"True Grit","floor":10,"key":"SMITH"},{"floor":15,"key":"REST"}],"circlet_count":0,"master_deck":["Strike_R","Strike_R","Strike_R","Strike_R","Defend_R","Defend_R","Defend_R","Defend_R","Bash","True Grit+1","Carnage+1","Burning Pact","Dark Embrace+1","Evolve","Infernal Blade","Wild Strike","Bludgeon","Seeing Red"],"relics":["Burning Blood","Lantern","Bronze Scales"],"acts_visited":["Exordium"],"potions_floor_usage":[13,13],"damage_taken":[{"damage":3,"enemies":"Jaw Worm","floor":1,"turns":6},{"damage":0,"enemies":"Cultist","floor":3,"turns":2},{"damage":3,"enemies":"2 Louse","floor":4,"turns":3},{"damage":40,"enemies":"Exordium Thugs","floor":11,"turns":9},{"damage":6,"enemies":"3 Louse","floor":12,"turns":3},{"damage":12,"enemies":"3 Sentries","floor":13,"turns":6},{"damage":13,"enemies":"Large Slime","floor":14,"turns":5},{"damage":60,"enemies":"Hexaghost","floor":16,"turns":9}],"seed_played":"-2494655975303197170","potions_obtained":[{"floor":4,"key":"SkillPotion"},{"floor":12,"key":"AttackPotion"}],"is_trial":false,"path_per_floor":["M","?","M","M","$","R","$","R","T","R","M","M","E","M","R","B"],"character_chosen":"IRONCLAD","items_purchased":["Dark Embrace","Evolve"],"campfire_rested":1,"item_purchase_floors":[5,7],"current_hp_per_floor":[80,80,80,80,80,80,80,80,80,80,46,46,40,33,57,0,0],"gold":82,"neow_bonus":"THREE_CARDS","is_daily":false,"chose_seed":false,"campfire_upgraded":3,"win_rate":0.0,"timestamp":1609850086,"path_taken":["M","?","M","?","$","R","?","R","T","R","M","M","E","M","R","BOSS"],"items_purchased_type":["Card","Card"],"build_version":"2020-12-22","purchased_purges":1,"victory":false,"max_hp_per_floor":[80,80,80,80,80,80,80,80,80,80,80,80,80,80,80,80,80],"card_choices":[{"not_picked":["Warcry","Headbutt"],"picked":"True Grit","floor":0},{"not_picked":["Heavy Blade","Iron Wave"],"picked":"Carnage","floor":1},{"not_picked":["Headbutt","Brutality"],"picked":"Burning Pact","floor":3},{"not_picked":["Body Slam","Clash","Iron Wave"],"picked":"SKIP","floor":4},{"not_picked":["Clash","Whirlwind"],"picked":"Infernal Blade","floor":11},{"not_picked":["Rupture","Thunderclap"],"picked":"Wild Strike","floor":12},{"not_picked":["Sword Boomerang","Anger"],"picked":"Bludgeon","floor":13},{"not_picked":["Armaments","Rupture"],"picked":"Seeing Red","floor":14}],"player_experience":208357,"relics_obtained":[{"floor":9,"key":"Lantern"},{"floor":13,"key":"Bronze Scales"}],"event_choices":[{"damage_healed":0,"gold_gain":100,"player_choice":"Pray","damage_taken":0,"max_hp_gain":0,"max_hp_loss":0,"event_name":"Golden Shrine","floor":2,"gold_loss":0}],"is_beta":false,"boss_relics":[],"items_purged_floors":[5],"is_endless":false,"potions_floor_spawned":[4,12],"killed_by":"Hexaghost","ascension_level":2}}