{"host":"ig7tc0uedzltt2sr","time":1609830248,"event":{"mods":["BaseMod","Better Twitch Integration","Block Reminder","Colored Map","Colored Powertips","Communication Mod","Current Relic Mod","GifTheSpireLib","HexUI Lib","Minty Spire (QoL Compilation)","Quick Restart","Random Character Button","Rare Cards Sparkle","Relic Sorter","Relic Stats","Slay the Relics Exporter","StSLib","SuperFastMode","Synergy Search","Twitch Decklist","Twitch Utils","everything is the same but u backflip on backflip","slay the spire mod where everything is the same but ironclad has a cowboy hat"],"gold_per_floor":[115,133,308,327,343,343,343],"floor_reached":6,"playtime":44,"items_purged":[],"score":38,"play_id":"edd9c970-11b8-4fad-b9ba-270f177a3083","local_time":"20210104230408","is_ascension_mode":false,"campfire_choices":[],"circlet_count":0,"master_deck":["Strike_R","Strike_R","Strike_R","Strike_R","Strike_R","Defend_R","Defend_R","Defend_R","Defend_R","Bash","Sword Boomerang","Combust","Doubt","Seeing Red","Infernal Blade"],"relics":["Burning Blood","NeowsBlessing"],"acts_visited":["Exordium"],"potions_floor_usage":[],"damage_taken":[{"damage":0,"enemies":"Jaw Worm","floor":1,"turns":1},{"damage":0,"enemies":"Small Slimes","floor":2,"turns":2},{"damage":0,"enemies":"2 Louse","floor":4,"turns":2},{"damage":35,"enemies":"Exordium Thugs","floor":5,"turns":7},{"damage":64,"enemies":"Lagavulin","floor":6,"turns":9}],"seed_played":"-8211082385344704751","potions_obtained":[{"floor":2,"key":"HeartOfIron"}],"is_trial":false,"path_per_floor":["M","M","?","M","M","E"],"character_chosen":"IRONCLAD","items_purchased":[],"campfire_rested":0,"item_purchase_floors":[],"current_hp_per_floor":[80,80,80,80,51,0,0],"gold":343,"neow_bonus":"THREE_ENEMY_KILL","is_daily":false,"chose_seed":false,"campfire_upgraded":0,"win_rate":0.0,"timestamp":1609830248,"path_taken":["M","M","?","M","M","E"],"items_purchased_type":[],"build_version":"2020-12-22","purchased_purges":0,"victory":false,"max_hp_per_floor":[80,80,80,80,80,80,80],"relic_stats":{"counters":[5,21],"obtain_stats":[{"NeowsBlessing":0,"Burning Blood":0},{"NeowsBlessing":0,"Burning Blood":0},{"NeowsBlessing":0,"Burning Blood":0}],"Burning Blood":6},"card_choices":[{"not_picked":["Wild Strike","Flex"],"picked":"Sword Boomerang","floor":1},{"not_picked":["Twin Strike","Intimidate"],"picked":"Combust","floor":2},{"not_picked":["Iron Wave","Pommel Strike"],"picked":"Seeing Red","floor":4},{"not_picked":["Heavy Blade","Headbutt"],"picked":"Infernal Blade","floor":5}],"player_experience":1430043,"relics_obtained":[],"event_choices":[{"damage_healed":0,"gold_gain":175,"player_choice":"AGREE","damage_taken":0,"max_hp_gain":0,"max_hp_loss":0,"event_name":"Liars Game","floor":3,"gold_loss":0,"cards_obtained":["Doubt"]}],"is_beta":false,"boss_relics":[],"items_purged_floors":[],"is_endless":false,"potions_floor_spawned":[2],"killed_by":"Lagavulin","ascension_level":0}}