{"host":"g1wmg2w41xhsnw8g","time":1609829502,"event":{"mods":["100% Spire Juice","2.2 Compatiblity","Act Like it!","BaseMod","Better Altar","Better Match","Better Note","Better Sensory Stone","Better Skull","Better Third Choice","BetterRewards","Booster Modes","CapriCore","Colored Map","Colored Powertips","Curses Come First","Defuse TimeMaze Blight","Displayed Cursed Tome","Evolution","Friendly Minions","GifTheSpireLib","Googly Eyes","Infinite Spire","Jedi Mod","JesterMod","Minty Spire (QoL Compilation)","Red Circlet Mod","Relic Sorter","SCP261 Mod","Shop Mod","Spicy Shops","StSLib","The Sage","Transform Curses","Wandering Minibosses","????"],"gold_per_floor":[119,173,173,193,63,94,94,126,126,126,126],"floor_reached":10,"playtime":551,"items_purged":[],"score":103,"play_id":"7a78fe47-66a4-4117-b076-ec13713b32a9","local_time":"20210105015142","daily_mods":["SealedDeck","Specialized","Heirloom","Elite Swarm"],"is_ascension_mode":true,"campfire_choices":[{"data":"jesterMod:HedgehogForm","floor":7,"key":"SMITH"}],"circlet_count":0,"master_deck":["jesterMod:Hide","jesterMod:Hide","jesterMod:Hide","jesterMod:Hide","jesterMod:Unleash","jesterMod:DancingMad","jesterMod:DancingMad","jesterMod:Anticipation","jesterMod:QuickStrike","jesterMod:Hide","jesterMod:JackInTheBox","jesterMod:HitAndRun","jesterMod:MudBall","jesterMod:ExperimentalTreatment","jesterMod:Twirl","jesterMod:Swiftness","jesterMod:HedgehogForm+1","jesterMod:Juggler"],"relics":["jesterMod:JesterCap","EVO:Axolotl","sagemod:Creepy_Carousel","MerchantsRug","Gremlin Horn","CaptainsWheel","sagemod:Singing_Vial"],"acts_visited":["Exordium"],"potions_floor_usage":[8],"damage_taken":[{"damage":0,"enemies":"Cultist","floor":1,"turns":3},{"damage":25,"enemies":"Small Slimes","floor":4,"turns":9},{"damage":22,"enemies":"Lagavulin","floor":6,"turns":7},{"damage":20,"enemies":"Gremlin Nob","floor":8,"turns":4},{"damage":5,"enemies":"3 Sentries","floor":10,"turns":2}],"seed_played":"-9105740473365960149","potions_obtained":[{"floor":1,"key":"Energy Potion"},{"floor":6,"key":"SCP261:BarrettColaPotion"}],"is_trial":true,"path_per_floor":["M","?","?","M","$","E","R","E","T","E"],"character_chosen":"THE_JESTER","items_purchased":["MerchantsRug"],"campfire_rested":0,"item_purchase_floors":[5],"current_hp_per_floor":[70,70,70,45,45,23,23,3,3,0,0],"gold":126,"neow_bonus":"","is_daily":false,"chose_seed":false,"campfire_upgraded":1,"win_rate":0.0,"timestamp":1609829502,"path_taken":["M","?","?","M","$","E","R","E","T","E"],"items_purchased_type":["Relic"],"build_version":"2020-12-22","purchased_purges":0,"victory":false,"max_hp_per_floor":[70,70,70,70,70,70,70,70,70,70,70],"card_choices":[{"not_picked":["jesterMod:Unleash","jesterMod:Hide","jesterMod:Rebuff"],"picked":"SKIP","floor":1},{"not_picked":["jesterMod:Anticipation","jesterMod:SelfMockery"],"picked":"jesterMod:Swiftness","floor":4},{"not_picked":["jesterMod:Frustration","jesterMod:LaughingGas"],"picked":"jesterMod:HedgehogForm","floor":6},{"not_picked":["jesterMod:Encore","jesterMod:Finale"],"picked":"jesterMod:Juggler","floor":8}],"player_experience":874203,"relics_obtained":[{"floor":6,"key":"Gremlin Horn"},{"floor":8,"key":"CaptainsWheel"},{"floor":9,"key":"sagemod:Singing_Vial"}],"event_choices":[{"damage_healed":0,"gold_gain":54,"player_choice":"Gained Gold","damage_taken":0,"max_hp_gain":0,"max_hp_loss":0,"event_name":"Golden Wing","floor":2,"gold_loss":0},{"damage_healed":0,"gold_gain":0,"cards_transformed":["jesterMod:Hide"],"player_choice":"Change","damage_taken":0,"max_hp_gain":0,"max_hp_loss":0,"event_name":"Living Wall","floor":3,"gold_loss":0,"cards_obtained":["jesterMod:Twirl"]}],"is_beta":false,"boss_relics":[],"items_purged_floors":[],"is_endless":false,"potions_floor_spawned":[1,6],"killed_by":"3 Sentries","ascension_level":1}}