{"host":"7sni158j623xchr2","time":1609869855,"event":{"mods":["BaseMod","Colored Map","Highlight Path","Minty Spire (QoL Compilation)","Permanent Neow","Potion Indicator Mod","Rare Cards Sparkle","Relic Sorter","Relic Stats","StSLib","everything is the same but u backflip on backflip"],"gold_per_floor":[112,3,3,16,16,16,47,60,60,72,72,72,89,104,104,205,205,218,231,62,77,77,111,111,138,187,197,197,211,228,260,260,357,357,374,374,249,249,249,249,2,31,58,85,96,116,116,116,116,116,116,116,18,51,51],"floor_reached":56,"playtime":1343,"items_purged":["Bash","Strike_R","Strike_R"],"score":1418,"play_id":"5788bf8e-57f3-415d-9304-b82ab69985fd","local_time":"20210105120415","is_ascension_mode":true,"campfire_choices":[{"data":"Uppercut","floor":6,"key":"SMITH"},{"data":"Inflame","floor":12,"key":"SMITH"},{"data":"Limit Break","floor":15,"key":"SMITH"},{"data":"1","floor":24,"key":"LIFT"},{"data":"2","floor":32,"key":"LIFT"},{"data":"3","floor":40,"key":"LIFT"},{"floor":47,"key":"RECALL"},{"data":"Sword Boomerang","floor":49,"key":"SMITH"},{"data":"Exhume","floor":52,"key":"SMITH"}],"circlet_count":0,"master_deck":["Strike_R","Defend_R","Defend_R","Defend_R","Defend_R","Disarm","Uppercut+1","Flame Barrier","Inflame+1","Limit Break+1","Feel No Pain","Sword Boomerang+1","Immolate","True Grit","Offering","Disarm+1","Burning Pact","Shrug It Off","Exhume+1","Cleave+1","Sadistic Nature","Finesse","Dark Shackles","Heavy Blade+1","Shrug It Off+1","Corruption","Finesse"],"relics":["Burning Blood","NeowsBlessing","Peace Pipe","Mercury Hourglass","Self Forming Clay","Coffee Dripper","Enchiridion","Girya","WingedGreaves","Omamori","Thread and Needle","Pocketwatch","SlaversCollar","Lantern","White Beast Statue","Art of War","Happy Flower"],"acts_visited":["Exordium","TheCity","TheBeyond","TheEnding"],"potions_floor_usage":[23,23,31,31,33,33,55,55,55],"damage_taken":[{"damage":0,"enemies":"Small Slimes","floor":1,"turns":1},{"damage":0,"enemies":"Cultist","floor":4,"turns":1},{"damage":0,"enemies":"Lagavulin","floor":7,"turns":2},{"damage":0,"enemies":"2 Louse","floor":8,"turns":2},{"damage":4,"enemies":"Lots of Slimes","floor":10,"turns":2},{"damage":8,"enemies":"Red Slaver","floor":13,"turns":4},{"damage":0,"enemies":"Looter","floor":14,"turns":3},{"damage":16,"enemies":"Hexaghost","floor":16,"turns":7},{"damage":0,"enemies":"Spheric Guardian","floor":18,"turns":3},{"damage":19,"enemies":"Shell Parasite","floor":19,"turns":4},{"damage":11,"enemies":"3 Cultists","floor":21,"turns":4},{"damage":10,"enemies":"Slavers","floor":23,"turns":3},{"damage":29,"enemies":"Gremlin Leader","floor":25,"turns":6},{"damage":6,"enemies":"Snecko","floor":27,"turns":5},{"damage":6,"enemies":"Sentry and Sphere","floor":29,"turns":3},{"damage":6,"enemies":"Cultist and Chosen","floor":30,"turns":6},{"damage":14,"enemies":"Book of Stabbing","floor":31,"turns":4},{"damage":9,"enemies":"Automaton","floor":33,"turns":6},{"damage":6,"enemies":"3 Darklings","floor":35,"turns":4},{"damage":13,"enemies":"Giant Head","floor":42,"turns":6},{"damage":6,"enemies":"Nemesis","floor":44,"turns":5},{"damage":0,"enemies":"Orb Walker","floor":45,"turns":3},{"damage":4,"enemies":"4 Shapes","floor":46,"turns":3},{"damage":12,"enemies":"Time Eater","floor":50,"turns":6},{"damage":15,"enemies":"Shield and Spear","floor":54,"turns":5},{"damage":52,"enemies":"The Heart","floor":55,"turns":6}],"seed_played":"-4269995130095693593","potions_obtained":[{"floor":1,"key":"DuplicationPotion"},{"floor":10,"key":"ColorlessPotion"},{"floor":13,"key":"Fire Potion"},{"floor":23,"key":"FearPotion"},{"floor":30,"key":"AttackPotion"},{"floor":31,"key":"Regen Potion"},{"floor":42,"key":"SpeedPotion"}],"is_trial":false,"path_per_floor":["M","$","?","M","$","R","E","M","T","M","?","R","M","M","R","B",null,"M","M","$","M","?","E","R","E","T","M","T","M","M","E","R","B",null,"M","?","$","?","?","R","$","E","T","E","M","M","R","?","R","B",null,"R","$","E","B",null],"character_chosen":"IRONCLAD","items_purchased":["Uppercut","Offering","Lantern","SteroidPotion","SteroidPotion","Finesse"],"campfire_rested":0,"item_purchase_floors":[2,20,41,41,41,53],"current_hp_per_floor":[80,80,80,80,80,80,80,80,80,80,80,80,78,80,80,70,80,80,67,67,62,46,42,42,19,19,19,19,19,19,11,11,23,80,80,70,70,70,70,70,70,63,63,63,69,71,71,71,71,65,80,80,80,71,25],"gold":51,"neow_bonus":"THREE_ENEMY_KILL","is_daily":false,"chose_seed":false,"campfire_upgraded":5,"win_rate":0.0,"timestamp":1609869855,"path_taken":["M","$","?","?","$","R","E","M","T","M","?","R","M","M","R","BOSS","M","M","?","?","?","E","R","E","T","M","?","?","?","E","R","BOSS","M","?","$","?","?","R","$","E","T","E","M","M","R","?","R","BOSS","R","$","E","BOSS"],"items_purchased_type":["Card","Card","Relic","Potion","Potion","Card"],"build_version":"2020-12-22","purchased_purges":3,"victory":true,"max_hp_per_floor":[80,80,80,80,80,80,80,80,80,80,80,80,80,80,80,80,80,80,80,80,80,80,80,80,80,80,80,80,80,80,80,80,80,80,80,80,80,80,80,80,80,80,80,80,80,80,80,80,80,80,80,80,80,80,80],"relic_stats":{"Peace Pipe":0,"Happy Flower":[2],"counters":[26,102],"Self Forming Clay":[141],"Art of War":[5],"obtain_stats":[{"Girya":23,"Lantern":41,"NeowsBlessing":0,"Happy Flower":54,"Self Forming Clay":9,"Enchiridion":22,"Thread and Needle":28,"Omamori":26,"Burning Blood":0,"White Beast Statue":42,"Mercury Hourglass":7,"Peace Pipe":3,"SlaversCollar":34,"WingedGreaves":25,"Coffee Dripper":17,"Art of War":44,"Pocketwatch":31},{"Girya":12,"Lantern":19,"NeowsBlessing":0,"Happy Flower":25,"Self Forming Clay":4,"Enchiridion":11,"Thread and Needle":14,"Omamori":13,"Burning Blood":0,"White Beast Statue":20,"Mercury Hourglass":3,"Peace Pipe":1,"SlaversCollar":18,"WingedGreaves":13,"Coffee Dripper":8,"Art of War":21,"Pocketwatch":17},{"Girya":34,"Lantern":68,"NeowsBlessing":0,"Happy Flower":96,"Self Forming Clay":5,"Enchiridion":32,"Thread and Needle":45,"Omamori":40,"Burning Blood":0,"White Beast Statue":74,"Mercury Hourglass":4,"Peace Pipe":1,"SlaversCollar":64,"WingedGreaves":40,"Coffee Dripper":21,"Art of War":79,"Pocketwatch":58}],"Burning Blood":120,"Mercury Hourglass":[361],"Pocketwatch":[18]},"card_choices":[{"not_picked":["Spot Weakness","Havoc"],"picked":"Disarm","floor":1},{"not_picked":["Heavy Blade","True Grit"],"picked":"Flame Barrier","floor":4},{"not_picked":["Ghostly Armor","Warcry"],"picked":"Inflame","floor":7},{"not_picked":["Body Slam","Reckless Charge","Rage"],"picked":"SKIP","floor":8},{"not_picked":["Thunderclap","Flex","Bloodletting"],"picked":"SKIP","floor":10},{"not_picked":["Entrench","Shockwave"],"picked":"Feel No Pain","floor":13},{"not_picked":["Havoc","Warcry"],"picked":"Sword Boomerang","floor":14},{"not_picked":["Brutality","Reaper"],"picked":"Immolate","floor":16},{"not_picked":["Body Slam+1","Thunderclap+1","Warcry"],"picked":"SKIP","floor":18},{"not_picked":["Havoc","Flex"],"picked":"True Grit","floor":19},{"not_picked":["True Grit","Second Wind","Flex"],"picked":"SKIP","floor":21},{"not_picked":["Shockwave","Warcry"],"picked":"Disarm+1","floor":23},{"not_picked":["Hemokinesis","Flex"],"picked":"Burning Pact","floor":25},{"not_picked":["Headbutt","Cleave","Immolate"],"picked":"SKIP","floor":27},{"not_picked":["Infernal Blade","Iron Wave","Entrench"],"picked":"SKIP","floor":29},{"not_picked":["Spot Weakness","Inflame"],"picked":"Shrug It Off","floor":30},{"not_picked":["Hemokinesis+1","True Grit","Dual Wield+1"],"picked":"SKIP","floor":31},{"not_picked":["Bludgeon","Barricade"],"picked":"Exhume","floor":33},{"not_picked":["Rupture","Flex"],"picked":"Cleave+1","floor":35},{"not_picked":["Enlightenment","Secret Technique"],"picked":"Sadistic Nature","floor":36},{"not_picked":["Chrysalis","Trip"],"picked":"Finesse","floor":36},{"not_picked":["Jack Of All Trades","Panacea"],"picked":"Dark Shackles","floor":36},{"not_picked":["Brutality","Intimidate+1"],"picked":"Heavy Blade+1","floor":42},{"not_picked":["Flex+1","Heavy Blade","Perfected Strike+1"],"picked":"SKIP","floor":44},{"not_picked":["Sentinel+1","Cleave+1","Blood for Blood+1"],"picked":"SKIP","floor":45},{"not_picked":["Perfected Strike","Power Through+1"],"picked":"Shrug It Off+1","floor":46},{"not_picked":["Heavy Blade","Seeing Red","Dual Wield"],"picked":"SKIP","floor":54}],"player_experience":1596720,"relics_obtained":[{"floor":3,"key":"Peace Pipe"},{"floor":7,"key":"Mercury Hourglass"},{"floor":9,"key":"Self Forming Clay"},{"floor":22,"key":"Enchiridion"},{"floor":23,"key":"Girya"},{"floor":25,"key":"WingedGreaves"},{"floor":26,"key":"Omamori"},{"floor":28,"key":"Thread and Needle"},{"floor":31,"key":"Pocketwatch"},{"floor":42,"key":"White Beast Statue"},{"floor":44,"key":"Art of War"},{"floor":54,"key":"Happy Flower"}],"event_choices":[{"damage_healed":0,"gold_gain":0,"player_choice":"Relic","damage_taken":0,"max_hp_gain":0,"max_hp_loss":0,"event_name":"Wheel of Change","floor":3,"gold_loss":0},{"damage_healed":0,"gold_gain":0,"cards_transformed":["Strike_R"],"player_choice":"Transformed","damage_taken":0,"max_hp_gain":0,"max_hp_loss":0,"event_name":"Transmorgrifier","floor":11,"gold_loss":0,"cards_obtained":["Limit Break"]},{"damage_healed":0,"gold_gain":0,"player_choice":"Obtained Book","damage_taken":16,"max_hp_gain":0,"max_hp_loss":0,"event_name":"Cursed Tome","floor":22,"gold_loss":0},{"damage_healed":0,"gold_gain":0,"player_choice":"Memory 3","damage_taken":10,"max_hp_gain":0,"max_hp_loss":0,"event_name":"SensoryStone","floor":36,"gold_loss":0},{"damage_healed":0,"gold_gain":0,"player_choice":"Ignored","damage_taken":0,"max_hp_gain":0,"max_hp_loss":0,"event_name":"Tomb of Lord Red Mask","floor":38,"gold_loss":0},{"damage_healed":0,"gold_gain":0,"player_choice":"Ignored","damage_taken":0,"max_hp_gain":0,"max_hp_loss":0,"event_name":"Mysterious Sphere","floor":39,"gold_loss":0},{"damage_healed":0,"gold_gain":0,"cards_transformed":["Strike_R"],"player_choice":"Transformed","damage_taken":0,"max_hp_gain":0,"max_hp_loss":0,"event_name":"Transmorgrifier","floor":48,"gold_loss":0,"cards_obtained":["Corruption"]}],"is_beta":false,"boss_relics":[{"not_picked":["Pandora\u0027s Box","Mark of Pain"],"picked":"Coffee Dripper"},{"not_picked":["Runic Pyramid","Astrolabe"],"picked":"SlaversCollar"}],"items_purged_floors":[2,20,37],"is_endless":false,"potions_floor_spawned":[1,10,13,16,19,23,30,31,42,44,45,46,54],"ascension_level":1}}