{"host":"bux1pdxjwq4dkad9","time":1609818621,"event":{"mods":["ATMod(阿瑾Mod)","BaseMod","Colored Map","Minty Spire (QoL Compilation)","Quick Restart","Spicy Shops","StSLib","SuperFastMode","The Alterego","【功能Mod】精心准备"],"gold_per_floor":[113,38,113,163,182,217,217,250,250,250,250,270,298,298,298,372,372,382,398,417,434,106,132,132,166,191,219,232,252,266,294,294,366,366,382,382,382,188,207,242,242,277,277,277,288,314,339,349,349,349,349,349,87,122,122],"floor_reached":56,"playtime":3644,"items_purged":["alterego_mod:Strike","Regret","Pain","alterego_mod:Strike+1","alterego_mod:Strike+1"],"score":2969,"play_id":"fe704364-965d-4b2c-b780-b3f4917b086c","local_time":"20210105115021","is_ascension_mode":true,"campfire_choices":[{"data":"alterego_mod:BigMeatyClaws","floor":7.0,"key":"SMITH"},{"data":"alterego_mod:Belts","floor":10.0,"key":"SMITH"},{"data":"alterego_mod:Impale","floor":15.0,"key":"SMITH"},{"data":"alterego_mod:Cushion","floor":32,"key":"SMITH"},{"floor":44,"key":"RECALL"},{"data":"alterego_mod:Palingenesis","floor":49,"key":"SMITH"},{"data":"alterego_mod:GIGAMILK","floor":52,"key":"SMITH"}],"circlet_count":0,"master_deck":["AscendersBane","alterego_mod:Defend+1","alterego_mod:Defend+1","alterego_mod:Defend+1","alterego_mod:Defend+1","alterego_mod:BigMeatyClaws+1","alterego_mod:BrynhildrsRune","alterego_mod:Pet","alterego_mod:Belts+1","alterego_mod:Birthday","alterego_mod:Rake+1","alterego_mod:TrashNCrash","alterego_mod:Clones","alterego_mod:Undulate","alterego_mod:BeGentle+1","alterego_mod:GIGAMILK+1","alterego_mod:Cushion+1","alterego_mod:Pet+1","alterego_mod:Birthday","alterego_mod:Palingenesis+1","alterego_mod:GachaTicket","Decay","alterego_mod:Birthday","alterego_mod:SakuraLabyrinth","alterego_mod:IdEs","alterego_mod:BeGentle","alterego_mod:ChallengeComplete","alterego_mod:Birthday+1"],"relics":["AT_ATBox","AT_BellowingDragoncrestRing","Art of War","Pear","TungstenRod","Juzu Bracelet","Blood Vial","WarpedTongs","Runic Dome","AT_ChloranthyRing","Medical Kit","FossilizedHelix","Strawberry","Potion Belt","Dead Branch","Eternal Feather","Cursed Key","OrangePellets","Omamori","Smiling Mask","Dream Catcher","Shovel","ClockworkSouvenir","Akabeko"],"acts_visited":["Exordium","TheCity","TheBeyond","TheEnding"],"potions_floor_usage":[31,55,55,55,55,55,55,55],"damage_taken":[{"damage":2.0,"enemies":"Jaw Worm","floor":1.0,"turns":7.0},{"damage":2.0,"enemies":"Small Slimes","floor":5.0,"turns":4.0},{"damage":16.0,"enemies":"Gremlin Nob","floor":6.0,"turns":4.0},{"damage":0.0,"enemies":"Lagavulin","floor":8.0,"turns":7.0},{"damage":5.0,"enemies":"Cultist","floor":12.0,"turns":4.0},{"damage":0.0,"enemies":"3 Sentries","floor":13.0,"turns":11.0},{"damage":0.0,"enemies":"The Guardian","floor":16.0,"turns":12.0},{"damage":5.0,"enemies":"Shell Parasite","floor":18.0,"turns":9.0},{"damage":1.0,"enemies":"2 Thieves","floor":19.0,"turns":4.0},{"damage":3.0,"enemies":"3 Cultists","floor":20.0,"turns":5.0},{"damage":5.0,"enemies":"Cultist and Chosen","floor":21.0,"turns":4.0},{"damage":0.0,"enemies":"Book of Stabbing","floor":23.0,"turns":9.0},{"damage":59.0,"enemies":"Gremlin Leader","floor":25.0,"turns":7.0},{"damage":0.0,"enemies":"Slavers","floor":27.0,"turns":12.0},{"damage":0.0,"enemies":"Centurion and Healer","floor":28.0,"turns":5.0},{"damage":0.0,"enemies":"3 Cultists","floor":29.0,"turns":6.0},{"damage":14.0,"enemies":"Sentry and Sphere","floor":30.0,"turns":5.0},{"damage":0,"enemies":"Gremlin Leader","floor":31,"turns":6},{"damage":0,"enemies":"Collector","floor":33,"turns":7},{"damage":0,"enemies":"Orb Walker","floor":35,"turns":4},{"damage":0,"enemies":"3 Darklings","floor":39,"turns":7},{"damage":0,"enemies":"Giant Head","floor":40,"turns":6},{"damage":0,"enemies":"Nemesis","floor":42,"turns":10},{"damage":0,"enemies":"Sphere and 2 Shapes","floor":45,"turns":5},{"damage":0,"enemies":"Giant Head","floor":46,"turns":7},{"damage":48,"enemies":"Mind Bloom Boss Battle","floor":47,"turns":9},{"damage":0,"enemies":"Spire Growth","floor":48,"turns":1},{"damage":0,"enemies":"Time Eater","floor":50,"turns":10},{"damage":0,"enemies":"Shield and Spear","floor":54,"turns":6},{"damage":0,"enemies":"The Heart","floor":55,"turns":6}],"seed_played":"4647769812607388702","potions_obtained":[{"floor":8.0,"key":"Dexterity Potion"},{"floor":12.0,"key":"Swift Potion"},{"floor":13.0,"key":"FairyPotion"},{"floor":16.0,"key":"Fruit Juice"},{"floor":18.0,"key":"BlessingOfTheForge"},{"floor":19.0,"key":"Energy Potion"},{"floor":25.0,"key":"Ancient Potion"},{"floor":27.0,"key":"SpeedPotion"},{"floor":28.0,"key":"EssenceOfSteel"},{"floor":35,"key":"EntropicBrew"},{"floor":41,"key":"PowerPotion"},{"floor":41,"key":"Energy Potion"}],"is_trial":false,"path_per_floor":["M","$","?","?","M","E","R","E","T","R","?","M","E","?","R","B",null,"M","M","M","M","$","E","?","E","T","E","M","M","M","E","R","B",null,"M","?","?","$","M","E","?","E","T","R","M","E","?","M","R","B",null,"R","$","E","B",null],"character_chosen":"The_Alterego","items_purchased":["AT_ChloranthyRing","Medical Kit","OrangePellets","ClockworkSouvenir"],"campfire_rested":0,"item_purchase_floors":[22,22,38,53],"current_hp_per_floor":[57,57,46,46,44,38,38,38,38,38,38,35,37,37,37,41,72,71,74,75,75,75,79,79,28,28,46,57,84,81,90,90,90,90,90,90,90,90,90,90,90,90,90,90,90,90,54,61,76,90,90,90,90,90,90],"gold":122,"neow_bonus":"RANDOM_COMMON_RELIC","is_daily":false,"chose_seed":false,"campfire_upgraded":6,"win_rate":0.0,"timestamp":1609818621,"path_taken":["M","$","?","?","?","E","R","E","T","R","?","M","E","?","R","BOSS","M","M","M","M","$","E","?","E","T","E","M","M","M","E","R","BOSS","M","?","?","$","M","E","?","E","T","R","M","E","?","M","R","BOSS","R","$","E","BOSS"],"items_purchased_type":["Relic","Relic","Relic","Relic"],"build_version":"2020-12-22","purchased_purges":5,"victory":true,"max_hp_per_floor":[65,65,65,65,65,75,75,75,75,75,75,75,75,75,75,75,80,80,80,80,80,80,80,80,87,87,87,87,90,90,90,90,90,90,90,90,90,90,90,90,90,90,90,90,90,90,90,90,90,90,90,90,90,90,90],"card_choices":[{"not_picked":["alterego_mod:Rip","alterego_mod:Collar"],"picked":"alterego_mod:Pet","floor":1.0},{"not_picked":["alterego_mod:GoddessCore","alterego_mod:HighServant"],"picked":"alterego_mod:Belts","floor":5.0},{"not_picked":["alterego_mod:Bounce","alterego_mod:Skirt","alterego_mod:Valkyrie"],"picked":"SKIP","floor":6.0},{"not_picked":["alterego_mod:GoddessCore","alterego_mod:Smother"],"picked":"alterego_mod:Birthday","floor":8.0},{"not_picked":["alterego_mod:DeftHands","alterego_mod:Punishment","alterego_mod:Jiggle"],"picked":"SKIP","floor":12.0},{"not_picked":["alterego_mod:Jiggle","alterego_mod:Collar","alterego_mod:BiFurious"],"picked":"SKIP","floor":13.0},{"not_picked":["alterego_mod:IdEs","alterego_mod:Lift"],"picked":"alterego_mod:Rake","floor":16.0},{"not_picked":["alterego_mod:Jiggle","alterego_mod:Undulate+1"],"picked":"alterego_mod:TrashNCrash","floor":18.0},{"not_picked":["alterego_mod:Bounce","alterego_mod:GoddessCore","alterego_mod:MaintainEyeContact"],"picked":"SKIP","floor":19.0},{"not_picked":["alterego_mod:GoddessCore","alterego_mod:Punishment","alterego_mod:SakuraPetals"],"picked":"SKIP","floor":20.0},{"not_picked":["alterego_mod:HighServant","alterego_mod:Jiggle+1"],"picked":"alterego_mod:Clones","floor":21.0},{"not_picked":["alterego_mod:BrynhildrRomantia","alterego_mod:RidiculouslyBig"],"picked":"alterego_mod:Undulate","floor":23.0},{"not_picked":["alterego_mod:Pet","alterego_mod:Mirror"],"picked":"alterego_mod:BeGentle+1","floor":25.0},{"not_picked":["alterego_mod:SideboobHour","alterego_mod:1TonWallop"],"picked":"alterego_mod:GIGAMILK","floor":27.0},{"not_picked":["alterego_mod:Cooking","alterego_mod:SuperDuperMasochism"],"picked":"alterego_mod:Cushion","floor":28.0},{"not_picked":["alterego_mod:BoobPocket","alterego_mod:Crossover+1"],"picked":"alterego_mod:Pet+1","floor":29.0},{"not_picked":["alterego_mod:Complex","alterego_mod:Bounce"],"picked":"alterego_mod:Birthday","floor":30.0},{"not_picked":["alterego_mod:Cycle+1","alterego_mod:Smother","alterego_mod:SakuraPetals"],"picked":"SKIP","floor":31},{"not_picked":["alterego_mod:Weigh","alterego_mod:Vow"],"picked":"alterego_mod:Palingenesis","floor":33},{"not_picked":["alterego_mod:Undulate","alterego_mod:DeftHands"],"picked":"alterego_mod:GachaTicket","floor":35},{"not_picked":["alterego_mod:Cooking","alterego_mod:Punishment"],"picked":"alterego_mod:Birthday","floor":39},{"not_picked":["alterego_mod:Undulate","alterego_mod:Table"],"picked":"alterego_mod:SakuraLabyrinth","floor":40},{"not_picked":["alterego_mod:BustOut+1","alterego_mod:RidiculouslyBig"],"picked":"alterego_mod:IdEs","floor":42},{"not_picked":["alterego_mod:DiscoLights+1","alterego_mod:SakuraFive","alterego_mod:Undulate"],"picked":"SKIP","floor":45},{"not_picked":["alterego_mod:Rip+1","alterego_mod:DiscoLights+1"],"picked":"alterego_mod:BeGentle","floor":46},{"not_picked":["alterego_mod:SakuraFive","alterego_mod:GoddessCore"],"picked":"alterego_mod:ChallengeComplete","floor":48},{"not_picked":["alterego_mod:DiscoLights+1","alterego_mod:Maid"],"picked":"alterego_mod:Birthday+1","floor":54}],"player_experience":2371446,"relics_obtained":[{"floor":6.0,"key":"Pear"},{"floor":8.0,"key":"TungstenRod"},{"floor":9.0,"key":"Juzu Bracelet"},{"floor":13.0,"key":"Blood Vial"},{"floor":23.0,"key":"FossilizedHelix"},{"floor":25.0,"key":"Strawberry"},{"floor":26.0,"key":"Potion Belt"},{"floor":27.0,"key":"Dead Branch"},{"floor":31,"key":"Eternal Feather"},{"floor":40,"key":"Omamori"},{"floor":42,"key":"Smiling Mask"},{"floor":46,"key":"Dream Catcher"},{"floor":47,"key":"Shovel"},{"floor":54,"key":"Akabeko"}],"event_choices":[{"damage_healed":0.0,"max_hp_gain":0.0,"max_hp_loss":0.0,"gold_gain":75.0,"event_name":"World of Goop","player_choice":"Gather Gold","floor":3.0,"gold_loss":0.0,"damage_taken":11.0},{"damage_healed":0.0,"max_hp_gain":0.0,"max_hp_loss":0.0,"gold_gain":50.0,"event_name":"Golden Shrine","player_choice":"Pray","floor":4.0,"gold_loss":0.0,"damage_taken":0.0},{"cards_removed":["alterego_mod:Strike"],"damage_healed":0.0,"max_hp_gain":0.0,"max_hp_loss":0.0,"gold_gain":0.0,"event_name":"Living Wall","player_choice":"Forget","floor":11.0,"gold_loss":0.0,"damage_taken":0.0},{"damage_healed":0.0,"max_hp_gain":0.0,"max_hp_loss":0.0,"gold_gain":0.0,"event_name":"Accursed Blacksmith","player_choice":"Rummage","floor":14.0,"gold_loss":0.0,"damage_taken":0.0,"relics_obtained":["WarpedTongs"],"cards_obtained":["Pain"]},{"damage_healed":0.0,"max_hp_gain":0.0,"max_hp_loss":0.0,"gold_gain":0.0,"event_name":"Back to Basics","player_choice":"Simplicity","floor":24.0,"gold_loss":0.0,"damage_taken":0.0,"cards_upgraded":["alterego_mod:Strike","alterego_mod:Strike","alterego_mod:Defend","alterego_mod:Defend","alterego_mod:Defend","alterego_mod:Defend"]},{"damage_healed":0,"gold_gain":0,"player_choice":"Ignored","damage_taken":0,"max_hp_gain":0,"max_hp_loss":0,"event_name":"Tomb of Lord Red Mask","floor":36,"gold_loss":0},{"cards_removed":["alterego_mod:Impale"],"damage_healed":0,"gold_gain":0,"player_choice":"Removed Attack","damage_taken":0,"max_hp_gain":0,"max_hp_loss":0,"event_name":"Falling","floor":37,"gold_loss":0},{"damage_healed":0,"gold_gain":0,"player_choice":"Got Potions","damage_taken":0,"max_hp_gain":0,"max_hp_loss":0,"event_name":"Lab","floor":41,"gold_loss":0},{"damage_healed":0,"gold_gain":0,"player_choice":"Fight","damage_taken":0,"max_hp_gain":0,"max_hp_loss":0,"event_name":"MindBloom","floor":47,"gold_loss":0}],"is_beta":false,"boss_relics":[{"not_picked":["Snecko Eye","Calling Bell"],"picked":"Runic Dome"},{"not_picked":["Tiny House","AT_MortalBlade"],"picked":"Cursed Key"}],"items_purged_floors":[2,22,38,53,53],"is_endless":false,"potions_floor_spawned":[8,12,13,16,18,19,25,27,28,35,42,47,48],"ascension_level":16}}