{"host":"x6tlfgqpy55vgxdn","time":1609854957,"event":{"mods":["AchievementEnabler","BaseMod","DeckTracker","Minty Spire (QoL Compilation)","Permanent Neow","Quick Restart","StSLib","SuperFastMode"],"gold_per_floor":[116,41,41,58,78,78,109,109,134,149,149,169,169,13,13,90,90,104,120,29,43,53,83,83,111,193,243,273,198,22,48,48,125,125,144,163,1162,1162,1173,1186,988,988,988,1005,1005,1035,1054,1079,1079,1079,1079],"floor_reached":50,"playtime":1646,"items_purged":["Strike_B","Strike_B","Zap","Normality"],"score":1415,"play_id":"89cf5018-1bb4-40d6-9195-84b9c004adb4","local_time":"20210105225557","is_ascension_mode":true,"campfire_choices":[{"data":"Strike_B","floor":6.0,"key":"PURGE"},{"data":"Strike_B","floor":11.0,"key":"PURGE"},{"data":"Defend_B","floor":13.0,"key":"PURGE"},{"data":"Double Energy","floor":15.0,"key":"SMITH"},{"data":"Defend_B","floor":24.0,"key":"PURGE"},{"data":"Melter","floor":32.0,"key":"PURGE"},{"data":"Normality","floor":42,"key":"PURGE"},{"floor":45,"key":"RECALL"},{"data":"Meteor Strike","floor":49,"key":"SMITH"}],"circlet_count":0,"master_deck":["AscendersBane","White Noise+1","Meteor Strike+1","Echo Form+1","Defragment+1","Self Repair+1","Compile Driver+1","Heatsinks+1","Seek+1","Buffer+1","Rainbow+1","Fission+1","Skim+1","Defragment+1"],"relics":["Cracked Core","Peace Pipe","PreservedInsect","Frozen Egg 2","Runic Capacitor","Busted Crown","Membership Card","Question Card","Art of War","Potion Belt","Pantograph","Ancient Tea Set","Medical Kit","Turnip","Astrolabe","Nunchaku","Meat on the Bone","Singing Bowl","War Paint","CeramicFish"],"acts_visited":["Exordium","TheCity","TheBeyond"],"potions_floor_usage":[],"damage_taken":[{"damage":3.0,"enemies":"Small Slimes","floor":1.0,"turns":3.0},{"damage":2.0,"enemies":"Jaw Worm","floor":4.0,"turns":3.0},{"damage":1.0,"enemies":"Cultist","floor":5.0,"turns":3.0},{"damage":28.0,"enemies":"Lagavulin","floor":7.0,"turns":7.0},{"damage":4.0,"enemies":"Red Slaver","floor":10.0,"turns":3.0},{"damage":8.0,"enemies":"Lots of Slimes","floor":12.0,"turns":2.0},{"damage":0.0,"enemies":"Slime Boss","floor":16.0,"turns":5.0},{"damage":2.0,"enemies":"Chosen","floor":18.0,"turns":3.0},{"damage":1.0,"enemies":"Spheric Guardian","floor":19.0,"turns":3.0},{"damage":13.0,"enemies":"Snecko","floor":21.0,"turns":3.0},{"damage":19.0,"enemies":"Snake Plant","floor":22.0,"turns":2.0},{"damage":0.0,"enemies":"Gremlin Leader","floor":23.0,"turns":1.0},{"damage":9.0,"enemies":"Book of Stabbing","floor":25.0,"turns":2.0},{"damage":0.0,"enemies":"Slavers","floor":28.0,"turns":1.0},{"damage":0.0,"enemies":"Gremlin Leader","floor":31.0,"turns":1.0},{"damage":40.0,"enemies":"Automaton","floor":33.0,"turns":6.0},{"damage":0,"enemies":"Orb Walker","floor":35,"turns":4},{"damage":15,"enemies":"3 Darklings","floor":36,"turns":5},{"damage":36,"enemies":"Spire Growth","floor":39,"turns":7},{"damage":0,"enemies":"Writhing Mass","floor":40,"turns":1},{"damage":0,"enemies":"Maw","floor":44,"turns":4},{"damage":0,"enemies":"Reptomancer","floor":46,"turns":4},{"damage":0,"enemies":"Spire Growth","floor":47,"turns":4},{"damage":17,"enemies":"Nemesis","floor":48,"turns":3},{"damage":86,"enemies":"Time Eater","floor":50,"turns":10}],"seed_played":"8404679569027544027","potions_obtained":[{"floor":4.0,"key":"SteroidPotion"},{"floor":5.0,"key":"Explosive Potion"},{"floor":22.0,"key":"PowerPotion"},{"floor":23.0,"key":"Ancient Potion"},{"floor":25.0,"key":"BlessingOfTheForge"},{"floor":28.0,"key":"Dexterity Potion"},{"floor":40,"key":"LiquidBronze"},{"floor":44,"key":"BlessingOfTheForge"},{"floor":47,"key":"ColorlessPotion"}],"is_trial":false,"path_per_floor":["M","$","?","M","M","R","E","T","T","M","R","M","R","$","R","B",null,"M","M","$","M","M","E","R","E","T","?","E","?","$","E","R","B",null,"M","M","?","?","M","M","$","R","T","M","R","E","M","E","R","B"],"character_chosen":"DEFECT","items_purchased":["Runic Capacitor","Membership Card","Defragment+1","Question Card","AttackPotion","Medical Kit","Storm+1","Meat on the Bone"],"campfire_rested":0,"item_purchase_floors":[14,20,20,20,20,30,30,41],"current_hp_per_floor":[61,61,61,59,58,58,30,30,30,26,26,18,18,18,18,18,53,51,50,50,37,18,18,18,19,19,19,19,19,19,29,29,24,54,64,59,59,59,43,43,43,43,43,65,65,68,70,65,65,0,0],"gold":1079,"neow_bonus":"ONE_RARE_RELIC","is_daily":false,"chose_seed":false,"campfire_upgraded":2,"win_rate":0.0,"timestamp":1609854957,"path_taken":["M","$","?","M","M","R","E","?","T","M","R","?","R","?","R","BOSS","M","M","?","M","M","E","R","E","T","?","E","?","$","E","R","BOSS","M","M","?","?","M","M","$","R","T","M","R","E","M","E","R","BOSS"],"items_purchased_type":["Relic","Relic","Card","Relic","Potion","Relic","Card","Relic"],"build_version":"2020-12-22","purchased_purges":4,"victory":false,"max_hp_per_floor":[64,64,64,64,64,64,64,64,64,64,64,64,64,64,64,64,64,64,64,64,64,64,64,64,64,64,64,64,64,64,64,64,64,64,64,64,64,64,64,64,64,64,64,66,66,68,70,72,72,72,72],"card_choices":[{"not_picked":["Redo","Turbo"],"picked":"White Noise","floor":1.0},{"not_picked":["Redo","Leap"],"picked":"Melter","floor":4.0},{"not_picked":["Go for the Eyes","Compile Driver"],"picked":"Double Energy","floor":5.0},{"not_picked":["Beam Cell","Melter","Steam"],"picked":"SKIP","floor":7.0},{"not_picked":["Turbo","Scrape"],"picked":"Meteor Strike","floor":10.0},{"not_picked":["Redo","Auto Shields","Tempest"],"picked":"SKIP","floor":12.0},{"not_picked":["Buffer+1","All For One"],"picked":"Echo Form+1","floor":16.0},{"not_picked":["Go for the Eyes"],"picked":"SKIP","floor":18.0},{"not_picked":["Tempest"],"picked":"SKIP","floor":19.0},{"not_picked":["Tempest"],"picked":"SKIP","floor":19.0},{"not_picked":["Aggregate","Sweeping Beam"],"picked":"SKIP","floor":21.0},{"not_picked":["Sweeping Beam","Go for the Eyes"],"picked":"SKIP","floor":22.0},{"not_picked":["Double Energy"],"picked":"Self Repair+1","floor":23.0},{"not_picked":["Hologram"],"picked":"Compile Driver+1","floor":25.0},{"not_picked":["Stack"],"picked":"Heatsinks+1","floor":28.0},{"not_picked":["Hello World+1"],"picked":"Seek","floor":31.0},{"not_picked":["Biased Cognition+1"],"picked":"Buffer+1","floor":33.0},{"not_picked":["Scrape+1","White Noise"],"picked":"SKIP","floor":35},{"not_picked":["Sunder+1","Beam Cell"],"picked":"SKIP","floor":36},{"not_picked":["Redo","Fusion+1"],"picked":"SKIP","floor":39},{"not_picked":["Stack"],"picked":"Defragment+1","floor":40},{"not_picked":["Go for the Eyes","Beam Cell"],"picked":"Singing Bowl","floor":44},{"not_picked":["Steam","Static Discharge+1"],"picked":"Singing Bowl","floor":46},{"not_picked":["Heatsinks+1","Skim+1"],"picked":"Singing Bowl","floor":47},{"not_picked":["Auto Shields","Sweeping Beam"],"picked":"Singing Bowl","floor":48}],"player_experience":231582,"relics_obtained":[{"floor":7.0,"key":"PreservedInsect"},{"floor":8.0,"key":"Frozen Egg 2"},{"floor":23.0,"key":"Art of War"},{"floor":25.0,"key":"Potion Belt"},{"floor":26.0,"key":"Pantograph"},{"floor":28.0,"key":"Ancient Tea Set"},{"floor":31.0,"key":"Turnip"},{"floor":43,"key":"Singing Bowl"},{"floor":46,"key":"War Paint"},{"floor":48,"key":"CeramicFish"}],"event_choices":[{"cards_removed":["Defend_B"],"damage_healed":0.0,"max_hp_gain":0.0,"max_hp_loss":0.0,"gold_gain":0.0,"event_name":"Living Wall","player_choice":"Forget","floor":3.0,"gold_loss":0.0,"damage_taken":0.0},{"damage_healed":0.0,"max_hp_gain":0.0,"max_hp_loss":0.0,"gold_gain":50.0,"event_name":"Nest","player_choice":"Stole From Cult","floor":27.0,"gold_loss":0.0,"damage_taken":0.0},{"cards_removed":["Defend_B"],"damage_healed":0.0,"max_hp_gain":0.0,"max_hp_loss":0.0,"gold_gain":0.0,"event_name":"Beggar","player_choice":"Gave Gold","floor":29.0,"gold_loss":75.0,"damage_taken":0.0},{"damage_healed":0,"gold_gain":999,"player_choice":"Gold","damage_taken":0,"max_hp_gain":0,"max_hp_loss":0,"event_name":"MindBloom","floor":37,"gold_loss":0,"cards_obtained":["Normality","Normality"]},{"damage_healed":0,"gold_gain":0,"player_choice":"Gave Potion","damage_taken":0,"relics_obtained":["Nunchaku"],"max_hp_gain":0,"max_hp_loss":0,"event_name":"WeMeetAgain","floor":38,"gold_loss":0}],"is_beta":false,"boss_relics":[{"not_picked":["Empty Cage","Calling Bell"],"picked":"Busted Crown"},{"not_picked":["Cursed Key","Sozu"],"picked":"Astrolabe"}],"items_purged_floors":[2,20,30,41],"is_endless":false,"potions_floor_spawned":[4,5,7,22,23,25,28,40,44,47],"killed_by":"Time Eater","ascension_level":15}}