{"host":"Qube","time":1609844818,"event":{"mods":["AchievementEnabler","BaseMod","Colored Map","Colored Powertips","Minty Spire (QoL Compilation)","Quick Restart","Random Character Button","StSLib"],"gold_per_floor":[117,117,129,139,157,187,187,213,213,213,363,363,391,46,46,117,117,136,146,159,169,182,182,182],"floor_reached":23,"playtime":808,"items_purged":[],"score":373,"play_id":"0232832b-a2f3-4b17-99fc-99b96947978a","local_time":"20210105030658","is_ascension_mode":true,"campfire_choices":[{"data":"Limit Break","floor":7.0,"key":"SMITH"},{"data":"Inflame","floor":10,"key":"SMITH"},{"floor":12,"key":"REST"},{"data":"True Grit","floor":15,"key":"SMITH"}],"circlet_count":0,"master_deck":["AscendersBane","Strike_R","Strike_R","Strike_R","Strike_R","Strike_R","Defend_R","Defend_R","Defend_R","Defend_R","Bash","Body Slam","Wild Strike","Cleave","Flex","Limit Break+1","Inflame+1","Doubt","Iron Wave","True Grit+1","Pummel","Reaper","Thunderclap+1","Armaments","Flex+1"],"relics":["Burning Blood","NeowsBlessing","Red Skull","Toy Ornithopter","MealTicket","Pantograph","White Beast Statue","Philosopher\u0027s Stone"],"acts_visited":["Exordium","TheCity"],"potions_floor_usage":[16,18,19,20,21,22,23],"damage_taken":[{"damage":0.0,"enemies":"2 Louse","floor":1.0,"turns":1.0},{"damage":0.0,"enemies":"Jaw Worm","floor":3.0,"turns":1.0},{"damage":0.0,"enemies":"Small Slimes","floor":4.0,"turns":1.0},{"damage":11.0,"enemies":"Looter","floor":5.0,"turns":2.0},{"damage":25.0,"enemies":"Lagavulin","floor":6.0,"turns":6.0},{"damage":40,"enemies":"3 Sentries","floor":8,"turns":5},{"damage":31,"enemies":"Gremlin Nob","floor":13,"turns":4},{"damage":44,"enemies":"The Guardian","floor":16,"turns":9},{"damage":8,"enemies":"3 Byrds","floor":18,"turns":5},{"damage":28,"enemies":"Shell Parasite","floor":19,"turns":4},{"damage":33,"enemies":"Snake Plant","floor":20,"turns":4},{"damage":44,"enemies":"Snecko","floor":21,"turns":6},{"damage":16,"enemies":"Chosen and Byrds","floor":22,"turns":4},{"damage":49,"enemies":"Slavers","floor":23,"turns":3}],"seed_played":"-4860642828928260906","potions_obtained":[{"floor":3.0,"key":"CultistPotion"},{"floor":4.0,"key":"ColorlessPotion"},{"floor":13,"key":"Block Potion"},{"floor":16,"key":"AttackPotion"},{"floor":18,"key":"Fire Potion"},{"floor":19,"key":"Weak Potion"},{"floor":20,"key":"Weak Potion"},{"floor":21,"key":"Swift Potion"},{"floor":22,"key":"Weak Potion"}],"is_trial":false,"path_per_floor":["M","?","M","M","M","E","R","E","T","R","?","R","E","$","R","B",null,"M","M","M","M","M","E"],"character_chosen":"IRONCLAD","items_purchased":["White Beast Statue","True Grit","Pummel"],"campfire_rested":1,"item_purchase_floors":[14,14,14],"current_hp_per_floor":[74,79,80,80,75,56,56,22,22,22,22,46,21,36,36,28,67,78,58,51,18,34,0,0],"gold":182,"neow_bonus":"THREE_ENEMY_KILL","is_daily":false,"chose_seed":false,"campfire_upgraded":3,"win_rate":0.0,"timestamp":1609844818,"path_taken":["M","?","M","M","M","E","R","E","T","R","?","R","E","?","R","BOSS","M","M","M","M","M","E"],"items_purchased_type":["Relic","Card","Card"],"build_version":"2020-12-18","purchased_purges":0,"victory":false,"max_hp_per_floor":[75,80,80,80,80,80,80,80,80,80,80,80,80,80,80,80,80,80,80,80,80,80,80,80],"card_choices":[{"not_picked":["Clash","Flex"],"picked":"Body Slam","floor":1.0},{"not_picked":["Feel No Pain","Perfected Strike"],"picked":"Wild Strike","floor":3.0},{"not_picked":["Bloodletting","Thunderclap"],"picked":"Cleave","floor":4.0},{"not_picked":["Whirlwind","Dual Wield"],"picked":"Flex","floor":5.0},{"not_picked":["Entrench","Heavy Blade"],"picked":"Limit Break","floor":6.0},{"not_picked":["Wild Strike","Pummel"],"picked":"Inflame","floor":8},{"not_picked":["Burning Pact","Combust"],"picked":"Iron Wave","floor":13},{"not_picked":["Corruption","Offering"],"picked":"Reaper","floor":16},{"not_picked":["Uppercut","Armaments"],"picked":"Thunderclap+1","floor":18},{"not_picked":["Anger+1","Wild Strike"],"picked":"Armaments","floor":19},{"not_picked":["Sword Boomerang","Infernal Blade"],"picked":"Flex+1","floor":20},{"not_picked":["Second Wind+1","Inflame","Feel No Pain"],"picked":"SKIP","floor":21},{"not_picked":["Havoc","Headbutt","Pommel Strike"],"picked":"SKIP","floor":22}],"player_experience":784785,"relics_obtained":[{"floor":6.0,"key":"Red Skull"},{"floor":8,"key":"Toy Ornithopter"},{"floor":9,"key":"MealTicket"},{"floor":13,"key":"Pantograph"}],"event_choices":[{"damage_healed":0.0,"max_hp_gain":5.0,"max_hp_loss":0.0,"gold_gain":0.0,"event_name":"Big Fish","player_choice":"Donut","floor":2.0,"gold_loss":0.0,"damage_taken":0.0},{"damage_healed":0,"gold_gain":150,"player_choice":"AGREE","damage_taken":0,"max_hp_gain":0,"max_hp_loss":0,"event_name":"Liars Game","floor":11,"gold_loss":0,"cards_obtained":["Doubt"]}],"is_beta":true,"boss_relics":[{"not_picked":["Ectoplasm","Cursed Key"],"picked":"Philosopher\u0027s Stone"}],"items_purged_floors":[],"is_endless":false,"potions_floor_spawned":[3,4,13,16,18,19,20,21,22],"killed_by":"Slavers","ascension_level":15}}