{"host":"yecadp3kwkksam5a","time":1609872624,"event":{"mods":["BaseMod","Minty Spire (QoL Compilation)","Replay The Spire","StSLib","The Jungle"],"gold_per_floor":[485,282,302,461,536,569,583,533,560,560,573,605,605,605,605,680,680,697,709,579,579,592,624,658,192,192,217,234,263,263,298,298,375,425,443,494,716,19,34,66,66,95,95,130,130,160,175,186,186,186,186,186,186,48,81,81],"floor_reached":57,"playtime":1004,"items_purged":["Doubt"],"score":4079,"play_id":"3293fa01-83a3-4542-9c48-4a4da3e010bf","local_time":"20210106035024","is_ascension_mode":true,"campfire_choices":[{"floor":10,"key":"RECALL"},{"floor":13,"key":"REST"},{"floor":15,"key":"REST"},{"floor":32,"key":"REST"},{"floor":41,"key":"DIG"},{"floor":49,"key":"DIG"},{"floor":53,"key":"DIG"}],"circlet_count":1,"master_deck":["Calculated Gamble+1","Acrobatics+1","Reflex+1","Grand Finale+1"],"relics":["Ring of the Snake","Torii","Vajra","MawBank","Lantern","Pen Nib","Shuriken","SlaversCollar","Nilry\u0027s Codex","Regal Pillow","Turnip","Peace Pipe","Meat on the Bone","Old Coin","Art of War","Sozu","Prayer Wheel","Ancient Tea Set","Whetstone","Bronze Scales","Pantograph","Potion Belt","Sundial","Ancient Tea Set","Runic Pyramid","Ornamental Fan","Red Mask","Singing Bowl","Snake Skull","Centennial Puzzle","Pantograph","White Beast Statue","Black Star","TheAbacus","Tough Bandages","MawBank","Smiling Mask","Whetstone","Toy Ornithopter","Bag of Marbles","Molten Egg 2","Boot","Orichalcum","Whetstone","Shuriken","The Courier","Pocketwatch","Counterbalance","Boot","Vampiric Spirits","SlaversCollar","theJungle:BirthdayCakeSlice","CeramicFish","ReplayTheSpireMod:Ninjato","Meat on the Bone","Regal Pillow","Pondfish Scales","Thread and Needle","Potion Belt","Tiny House","Replay:Rubber Ducky","Replay:Baseball","Pen Nib","Replay:Bottled Steam","Blue Candle","Incense Burner","Orichalcum","Happy Flower","Oddly Smooth Stone","Ancient Tea Set","Blood Vial","Replay:Accelerometer","Lantern","Toy Ornithopter","Darkstone Periapt","Replay:Towering Pillar of Hats","Centennial Puzzle","Gremlin Food","Bronze Scales","TungstenRod","Sundial","Whetstone","Centennial Puzzle","CeramicFish","Meat on the Bone","TheAbacus","Eternal Feather","Juzu Bracelet","Circlet","Thread and Needle","Kunai","Bag of Preparation","Bag of Marbles","Mirror","Smiling Mask","ReplayTheSpireMod:Shallot","Replay:Rubber Ducky","Replay:Arrowhead","Tiny House","Shovel","Medical Kit","Akabeko","Snake Skull","Orichalcum","Iron Hammer","Toxic Egg 2","Ancient Tea Set","Vajra","Ice Cream","The Specimen","Pantograph","Ornamental Fan","Byrd Skull","Calipers","Toy Ornithopter","ClockworkSouvenir","Replay:Wax Seal","White Beast Statue"],"acts_visited":["Exordium","TheCity","TheBeyond","TheEnding"],"potions_floor_usage":[],"damage_taken":[{"damage":0.0,"enemies":"2 Louse","floor":1.0,"turns":1.0},{"damage":0,"enemies":"Jaw Worm","floor":3,"turns":1},{"damage":0,"enemies":"Lagavulin","floor":6,"turns":1},{"damage":0,"enemies":"Cultist","floor":7,"turns":1},{"damage":0,"enemies":"3 Louse","floor":11,"turns":1},{"damage":0,"enemies":"Gremlin Nob","floor":12,"turns":1},{"damage":0,"enemies":"Fading Forest","floor":16,"turns":1},{"damage":0,"enemies":"Spheric Guardian","floor":18,"turns":1},{"damage":0,"enemies":"2 Thieves","floor":19,"turns":1},{"damage":0,"enemies":"Chosen and Byrds","floor":22,"turns":1},{"damage":0,"enemies":"Slavers","floor":23,"turns":1},{"damage":0,"enemies":"Masked Bandits","floor":24,"turns":1},{"damage":0,"enemies":"Book of Stabbing","floor":27,"turns":1},{"damage":0,"enemies":"Snake Plant","floor":28,"turns":1},{"damage":0,"enemies":"Gremlin Leader","floor":29,"turns":1},{"damage":0,"enemies":"Slavers","floor":31,"turns":1},{"damage":0,"enemies":"Automaton","floor":33,"turns":1},{"damage":0,"enemies":"3 Darklings","floor":35,"turns":1},{"damage":0,"enemies":"2 Orb Walkers","floor":36,"turns":1},{"damage":6,"enemies":"3 Shapes","floor":39,"turns":1},{"damage":0,"enemies":"R_Hoarder","floor":40,"turns":1},{"damage":0,"enemies":"Nemesis","floor":42,"turns":1},{"damage":0,"enemies":"R_Hoarder","floor":44,"turns":1},{"damage":0,"enemies":"Nemesis","floor":46,"turns":1},{"damage":0,"enemies":"Sphere and 2 Shapes","floor":47,"turns":1},{"damage":0,"enemies":"Time Eater","floor":50,"turns":1},{"damage":0,"enemies":"Awakened One","floor":51,"turns":2},{"damage":0,"enemies":"Shield and Spear","floor":55,"turns":1},{"damage":0,"enemies":"The Heart","floor":56,"turns":4}],"seed_played":"-6772563709686861865","potions_obtained":[],"is_trial":false,"path_per_floor":["M","$","M","?","?","E","M","$","T","R","M","E","R","?","R","B",null,"M","M","$","?","M","E","?","$","T","E","M","E","?","E","R","B",null,"M","?","?","$","M","E","R","E","T","E","?","E","M","?","R","B","B",null,"R","$","E","B",null],"character_chosen":"THE_SILENT","items_purchased":["Sundial","TheAbacus","Thread and Needle","Kunai","Medical Kit","Akabeko","Snake Skull","Orichalcum","Iron Hammer","ClockworkSouvenir"],"campfire_rested":3,"item_purchase_floors":[2,20,25,25,38,38,38,38,38,54],"current_hp_per_floor":[225,225,229,235,225,237,241,241,241,241,245,247,247,247,247,249,249,253,257,257,257,261,263,265,265,265,267,271,273,273,275,275,277,284,288,290,290,290,294,296,296,298,298,300,300,302,306,187,187,308,308,308,308,308,310,310],"gold":81,"neow_bonus":"TEN_PERCENT_HP_BONUS","is_daily":false,"chose_seed":false,"campfire_upgraded":0,"win_rate":0.0,"timestamp":1609872624,"path_taken":["M","$","M","?","?","E","M","$","T","R","?","E","R","?","R","BOSS","M","M","?","?","M","E","?","$","T","E","M","E","?","E","R","BOSS","M","?","?","$","M","E","R","E","T","E","?","E","M","?","R","BOSS","BOSS","R","$","E","BOSS"],"items_purchased_type":["Relic","Relic","Relic","Relic","Relic","Relic","Relic","Relic","Relic","Relic"],"build_version":"2020-12-22","purchased_purges":1,"victory":true,"max_hp_per_floor":[225,225,229,235,235,237,241,241,241,241,245,247,247,247,247,249,249,253,257,257,257,261,263,265,265,265,267,271,273,273,275,275,277,284,288,290,290,290,294,296,296,298,298,300,300,302,306,308,308,308,308,308,308,308,310,310],"card_choices":[{"not_picked":["Footwork","Quick Slash+1","Catalyst"],"picked":"Singing Bowl","floor":0.0},{"not_picked":["Prepared","Quick Slash+1","Deflect"],"picked":"Singing Bowl","floor":1},{"not_picked":["Backflip","Deflect","Leg Sweep"],"picked":"Singing Bowl","floor":1},{"not_picked":["Well Laid Plans","Blade Dance","Terror"],"picked":"Singing Bowl","floor":3},{"not_picked":["Poisoned Stab+1","Masterful Stab+1","Escape Plan"],"picked":"Singing Bowl","floor":3},{"not_picked":["Catalyst","Footwork","Prepared"],"picked":"Singing Bowl","floor":6},{"not_picked":["PiercingWail","Slice+1","Heel Hook+1"],"picked":"Singing Bowl","floor":7},{"not_picked":["Cloak And Dagger","Quick Slash+1","Dash+1"],"picked":"Singing Bowl","floor":7},{"not_picked":["Catalyst","Fluid Movement","Dagger Throw+1"],"picked":"Singing Bowl","floor":11},{"not_picked":["Backflip","A Thousand Cuts","Finisher+1"],"picked":"Singing Bowl","floor":11},{"not_picked":["Bouncing Flask","PiercingWail","Cloak And Dagger"],"picked":"Singing Bowl","floor":12},{"not_picked":["Burst","A Thousand Cuts","Envenom"],"picked":"Singing Bowl","floor":16},{"not_picked":["Blade Dance","Distraction","Hidden Blade"],"picked":"Singing Bowl","floor":18},{"not_picked":["Endless Agony+1","Infinite Blades","Outmaneuver"],"picked":"Singing Bowl","floor":18},{"not_picked":["Sucker Punch+1","Sneak Up","Poisoned Stab+1"],"picked":"Singing Bowl","floor":19},{"not_picked":["Storm of Steel","Caltrops","Quick Slash+1"],"picked":"Singing Bowl","floor":19},{"not_picked":["Dagger Spray+1","Deflect+1","Leg Sweep"],"picked":"Singing Bowl","floor":22},{"not_picked":["PiercingWail","After Image","Backflip"],"picked":"Singing Bowl","floor":22},{"not_picked":["Dagger Spray+1","Dagger Throw+1","Sucker Punch+1"],"picked":"Singing Bowl","floor":23},{"not_picked":["Reflex","Poisoned Stab+1","Flying Knee+1"],"picked":"Singing Bowl","floor":24},{"not_picked":["Dodge and Roll","ReplayTheSpireMod:Exploit Weakness","Replay:Bag of Tricks"],"picked":"Singing Bowl","floor":27},{"not_picked":["Heel Hook+1","Prepared+1","Sucker Punch+1"],"picked":"Singing Bowl","floor":28},{"not_picked":["Dagger Spray+1","Bane+1","Backflip"],"picked":"Singing Bowl","floor":28},{"not_picked":["ReplayTheSpireMod:Exploit Weakness","Acrobatics","Bane+1"],"picked":"Singing Bowl","floor":29},{"not_picked":["Escape Plan+1","Flying Knee+1","Outmaneuver+1"],"picked":"Singing Bowl","floor":31},{"not_picked":["Phantasmal Killer","After Image","Storm of Steel"],"picked":"Singing Bowl","floor":33},{"not_picked":["Cloak And Dagger","Dagger Spray+1","Deflect"],"picked":"Singing Bowl","floor":34},{"not_picked":["Sucker Punch+1","Acrobatics","Toxin Wave"],"picked":"Singing Bowl","floor":35},{"not_picked":["Dagger Spray+1","Bane+1","Cloak And Dagger"],"picked":"Singing Bowl","floor":35},{"not_picked":["Sucker Punch+1","Dodge and Roll+1","Deadly Poison"],"picked":"Singing Bowl","floor":36},{"not_picked":["Sucker Punch+1","After Image","PiercingWail"],"picked":"Singing Bowl","floor":39},{"not_picked":["ReplayTheSpireMod:Shiv Toss","Slice+1","Choke+1"],"picked":"Singing Bowl","floor":39},{"not_picked":["Dagger Spray+1","ReplayTheSpireMod:Speed Training+1","Bane+1"],"picked":"Singing Bowl","floor":40},{"not_picked":["Predator+1","Bane+1","Deadly Poison+1"],"picked":"Singing Bowl","floor":42},{"not_picked":["Venomology+1","Cloak And Dagger+1","Calculated Gamble+1"],"picked":"Singing Bowl","floor":44},{"not_picked":["Eviscerate+1","Escape Plan+1","Toxin Wave+1"],"picked":"Singing Bowl","floor":46},{"not_picked":["PiercingWail+1","Blade Dance+1","Dodge and Roll+1"],"picked":"Singing Bowl","floor":47},{"not_picked":["Dagger Spray+1","Leg Sweep+1","ReplayTheSpireMod:Scrap Shanks+1"],"picked":"Singing Bowl","floor":47},{"not_picked":["Dagger Throw+1","Quick Slash+1","Deadly Poison+1"],"picked":"Singing Bowl","floor":48},{"not_picked":["Quick Slash+1","Blade Dance+1","Cloak And Dagger+1"],"picked":"Singing Bowl","floor":55}],"player_experience":393571,"relics_obtained":[{"floor":6,"key":"Whetstone"},{"floor":6,"key":"Centennial Puzzle"},{"floor":12,"key":"CeramicFish"},{"floor":12,"key":"Meat on the Bone"},{"floor":23,"key":"Eternal Feather"},{"floor":23,"key":"Juzu Bracelet"},{"floor":24,"key":"Circlet"},{"floor":26,"key":"Bag of Preparation"},{"floor":27,"key":"Bag of Marbles"},{"floor":27,"key":"Mirror"},{"floor":29,"key":"Smiling Mask"},{"floor":29,"key":"ReplayTheSpireMod:Shallot"},{"floor":31,"key":"Replay:Rubber Ducky"},{"floor":31,"key":"Replay:Arrowhead"},{"floor":36,"key":"Shovel"},{"floor":40,"key":"Toxic Egg 2"},{"floor":40,"key":"Ancient Tea Set"},{"floor":41,"key":"Vajra"},{"floor":42,"key":"Ice Cream"},{"floor":42,"key":"The Specimen"},{"floor":43,"key":"Pantograph"},{"floor":44,"key":"Ornamental Fan"},{"floor":46,"key":"Byrd Skull"},{"floor":46,"key":"Calipers"},{"floor":49,"key":"Toy Ornithopter"},{"floor":55,"key":"Replay:Wax Seal"},{"floor":55,"key":"White Beast Statue"}],"event_choices":[{"damage_healed":0,"gold_gain":150,"player_choice":"AGREE","damage_taken":0,"max_hp_gain":0,"max_hp_loss":0,"event_name":"Liars Game","floor":4,"gold_loss":0,"cards_obtained":["Doubt"]},{"damage_healed":0,"gold_gain":75,"player_choice":"Gather Gold","damage_taken":11,"max_hp_gain":0,"max_hp_loss":0,"event_name":"World of Goop","floor":5,"gold_loss":0},{"damage_healed":0,"gold_gain":0,"player_choice":"Ignored","damage_taken":0,"max_hp_gain":0,"max_hp_loss":0,"event_name":"Upgrade Shrine","floor":14,"gold_loss":0},{"damage_healed":0,"gold_gain":0,"player_choice":"Ignored","damage_taken":0,"max_hp_gain":0,"max_hp_loss":0,"event_name":"Ghosts","floor":21,"gold_loss":0},{"damage_healed":0,"gold_gain":0,"player_choice":"Fought Bandits","damage_taken":0,"max_hp_gain":0,"max_hp_loss":0,"event_name":"Masked Bandits","floor":24,"gold_loss":0},{"damage_healed":0,"gold_gain":0,"player_choice":"Ignored","damage_taken":0,"max_hp_gain":0,"max_hp_loss":0,"event_name":"Beggar","floor":30,"gold_loss":0},{"damage_healed":0,"gold_gain":0,"player_choice":"Fight","damage_taken":0,"max_hp_gain":0,"max_hp_loss":0,"event_name":"Mysterious Sphere","floor":36,"gold_loss":0},{"damage_healed":0,"gold_gain":222,"player_choice":"Wore Mask","damage_taken":0,"max_hp_gain":0,"max_hp_loss":0,"event_name":"Tomb of Lord Red Mask","floor":37,"gold_loss":0},{"cards_removed":["Grand Finale"],"damage_healed":0,"gold_gain":0,"player_choice":"Removed Attack","damage_taken":0,"max_hp_gain":0,"max_hp_loss":0,"event_name":"Falling","floor":45,"gold_loss":0}],"is_beta":false,"boss_relics":[{"not_picked":["Painkiller Herb","Ectoplasm","ReplayTheSpireMod:DimensionalGlitch"]},{"not_picked":["Runic Pyramid","Pandora\u0027s Box"],"picked":"Tiny House"}],"items_purged_floors":[8],"is_endless":false,"potions_floor_spawned":[1,3,6,7,11,16,18,19,22,23,24,27,28,29,31,33,35,36,39,40,42,44,46,47,55],"ascension_level":20}}