{"host":"40vzoph344nwp0en","time":1609834813,"event":{"mods":["2.2 Compatiblity","Aspiration","BaseMod","Bestiary","Challenge The Spire","Colored Map","Conspire","Downfall","Energized Spire","GifTheSpireLib","Halation","Highlight Path","Hubris","Infinite Spire","Jedi Mod","Minty Spire (QoL Compilation)","Relic Sorter","Replay The Spire","StSLib","Stuff the Spire","SuperFastMode","vexMod"],"gold_per_floor":[99,114,127,127,140,140,140,100139,99571,99604,99604,99619,99630,99730,99744,99839,99839,99839,99856,99873,99973,98798,98818,98818,98830,98886,98914,98914,98934,98934,98934,98934,98948,98961,99064,99064,99064,99064,99079,99079,99079,99095,99095,98353,98370,98385,98385,98031,98031,98050,98065,98065],"floor_reached":53,"playtime":5875,"items_purged":["Guardian:Defend_Guardian","Guardian:Defend_Guardian","Guardian:Defend_Guardian","Guardian:Defend_Guardian"],"score":1033,"play_id":"0c151010-7168-4a54-b871-d3ccf0d45303","local_time":"20210105012012","is_ascension_mode":false,"campfire_choices":[{"data":"Guardian:TwinSlam","floor":1.0,"key":"SMITH"},{"data":"Guardian:PiercingHide","floor":8.0,"key":"SMITH"},{"data":"Guardian:PiercingHide","floor":32,"key":"SMITH"},{"data":"Guardian:FloatingOrbs","floor":37,"key":"SMITH"},{"data":"Guardian:FastForward","floor":47,"key":"SMITH"},{"data":"Guardian:FastForward","floor":49,"key":"SMITH"}],"circlet_count":0,"master_deck":["Guardian:Strike_Guardian","Guardian:Strike_Guardian","Guardian:Strike_Guardian","Guardian:CurlUp","Guardian:TwinSlam+1","Guardian:Recover+1","Guardian:PiercingHide+1","Guardian:Recover","Guardian:Incinerate+1","Guardian:Recover","Guardian:Planning","Guardian:Repulse","Guardian:ShieldCharger","Guardian:ChargeUp","Guardian:FastForward+1","Guardian:TimeCapacitor+1","Guardian:Planning","Guardian:Preprogram+1","Guardian:StasisField","Replay:Dark Deal","Guardian:PiercingHide+1","Guardian:BronzeOrb","Guardian:Recover+1","Guardian:ExploitGems","Guardian:FloatingOrbs+1","Guardian:Suspension","Guardian:Strike_Guardian","Guardian:Strike_Guardian","Guardian:Strike_Guardian","Guardian:CurlUp","Guardian:TwinSlam+1","Guardian:Recover+1","Guardian:PiercingHide+1","Guardian:Recover","Guardian:Incinerate+1","Guardian:Recover","Guardian:Planning","Guardian:Repulse","Guardian:ShieldCharger","Guardian:ChargeUp","Guardian:FastForward+1","Guardian:TimeCapacitor+1","Guardian:Planning","Guardian:Preprogram+1","Guardian:StasisField","Replay:Dark Deal","Guardian:PiercingHide+1","Guardian:BronzeOrb","Guardian:Recover+1","Guardian:ExploitGems","Guardian:FloatingOrbs+1","Guardian:Suspension","Guardian:CrystalBeam+1","Guardian:Clone"],"relics":["Guardian:ModeShifter","hubris:Icosahedron","hubris:Towel","conspire:DeflatedDodgeball","hubris:CrystalStatue","hubris:OldNail","vexMod:BarristanHead","halation:EternalFortune","jedi:hotpepper","halation:PinkSoulGem","Letter Opener","Pondfish Scales","aspiration:HiddenCompartment","Mercury Hourglass","Sling","infinitespire:Lucky Rock","Juzu Bracelet","aspiration:Lifesprig","StuffTheSpire:Experiment12","aspiration:DefectSkillbook","infinitespire:CheckeredPen","aspiration:Lifesprig","Guardian:PocketSentry","HandDrill","Dream Catcher","StuffTheSpire:CocoNut","vexMod:Cooldron"],"acts_visited":["Exordium","TheCity","TheBeyond"],"potions_floor_usage":[27,27,27,35],"damage_taken":[{"damage":0.0,"enemies":"2 Louse","floor":2.0,"turns":2.0},{"damage":0.0,"enemies":"Small Slimes","floor":3.0,"turns":3.0},{"damage":0.0,"enemies":"conspire:RoseBush","floor":5.0,"turns":4.0},{"damage":5.0,"enemies":"downfall:FleeingMerchant","floor":9.0,"turns":4.0},{"damage":0.0,"enemies":"Replay:BlueRogue","floor":10.0,"turns":4.0},{"damage":7.0,"enemies":"3 Louse","floor":12.0,"turns":3.0},{"damage":2.0,"enemies":"Exordium Thugs","floor":13.0,"turns":4.0},{"damage":23.0,"enemies":"downfall:Heads","floor":14.0,"turns":8.0},{"damage":5.0,"enemies":"Exordium Wildlife","floor":15.0,"turns":3.0},{"damage":32.0,"enemies":"downfall:Ironclad","floor":16.0,"turns":13.0},{"damage":0,"enemies":"Chosen","floor":19,"turns":7},{"damage":12,"enemies":"Snake Plant","floor":20,"turns":5},{"damage":8,"enemies":"downfall:Watcher","floor":21,"turns":10},{"damage":10,"enemies":"downfall:FleeingMerchant","floor":22,"turns":4},{"damage":0,"enemies":"3 Cultists","floor":23,"turns":5},{"damage":1,"enemies":"Snecko","floor":25,"turns":5},{"damage":4,"enemies":"Slavers","floor":27,"turns":4},{"damage":0,"enemies":"Centurion and Healer","floor":29,"turns":6},{"damage":0,"enemies":"Snake Plant","floor":33,"turns":3},{"damage":0,"enemies":"Shelled Parasite and Fungi","floor":34,"turns":2},{"damage":0,"enemies":"downfall:Silent","floor":35,"turns":6},{"damage":0,"enemies":"Orb Walker","floor":39,"turns":3},{"damage":0,"enemies":"downfall:FleeingMerchant","floor":41,"turns":3},{"damage":0,"enemies":"3 Darklings","floor":42,"turns":4},{"damage":0,"enemies":"downfall:FleeingMerchant","floor":44,"turns":4},{"damage":5,"enemies":"Spire Growth","floor":45,"turns":4},{"damage":5,"enemies":"Writhing Mass","floor":46,"turns":4},{"damage":0,"enemies":"downfall:FleeingMerchant","floor":48,"turns":3},{"damage":0,"enemies":"4 Shapes","floor":50,"turns":2},{"damage":0,"enemies":"Transient","floor":51,"turns":5},{"damage":0,"enemies":"downfall:Watcher","floor":52,"turns":5}],"seed_played":"3136795062855829607","potions_obtained":[{"floor":2.0,"key":"Block Potion"},{"floor":10.0,"key":"SteroidPotion"},{"floor":15.0,"key":"Strength Potion"},{"floor":16.0,"key":"Strength Potion"},{"floor":23,"key":"Fire Potion"},{"floor":26,"key":"hexamod:EctoCoolerPotion"},{"floor":26,"key":"hexamod:EctoCoolerPotion"},{"floor":27,"key":"jedi:tentaclejuice"},{"floor":34,"key":"ColorlessPotion"},{"floor":42,"key":"LifebloodPotion"},{"floor":45,"key":"infinitespire:BlackPotion"},{"floor":50,"key":"EntropicBrew"}],"is_trial":false,"path_per_floor":["R","M","M","?","M","?","T","R","$","E","?","M","M","?","M","B",null,"R_BF","M","M","?","$","M","T","M","?","E","?","M","PTL","PTL","R","M","M","B",null,"R","?","M","?","$","M","T","$","M","M","R","$","R","M","M","B",null],"character_chosen":"GUARDIAN","items_purchased":["hubris:CrystalStatue","hubris:OldNail","Guardian:Gem_Green","Guardian:Incinerate+1","aspiration:HiddenCompartment","Mercury Hourglass","Sling","Guardian:StasisField","Guardian:Gem_Orange","Replay:Dark Deal","aspiration:Lifesprig","Guardian:PocketSentry","HandDrill","jedi:tentaclejuice","Guardian:Gem_Blue","Dream Catcher","StuffTheSpire:CocoNut","vexMod:Cooldron"],"campfire_rested":0,"item_purchase_floors":[9,9,9,9,22,22,22,22,22,22,44,44,44,44,44,48,48,48],"current_hp_per_floor":[80,80,80,80,80,80,80,80,75,75,78,71,69,46,41,9,62,62,62,50,42,32,32,32,31,16,12,12,12,12,12,12,14,14,16,66,66,66,66,66,66,66,66,66,61,62,62,66,66,66,66,66],"gold":98065,"neow_bonus":"TRANSFORM_CARD","is_daily":false,"chose_seed":false,"campfire_upgraded":6,"win_rate":0.0,"timestamp":1609834812,"path_taken":["R","M","M","?","M","?","T","R","$","E","?","M","M","?","M","BOSS","R_BF","M","M","?","$","M","T","M","?","E","?","M","PTL","PTL","R","M","M","BOSS","R","?","M","?","?","M","T","$","M","M","R","$","R","M","M","BOSS"],"items_purchased_type":["Relic","Relic","Card","Card","Relic","Relic","Relic","Card","Card","Card","Relic","Relic","Relic","Potion","Card","Relic","Relic","Relic"],"build_version":"2020-12-22","purchased_purges":4,"victory":true,"max_hp_per_floor":[80,80,80,80,80,80,80,80,80,80,83,83,83,83,83,83,62,62,62,62,62,62,62,62,62,62,62,62,62,62,62,62,64,64,66,66,66,66,66,66,66,66,66,66,66,66,66,70,70,70,70,70],"card_choices":[{"not_picked":["Guardian:Planning","Guardian:Gem_Red"],"picked":"Guardian:Recover","floor":2.0},{"not_picked":["Guardian:Harden","Guardian:ShieldSpikes"],"picked":"Guardian:PiercingHide","floor":3.0},{"not_picked":["Guardian:Orbwalk","Guardian:GuardianWhirl"],"picked":"Guardian:Recover","floor":5.0},{"not_picked":["Guardian:TimeCapacitor","Guardian:RefractedBeam"],"picked":"Guardian:Gem_Lightblue","floor":9.0},{"not_picked":["Guardian:Gem_Cyan","Guardian:DecasProtection"],"picked":"Guardian:Gem_Purple","floor":10.0},{"not_picked":["Guardian:Gem_Red","Guardian:Gem_Cyan"],"picked":"Guardian:Recover","floor":12.0},{"not_picked":["Guardian:RefractedBeam","Guardian:Orbwalk"],"picked":"Guardian:Planning","floor":13.0},{"not_picked":["Guardian:CrystalBeam","Guardian:GemFire"],"picked":"Guardian:ShieldCharger","floor":14.0},{"not_picked":["Guardian:TimeCapacitor","Guardian:Gem_Blue"],"picked":"Guardian:ChargeUp","floor":15.0},{"not_picked":["Guardian:SphericShield","Guardian:StasisStrike"],"picked":"Guardian:FastForward","floor":16.0},{"not_picked":["Guardian:Gem_Red","Guardian:VentSteam"],"picked":"Guardian:Gem_Yellow","floor":19},{"not_picked":["Guardian:CrystalBeam+1","Guardian:TemporalStrike"],"picked":"Guardian:TimeCapacitor+1","floor":20},{"not_picked":["Guardian:MultiBeam","Guardian:DecasProtection+1"],"picked":"Guardian:Planning","floor":21},{"not_picked":["Guardian:DonusPower","Guardian:Gem_Lightblue"],"picked":"Guardian:Preprogram+1","floor":22},{"not_picked":["Guardian:CrystalBeam","Guardian:WalkerClaw"],"picked":"Guardian:PiercingHide","floor":23},{"not_picked":["Guardian:MultiBeam","Guardian:ShieldCharger"],"picked":"Guardian:Gem_Cyan","floor":25},{"not_picked":["Guardian:Gem_Crimson","Guardian:RollAttack+1"],"picked":"Guardian:BronzeOrb","floor":26},{"not_picked":["Guardian:Incinerate","Guardian:TemporalStrike+1"],"picked":"Guardian:Gem_Green","floor":27},{"not_picked":["Guardian:Gem_Green","Guardian:Gem_Red"],"picked":"Guardian:Recover+1","floor":29},{"not_picked":["Guardian:Gem_Blue","Guardian:TemporalStrike"],"picked":"Guardian:ExploitGems","floor":33},{"not_picked":["Guardian:TemporalShield","Guardian:EvasiveProtocol"],"picked":"Guardian:FloatingOrbs","floor":34},{"not_picked":["Guardian:FastForward","Guardian:BaubleBeam"],"picked":"Guardian:Gem_Synthetic","floor":35},{"not_picked":["Guardian:Incinerate","Guardian:PiercingHide","Guardian:Reroute+1"],"picked":"Guardian:Suspension","floor":39},{"not_picked":["Guardian:Orbwalk+1","Guardian:Emergency","Guardian:SpikerProtocol+1"],"picked":"Guardian:Gem_Crimson","floor":41},{"not_picked":["Guardian:Gem_Cyan","Guardian:GuardianWhirl","Guardian:RefractedBeam"],"picked":"Guardian:Gem_White","floor":42},{"not_picked":["Guardian:TemporalStrike","Guardian:VentSteam+1","Guardian:Preprogram"],"picked":"Guardian:Gem_Green","floor":44},{"not_picked":["Guardian:Gem_Green","Guardian:TimeBomb+1","Guardian:Preprogram+1"],"picked":"Guardian:Gem_White","floor":45},{"not_picked":["Guardian:PiercingHide","Guardian:PrismaticBarrier+1","Guardian:SpikerProtocol+1"],"picked":"Guardian:Gem_Lightblue","floor":46},{"not_picked":["Guardian:ExploitGems","Guardian:BronzeArmor+1","Guardian:PrimingBeam"],"picked":"Guardian:CrystalBeam+1","floor":48},{"not_picked":["Guardian:Preprogram","Guardian:TemporalShield+1","Guardian:FloatingOrbs+1","Guardian:EvasiveProtocol+1"],"picked":"SKIP","floor":50},{"not_picked":["Guardian:DecasProtection","Guardian:TemporalShield+1","Guardian:ChargeUp"],"picked":"Guardian:Clone","floor":51}],"player_experience":428741,"relics_obtained":[{"floor":7.0,"key":"conspire:DeflatedDodgeball"},{"floor":10.0,"key":"vexMod:BarristanHead"},{"floor":21,"key":"Letter Opener"},{"floor":21,"key":"Pondfish Scales"},{"floor":24,"key":"infinitespire:Lucky Rock"},{"floor":26,"key":"Juzu Bracelet"},{"floor":27,"key":"aspiration:Lifesprig"},{"floor":28,"key":"StuffTheSpire:Experiment12"},{"floor":33,"key":"halation:EternalFortune"},{"floor":35,"key":"halation:EternalFortune"},{"floor":43,"key":"infinitespire:CheckeredPen"}],"event_choices":[{"damage_healed":0,"gold_gain":0,"player_choice":"Ignored","damage_taken":0,"max_hp_gain":0,"max_hp_loss":0,"event_name":"NoteForYourself","floor":38,"gold_loss":0}],"is_beta":false,"boss_relics":[{"not_picked":["hubris:BlackHole","Cursed Key"],"picked":"jedi:hotpepper"},{"not_picked":["hubris:Stopwatch","StuffTheSpire:RunicHypercube"],"picked":"aspiration:DefectSkillbook"}],"items_purged_floors":[9,22,44,48],"is_endless":false,"potions_floor_spawned":[2,10,15,16,19,21,23,27,34,42,45,50],"ascension_level":0}}