{"host":"gttgmv2wah99hzdm","time":1609884771,"event":{"mods":["AchievementEnabler","BaseMod","Bestiary","Block Reminder","Filter the Spire","Minty Spire (QoL Compilation)","Relic Stats","ojb\u0027s Better Paths Mod","ojb\u0027s Info Mod"],"gold_per_floor":[114,131,142,158,109,109,109,109],"floor_reached":7,"playtime":388,"items_purged":[],"score":86,"play_id":"08dbe875-7ba1-4c22-97a7-640e95ed7122","local_time":"20210105161251","is_ascension_mode":true,"campfire_choices":[{"floor":6,"key":"REST"}],"circlet_count":0,"master_deck":["AscendersBane","Strike_R","Strike_R","Strike_R","Strike_R","Strike_R","Defend_R","Defend_R","Defend_R","Defend_R","Bash","Spot Weakness","True Grit","Armaments","Uppercut"],"relics":["Philosopher\u0027s Stone"],"acts_visited":["Exordium"],"potions_floor_usage":[4],"damage_taken":[{"damage":3,"enemies":"Jaw Worm","floor":1,"turns":3},{"damage":0,"enemies":"2 Louse","floor":2,"turns":3},{"damage":13,"enemies":"Small Slimes","floor":3,"turns":4},{"damage":47,"enemies":"Gremlin Gang","floor":4,"turns":6},{"damage":30,"enemies":"3 Sentries","floor":7,"turns":8}],"seed_played":"-4623081776078842950","potions_obtained":[{"floor":3,"key":"Energy Potion"}],"is_trial":false,"path_per_floor":["M","M","M","M","?","R","E"],"character_chosen":"IRONCLAD","items_purchased":[],"campfire_rested":1,"item_purchase_floors":[],"current_hp_per_floor":[65,65,52,5,5,27,0,0],"gold":109,"neow_bonus":"BOSS_RELIC","is_daily":false,"chose_seed":false,"campfire_upgraded":0,"win_rate":0.0,"timestamp":1609884771,"path_taken":["M","M","M","M","?","R","E"],"items_purchased_type":[],"build_version":"2020-12-22","purchased_purges":0,"victory":false,"max_hp_per_floor":[75,75,75,75,75,75,75,75],"relic_stats":{"counters":[5,24],"obtain_stats":[{"Philosopher\u0027s Stone":0,"Burning Blood":0},{"Philosopher\u0027s Stone":0,"Burning Blood":0},{"Philosopher\u0027s Stone":0,"Burning Blood":0}]},"card_choices":[{"not_picked":["Iron Wave","Searing Blow"],"picked":"Spot Weakness","floor":1},{"not_picked":["Perfected Strike","Warcry"],"picked":"True Grit","floor":2},{"not_picked":["Intimidate","Dropkick"],"picked":"Armaments","floor":3},{"not_picked":["Power Through","Armaments"],"picked":"Uppercut","floor":4}],"player_experience":1064608,"relics_obtained":[],"event_choices":[{"damage_healed":0,"gold_gain":0,"player_choice":"Left Gold","damage_taken":0,"max_hp_gain":0,"max_hp_loss":0,"event_name":"World of Goop","floor":5,"gold_loss":49}],"is_beta":false,"boss_relics":[],"items_purged_floors":[],"is_endless":false,"potions_floor_spawned":[3],"killed_by":"3 Sentries","ascension_level":20}}