{"host":"36ls4ricihodphgx","time":1609826789,"event":{"mods":["AchievementEnabler","BaseMod","Colored Map","Downfall","Hermit","HololiveMod","Marisa????????","Minty Spire (QoL Compilation)","Replay The Spire","Shop Mod","StSLib","SuperFastMode","The Animator","The Bug Knight","The Cursed","The Servant 0.9.4"],"gold_per_floor":[112,112,165,90,103,133,153,153,179,354,354,388,426,437,437,540,540,551,565,565,0,0,0],"floor_reached":22,"playtime":826,"items_purged":["Strike_P"],"score":219,"play_id":"430b1f4a-6720-4e00-8927-1dd87c5e70ae","local_time":"20210104230629","is_ascension_mode":false,"campfire_choices":[{"data":"FollowUp","floor":8,"key":"SMITH"},{"data":"WaveOfTheHand","floor":11,"key":"SMITH"},{"data":"Eruption","floor":15,"key":"SMITH"}],"circlet_count":0,"master_deck":["Strike_P","Strike_P","Strike_P","Defend_P","Defend_P","Defend_P","Eruption+1","Vigilance","Evaluate","CarveReality","Evaluate","WaveOfTheHand+1","FollowUp+1","Doubt","Crescendo","Halt","CrushJoints","MasterReality+1","AbeCurse","Evaluate+1","DeceiveReality+1","Decay"],"relics":["PureWater","NeowsBlessing","Eternal Feather","Damaru","Bronze Scales","Golden Egg","Abe\u0027s Treasure"],"acts_visited":["Exordium","TheCity"],"potions_floor_usage":[13,16,16,16],"damage_taken":[{"damage":0,"enemies":"2 Louse","floor":1,"turns":1},{"damage":0,"enemies":"Small Slimes","floor":5,"turns":1},{"damage":0,"enemies":"Lagavulin","floor":6,"turns":1},{"damage":0,"enemies":"Jaw Worm","floor":7,"turns":3},{"damage":8,"enemies":"Gremlin Nob","floor":12,"turns":3},{"damage":0,"enemies":"Looter","floor":13,"turns":1},{"damage":0,"enemies":"Exordium Wildlife","floor":14,"turns":2},{"damage":41,"enemies":"Slime Boss","floor":16,"turns":10},{"damage":17,"enemies":"2 Thieves","floor":18,"turns":4},{"damage":35,"enemies":"Cultist and Chosen","floor":19,"turns":6},{"damage":28,"enemies":"3 Cultists","floor":22,"turns":5}],"seed_played":"1681029406471862427","potions_obtained":[{"floor":3,"key":"ColorlessPotion"},{"floor":5,"key":"sneckomod:MuddlingPotion"},{"floor":7,"key":"Languid Potion"},{"floor":13,"key":"Explosive Potion"},{"floor":14,"key":"BottledMiracle"},{"floor":19,"key":"Weak Potion"}],"is_trial":false,"path_per_floor":["M","?","?","$","M","E","M","R","T","?","R","E","M","M","R","B",null,"M","M","?","?","M"],"character_chosen":"WATCHER","items_purchased":[],"campfire_rested":0,"item_purchase_floors":[],"current_hp_per_floor":[72,65,37,37,37,37,37,43,43,43,49,41,41,41,50,9,72,55,20,20,20,0,0],"gold":0,"neow_bonus":"THREE_ENEMY_KILL","is_daily":false,"chose_seed":false,"campfire_upgraded":3,"win_rate":0.0,"timestamp":1609826789,"path_taken":["M","?","?","$","?","E","M","R","T","?","R","E","M","M","R","BOSS","M","M","?","?","M"],"items_purchased_type":[],"build_version":"2020-12-22","purchased_purges":1,"victory":false,"max_hp_per_floor":[72,72,72,72,72,72,72,72,72,72,72,72,72,72,72,72,72,72,72,72,72,72,72],"card_choices":[{"not_picked":["ClearTheMind","FollowUp"],"picked":"Evaluate","floor":1},{"not_picked":["Replay:ManipulateFuture","Adaptation"],"picked":"CarveReality","floor":3},{"not_picked":["JustLucky","Consecrate"],"picked":"Evaluate","floor":5},{"not_picked":["Swivel","SandsOfTime"],"picked":"WaveOfTheHand","floor":6},{"not_picked":["Replay:BluntJabs","Replay:ManipulateFuture"],"picked":"FollowUp","floor":7},{"not_picked":["WheelKick","ConjureBlade"],"picked":"Crescendo","floor":12},{"not_picked":["Crescendo","Protect"],"picked":"Halt","floor":13},{"not_picked":["Study","Evaluate"],"picked":"CrushJoints","floor":14},{"not_picked":["DeusExMachina","ConjureBlade"],"picked":"MasterReality","floor":16},{"not_picked":["CutThroughFate","FlurryOfBlows+1"],"picked":"Evaluate+1","floor":18},{"not_picked":["SignatureMove+1","Halt"],"picked":"DeceiveReality+1","floor":19}],"player_experience":47943,"relics_obtained":[{"floor":3,"key":"Eternal Feather"},{"floor":6,"key":"Damaru"},{"floor":9,"key":"Bronze Scales"},{"floor":12,"key":"Golden Egg"}],"event_choices":[{"cards_removed":["Defend_P"],"damage_healed":0,"gold_gain":0,"player_choice":"Card Removal","damage_taken":7,"max_hp_gain":0,"max_hp_loss":0,"event_name":"Golden Wing","floor":2,"gold_loss":0},{"damage_healed":0,"gold_gain":175,"player_choice":"AGREE","damage_taken":0,"max_hp_gain":0,"max_hp_loss":0,"event_name":"Liars Game","floor":10,"gold_loss":0,"cards_obtained":["Doubt"]},{"damage_healed":0,"gold_gain":0,"player_choice":"Smashed Altar","damage_taken":0,"max_hp_gain":0,"max_hp_loss":0,"event_name":"Forgotten Altar","floor":20,"gold_loss":0,"cards_obtained":["Decay"]},{"damage_healed":0,"gold_gain":0,"player_choice":"Paid Fearfully","damage_taken":0,"max_hp_gain":0,"max_hp_loss":0,"event_name":"Masked Bandits","floor":21,"gold_loss":565}],"is_beta":false,"boss_relics":[{"not_picked":["Fusion Hammer","Snecko Eye"],"picked":"Abe\u0027s Treasure"}],"items_purged_floors":[4],"is_endless":false,"potions_floor_spawned":[5,7,13,14,19],"killed_by":"3 Cultists","ascension_level":0}}