{"host":"ewfe3cr33ktd9xzj","time":1609874611,"event":{"mods":["AchievementEnabler","BaseMod","Colored Map","Custom Start","DeckTracker","Minty Spire (QoL Compilation)","Permanent Neow","Rare Cards Sparkle","StSLib","everything is the same but u backflip on backflip"],"gold_per_floor":[117,135,60,1,1,31,44,63,63,91,106,106,106,106],"floor_reached":13,"playtime":274,"items_purged":["Strike_P"],"score":240,"play_id":"1780f50c-1d1a-4c3a-9591-b7f87a2ffff2","local_time":"20210106042331","is_ascension_mode":true,"campfire_choices":[{"data":"PathToVictory","floor":12.0,"key":"SMITH"}],"circlet_count":0,"master_deck":["AscendersBane","Strike_P","Strike_P","Strike_P","Defend_P","Defend_P","Defend_P","Defend_P","Eruption","Vigilance","Tantrum","PathToVictory+1","MentalFortress","EmptyFist","InnerPeace"],"relics":["PureWater","NeowsBlessing","Meat on the Bone","GoldenEye","Mango","Toy Ornithopter"],"acts_visited":["Exordium"],"potions_floor_usage":[],"damage_taken":[{"damage":0.0,"enemies":"Jaw Worm","floor":1.0,"turns":1.0},{"damage":0.0,"enemies":"Cultist","floor":2.0,"turns":1.0},{"damage":0.0,"enemies":"Lagavulin","floor":6.0,"turns":1.0},{"damage":4.0,"enemies":"Small Slimes","floor":7.0,"turns":3.0},{"damage":13.0,"enemies":"Red Slaver","floor":8.0,"turns":4.0},{"damage":16.0,"enemies":"Gremlin Nob","floor":10.0,"turns":3.0},{"damage":11.0,"enemies":"Blue Slaver","floor":11.0,"turns":4.0},{"damage":41,"enemies":"3 Sentries","floor":13,"turns":8}],"seed_played":"-5615023203795762561","potions_obtained":[{"floor":2.0,"key":"FairyPotion"},{"floor":6.0,"key":"BlessingOfTheForge"},{"floor":10.0,"key":"SpeedPotion"}],"is_trial":false,"path_per_floor":["M","M","$","?","$","E","M","M","T","E","M","R","E"],"character_chosen":"WATCHER","items_purchased":[],"campfire_rested":0,"item_purchase_floors":[],"current_hp_per_floor":[61,61,61,61,61,61,57,44,58,42,43,43,2,2],"gold":106,"neow_bonus":"THREE_ENEMY_KILL","is_daily":false,"chose_seed":false,"campfire_upgraded":1,"win_rate":0.0,"timestamp":1609874611,"path_taken":["M","M","$","?","$","E","M","M","T","E","?","R","E"],"items_purchased_type":[],"build_version":"2020-12-22","purchased_purges":1,"victory":false,"max_hp_per_floor":[68,68,68,68,68,68,68,68,82,82,82,82,82,82],"card_choices":[{"not_picked":["EmptyFist","FlyingSleeves"],"picked":"Tantrum","floor":1.0},{"not_picked":["SashWhip","BattleHymn","SignatureMove"],"picked":"SKIP","floor":2.0},{"not_picked":["Protect","FlyingSleeves"],"picked":"PathToVictory","floor":6.0},{"not_picked":["Conclude","FollowUp"],"picked":"MentalFortress","floor":7.0},{"not_picked":["WaveOfTheHand","FlurryOfBlows"],"picked":"EmptyFist","floor":8.0},{"not_picked":["ThirdEye","Perseverance","FlyingSleeves"],"picked":"SKIP","floor":10.0},{"not_picked":["ThirdEye","Perseverance","FlyingSleeves"],"picked":"SKIP","floor":10.0},{"not_picked":["EmptyBody","EmptyFist"],"picked":"InnerPeace","floor":11.0}],"player_experience":30122,"relics_obtained":[{"floor":6.0,"key":"GoldenEye"},{"floor":9.0,"key":"Mango"},{"floor":10.0,"key":"Toy Ornithopter"}],"event_choices":[{"damage_healed":0.0,"max_hp_gain":0.0,"max_hp_loss":0.0,"gold_gain":0.0,"event_name":"WeMeetAgain","player_choice":"Paid Gold","floor":4.0,"gold_loss":59.0,"damage_taken":0.0,"relics_obtained":["Meat on the Bone"]}],"is_beta":false,"boss_relics":[],"items_purged_floors":[3],"is_endless":false,"potions_floor_spawned":[2,6,10],"killed_by":"3 Sentries","ascension_level":20}}