{"host":"v4tuy5ykrbdcm9o9","time":1609822223,"event":{"mods":["BaseMod","Duelist Mod","Minty Spire (QoL Compilation)","Replay The Spire","StSLib"],"gold_per_floor":[116,116,135,100,112,112,141,141,141,171,187,214,214,234,234,334,334,345,345,365,384,384,384,414,414,414,441,458,476,487,498,498,498,498],"floor_reached":33,"playtime":2998,"items_purged":[],"score":418,"play_id":"a04639a9-db32-4bbc-a46c-f5d2ccbbdf50","local_time":"20210104235023","is_ascension_mode":true,"campfire_choices":[{"data":"Terror","floor":6,"key":"SMITH"},{"data":"1","floor":8,"key":"LIFT"},{"floor":13,"key":"REST"},{"data":"2","floor":15,"key":"LIFT"},{"floor":23,"key":"REST"},{"floor":25,"key":"REST"},{"data":"Adrenaline","floor":32,"key":"SMITH"}],"circlet_count":0,"master_deck":["Strike_G+1","Strike_G+1","Strike_G+1","Strike_G+1","Strike_G+1","Defend_G+1","Defend_G+1","Defend_G+1","Defend_G+1","Defend_G+1","Survivor","Neutralize+1","Terror+1","Flying Knee+1","Blade Dance","Prepared","Phantasmal Killer","Backflip","Outmaneuver","Quick Slash","Adrenaline+1","Cloak And Dagger+1","ReplayTheSpireMod:Shiv Toss+1","Dodge and Roll+1","Blade Dance","Pot Of Greed","Pot Of Greed","Pot Of Greed","Catalyst+1","Setup+1","Poisoned Stab+1","ReplayTheSpireMod:Scrap Shanks","Corpse Explosion"],"relics":["Ring of the Snake","Girya","Matryoshka","MealTicket","Peace Pipe","WristBlade","Enchiridion","Question Card","Grinning Jar","Meat on the Bone","Whetstone"],"acts_visited":["Exordium","TheCity"],"potions_floor_usage":[10,20,20,21,28,30],"damage_taken":[{"damage":5,"enemies":"Jaw Worm","floor":1,"turns":7},{"damage":0,"enemies":"2 Louse","floor":3,"turns":4},{"damage":0,"enemies":"Small Slimes","floor":5,"turns":3},{"damage":19,"enemies":"Replay:BlueRogue","floor":7,"turns":6},{"damage":27,"enemies":"3 Sentries","floor":10,"turns":8},{"damage":0,"enemies":"Blue Slaver","floor":11,"turns":1},{"damage":0,"enemies":"Gremlin Nob","floor":12,"turns":2},{"damage":0,"enemies":"Large Slime","floor":14,"turns":3},{"damage":27,"enemies":"Hexaghost","floor":16,"turns":7},{"damage":0,"enemies":"Spheric Guardian","floor":18,"turns":2},{"damage":5,"enemies":"2 Thieves","floor":20,"turns":2},{"damage":6,"enemies":"Shelled Parasite and Fungi","floor":21,"turns":4},{"damage":7,"enemies":"Replay:Snechameleon","floor":24,"turns":3},{"damage":7,"enemies":"Book of Stabbing","floor":27,"turns":4},{"damage":4,"enemies":"Centurion and Healer","floor":28,"turns":4},{"damage":0,"enemies":"Snake Plant","floor":29,"turns":2},{"damage":2,"enemies":"Shelled Parasite and Fungi","floor":30,"turns":3},{"damage":0,"enemies":"Snecko","floor":31,"turns":2},{"damage":68,"enemies":"Automaton","floor":33,"turns":6}],"seed_played":"3834551174496396562","potions_obtained":[{"floor":7,"key":"Adrenaline Potion"},{"floor":10,"key":"SmokeBomb"},{"floor":14,"key":"Ancient Potion"},{"floor":16,"key":"SkillPotion"},{"floor":18,"key":"Weak Potion"},{"floor":27,"key":"Languid Potion"},{"floor":28,"key":"EssenceOfSteel"}],"is_trial":false,"path_per_floor":["M","?","M","?","M","R","E","R","T","E","M","E","R","M","R","B",null,"M","?","M","M","?","R","E","R","T","E","M","M","M","M","R","B"],"character_chosen":"THE_SILENT","items_purchased":[],"campfire_rested":3,"item_purchase_floors":[],"current_hp_per_floor":[72,57,57,76,76,76,57,57,57,30,30,30,53,53,53,26,64,64,64,59,53,37,60,53,76,76,69,65,65,63,63,63,0,0],"gold":498,"neow_bonus":"TEN_PERCENT_HP_BONUS","is_daily":false,"chose_seed":false,"campfire_upgraded":2,"win_rate":0.0,"timestamp":1609822223,"path_taken":["M","?","M","?","M","R","E","R","T","E","M","E","R","M","R","BOSS","M","?","M","M","?","R","E","R","T","E","M","M","M","M","R","BOSS"],"items_purchased_type":[],"build_version":"2020-12-22","purchased_purges":0,"victory":false,"max_hp_per_floor":[77,77,77,77,77,77,77,77,77,77,77,77,77,77,77,77,77,77,77,77,77,77,77,77,77,77,77,77,77,77,77,77,77,77],"card_choices":[{"not_picked":["Flying Knee","Cloak And Dagger"],"picked":"Terror","floor":1},{"not_picked":["Backflip","Toxin Wave"],"picked":"Flying Knee","floor":3},{"not_picked":["ReplayTheSpireMod:Necrosis","Heel Hook"],"picked":"Blade Dance","floor":5},{"not_picked":["ReplayTheSpireMod:The Works","Blade Dance"],"picked":"Prepared","floor":7},{"not_picked":["Poisoned Stab","Prepared"],"picked":"Phantasmal Killer","floor":10},{"not_picked":["Draining Mist","Prepared"],"picked":"Backflip","floor":11},{"not_picked":["Reflex","Poisoned Stab"],"picked":"Outmaneuver","floor":12},{"not_picked":["Outmaneuver","Bane"],"picked":"Quick Slash","floor":14},{"not_picked":["A Thousand Cuts","Die Die Die"],"picked":"Adrenaline","floor":16},{"not_picked":["Poisoned Stab","Terror+1"],"picked":"Cloak And Dagger+1","floor":18},{"not_picked":["Masterful Stab+1","Heel Hook+1"],"picked":"ReplayTheSpireMod:Shiv Toss+1","floor":20},{"not_picked":["Acrobatics","Outmaneuver"],"picked":"Dodge and Roll+1","floor":21},{"not_picked":["Predator","Concentrate+1"],"picked":"Blade Dance","floor":24},{"not_picked":["Leg Sweep","Deflect","Dodge and Roll+1"],"picked":"Catalyst+1","floor":27},{"not_picked":["Dagger Spray","Slice","Quick Slash"],"picked":"Setup+1","floor":28},{"not_picked":["PiercingWail","Heel Hook","Dodge and Roll"],"picked":"Poisoned Stab+1","floor":29},{"not_picked":["Distraction","Cloak And Dagger+1","Poisoned Stab+1"],"picked":"ReplayTheSpireMod:Scrap Shanks","floor":30},{"not_picked":["Prepared","All Out Attack","Hidden Blade+1"],"picked":"Corpse Explosion","floor":31}],"player_experience":560844,"relics_obtained":[{"floor":7,"key":"Girya"},{"floor":9,"key":"Matryoshka"},{"floor":10,"key":"MealTicket"},{"floor":12,"key":"Peace Pipe"},{"floor":22,"key":"Enchiridion"},{"floor":24,"key":"Question Card"},{"floor":26,"key":"Grinning Jar"},{"floor":26,"key":"Meat on the Bone"},{"floor":27,"key":"Whetstone"}],"event_choices":[{"damage_healed":0,"gold_gain":0,"player_choice":"Entered Light","damage_taken":15,"max_hp_gain":0,"max_hp_loss":0,"event_name":"Shining Light","floor":2,"gold_loss":0,"cards_upgraded":["Defend_G","Strike_G"]},{"damage_healed":19,"gold_gain":0,"player_choice":"Healed","damage_taken":0,"max_hp_gain":0,"max_hp_loss":0,"event_name":"The Cleric","floor":4,"gold_loss":35},{"damage_healed":0,"gold_gain":0,"player_choice":"Simplicity","damage_taken":0,"max_hp_gain":0,"max_hp_loss":0,"event_name":"Back to Basics","floor":19,"gold_loss":0,"cards_upgraded":["Strike_G","Strike_G","Strike_G","Strike_G","Defend_G","Defend_G","Defend_G","Defend_G"]},{"damage_healed":0,"gold_gain":0,"player_choice":"Obtained Book","damage_taken":16,"max_hp_gain":0,"max_hp_loss":0,"event_name":"Cursed Tome","floor":22,"gold_loss":0}],"is_beta":false,"boss_relics":[{"not_picked":["ReplayTheSpireMod:DimensionalGlitch","Cursed Key"],"picked":"WristBlade"}],"items_purged_floors":[],"is_endless":false,"potions_floor_spawned":[7,10,14,16,18,27,28],"killed_by":"Automaton","ascension_level":5}}