{"host":"o5jvvi5yapo90aia","time":1609822081,"event":{"mods":["BaseMod","CapriCore","Minty Spire (QoL Compilation)","MostiFishMod","Prisma Mod","Spicy Shops","StSLib","TestMod","The Immortal","Yakumo Yukari mod","【人物mod】游戏王New YuGiOh mod","【功能Mod】Neow奖励"],"gold_per_floor":[117,192,92,92,92,103,103,132,157,157,175,194,223,236,236,315,315,331,346,346,280,280,333,333,387,467,1091,1091,1747,1659,1677,1677,2974,2974,3594,3603,4218,4833,4842,5476,5495,5495,5495,5495,5504,6139,6148,6770,6770,6777,6797,6797,6797,6806,6837,6845],"floor_reached":57,"playtime":2959,"items_purged":["Doubt","Strike_R","Strike_R","Defend_R","Defend_R+1"],"score":3756,"play_id":"1edbf669-44c9-4a76-bbd6-04bbe39121da","local_time":"20210105124801","is_ascension_mode":true,"campfire_choices":[{"data":"MostiFishMod:PerfectForm","floor":7.0,"key":"SMITH"},{"data":"Feel No Pain","floor":10.0,"key":"SMITH"},{"data":"Bash+1","floor":15.0,"key":"PURGE"},{"data":"MostiFishMod:Neurotoxin","floor":24,"key":"SMITH"},{"data":"Dark Embrace","floor":28,"key":"SMITH"},{"data":"Defend_R","floor":32,"key":"PURGE"},{"data":"Burning Pact","floor":42,"key":"SMITH"},{"floor":49,"key":"RECALL"},{"data":"MostiFishMod:DeathFromBelow","floor":53,"key":"SMITH"}],"circlet_count":0,"master_deck":["AscendersBane","testmod-Superconductor+1","MostiFishMod:PerfectForm+1","Feel No Pain+1","Impervious","MostiFishMod:Neurotoxin+1","Entrench","Dark Embrace+1","MostiFishMod:DeathFromBelow+1","Burning Pact+1","Shrug It Off+1","PrismaMod:IllyaGrail","testmod-RepeatForm","testmod-Reproduce","testmod-FightingIntention"],"relics":["DaveBox","testmod-TestBox","testmod-Temperance","DiscerningMonocle","testmod-HeartOfDaVinci","Blood Vial","Thread and Needle","testmod-Maize","Frozen Eye","Technique","Whetstone","Dream Catcher","BirthdayGift-Icosahedron","testmod-Antiphasic","Blue Candle","Toolbox","testmod-ConstraintPeriapt","Mummified Hand","Lantern","ThornShield","HoveringKite","Ancient Tea Set","testmod-TheFather","CeramicFish","TheEssenceOfRealm","War Paint","GremlinMask","Matryoshka","Symbiotic Virus","Meat on the Bone","HornCleat","Snake Skull","Membership Card","Pen Nib","ArrowTower","Kunai","Brimstone","testmod-NegativeEmotionEnhancer","Turnip","Toy Ornithopter","Mercury Hourglass","HandDrill","PrismaticShard","Tough Bandages","DianPoetry","Potion Belt","Strawberry","testmod-Acrobat","White Beast Statue","testmod-IntensifyImprint","Juzu Bracelet","Strange Spoon","Cauldron","OrangePellets","FossilizedHelix","testmod-OneHitWonder","CombinedTypeHook","Self Forming Clay","CaptainsWheel"],"acts_visited":["Exordium","TheCity","TheBeyond","TheEnding"],"potions_floor_usage":[55,55,56,56,56,56],"damage_taken":[{"damage":36.0,"enemies":"Small Slimes","floor":1.0,"turns":5.0},{"damage":0.0,"enemies":"Cultist","floor":6.0,"turns":1.0},{"damage":0.0,"enemies":"Gremlin Nob","floor":8.0,"turns":2.0},{"damage":0.0,"enemies":"Jaw Worm","floor":11.0,"turns":1.0},{"damage":0.0,"enemies":"Looter","floor":12.0,"turns":2.0},{"damage":0.0,"enemies":"3 Sentries","floor":13.0,"turns":2.0},{"damage":0.0,"enemies":"Blue Slaver","floor":14.0,"turns":2.0},{"damage":1.0,"enemies":"The Guardian","floor":16.0,"turns":4.0},{"damage":0,"enemies":"Shell Parasite","floor":18,"turns":2},{"damage":0,"enemies":"3 Byrds","floor":19,"turns":2},{"damage":0,"enemies":"Slavers","floor":23,"turns":1},{"damage":0,"enemies":"Gremlin Leader","floor":25,"turns":2},{"damage":0,"enemies":"3 Cultists","floor":27,"turns":1},{"damage":0,"enemies":"Book of Stabbing","floor":29,"turns":2},{"damage":1,"enemies":"Snecko","floor":31,"turns":2},{"damage":0,"enemies":"Automaton","floor":33,"turns":4},{"damage":0,"enemies":"3 Darklings","floor":35,"turns":1},{"damage":0,"enemies":"Orb Walker","floor":37,"turns":1},{"damage":0,"enemies":"Maw","floor":38,"turns":4},{"damage":0,"enemies":"Giant Head","floor":40,"turns":2},{"damage":0,"enemies":"Jaw Worm Horde","floor":41,"turns":1},{"damage":0,"enemies":"Nemesis","floor":46,"turns":1},{"damage":0,"enemies":"Sphere and 2 Shapes","floor":48,"turns":1},{"damage":0,"enemies":"Donu and Deca","floor":50,"turns":1},{"damage":0,"enemies":"Awakened One","floor":51,"turns":2},{"damage":0,"enemies":"Shield and Spear","floor":55,"turns":1},{"damage":0,"enemies":"The Heart","floor":56,"turns":1}],"seed_played":"-5082888696450625095","potions_obtained":[{"floor":12.0,"key":"testmod-TestPotion"},{"floor":35,"key":"Weak Potion"},{"floor":46,"key":"Ancient Potion"},{"floor":55,"key":"FearPotion"}],"is_trial":false,"path_per_floor":["M","?","$","?","$","M","R","E","T","R","M","M","E","M","R","B",null,"M","M","$","?","?","E","R","E","T","M","R","E","$","M","R","B",null,"M","?","M","M","$","E","M","R","T","?","?","E","$","M","R","B","B",null,"R","$","E","B",null],"character_chosen":"IRONCLAD","items_purchased":["Blood Vial","Thread and Needle","testmod-Maize","Frozen Eye","Explosive Potion","AttackPotion","testmod-Superconductor","Technique","Whetstone","Dream Catcher","BirthdayGift-Icosahedron","testmod-Antiphasic","Blue Candle","Toolbox","testmod-ConstraintPeriapt","MostiFishMod:PerfectForm","Feel No Pain","Ancient Tea Set","testmod-TheFather","CeramicFish","TheEssenceOfRealm","War Paint","Membership Card","Pen Nib","ArrowTower","Kunai","Brimstone","Turnip","Toy Ornithopter","Mercury Hourglass","HandDrill","PrismaticShard","Tough Bandages","testmod-Acrobat","White Beast Statue","testmod-IntensifyImprint","Juzu Bracelet","Strange Spoon","Cauldron","testmod-Reproduce","testmod-TestPotion","testmod-EscapePotion","EntropicBrew","OrangePellets","FossilizedHelix","testmod-OneHitWonder","CombinedTypeHook","Self Forming Clay","testmod-FightingIntention"],"campfire_rested":0,"item_purchase_floors":[3,3,3,3,3,3,3,3,3,5,5,5,5,5,5,5,5,20,20,20,20,20,30,30,30,30,30,39,39,39,39,39,39,47,47,47,47,47,47,47,47,47,47,54,54,54,54,54,54],"current_hp_per_floor":[33,22,22,22,22,27,27,32,32,32,36,41,48,52,52,57,71,75,75,75,75,75,75,75,75,75,75,75,75,75,75,75,75,75,76,76,77,78,78,79,80,80,80,76,66,80,80,85,85,86,87,87,87,87,88,89],"gold":6845,"neow_bonus":"BOSS_RELIC","is_daily":false,"chose_seed":false,"campfire_upgraded":6,"win_rate":0.0,"timestamp":1609822081,"path_taken":["M","?","$","?","$","M","R","E","T","R","M","M","E","M","R","BOSS","M","M","$","?","?","E","R","E","T","M","R","E","$","?","R","BOSS","M","?","M","M","$","E","M","R","T","?","?","E","$","M","R","BOSS","BOSS","R","$","E","BOSS"],"items_purchased_type":["Relic","Relic","Relic","Relic","Potion","Potion","Card","Relic","Relic","Relic","Relic","Relic","Relic","Relic","Relic","Card","Card","Relic","Relic","Relic","Relic","Relic","Relic","Relic","Relic","Relic","Relic","Relic","Relic","Relic","Relic","Relic","Relic","Relic","Relic","Relic","Relic","Relic","Relic","Card","Potion","Potion","Potion","Relic","Relic","Relic","Relic","Relic","Card"],"build_version":"2020-12-22","purchased_purges":5,"victory":true,"max_hp_per_floor":[75,75,75,75,75,75,75,75,75,75,75,75,75,75,75,75,75,75,75,75,75,75,75,75,75,75,75,75,75,75,75,75,75,75,76,76,77,78,78,79,80,80,80,76,76,84,84,85,85,86,87,87,87,87,88,89],"card_choices":[{"not_picked":["Anger","Pummel","Spot Weakness"],"picked":"SKIP","floor":1.0},{"not_picked":["MostiFishMod:#F4004","Iron Wave","Havoc"],"picked":"SKIP","floor":6.0},{"not_picked":["Thunderclap","Perfected Strike","Heavy Blade"],"picked":"SKIP","floor":8.0},{"not_picked":["Body Slam","Cleave","Heavy Blade"],"picked":"SKIP","floor":11.0},{"not_picked":["True Grit","Armaments","Twin Strike"],"picked":"SKIP","floor":12.0},{"not_picked":["Power Through","Reckless Charge","Warcry"],"picked":"SKIP","floor":13.0},{"not_picked":["MostiFishMod:#F4004","Thunderclap"],"picked":"Shockwave","floor":14.0},{"not_picked":["MostiFishMod:FireWorks","MostiFishMod:FlyOverUtopia"],"picked":"Impervious","floor":16.0},{"not_picked":["Iron Wave","Fire Breathing","Inflame"],"picked":"SKIP","floor":18},{"not_picked":["Intimidate","Infernal Blade"],"picked":"Entrench","floor":19},{"not_picked":["Rage","Infernal Blade"],"picked":"Dark Embrace","floor":23},{"not_picked":["Anger","MostiFishMod:Mania","Cleave"],"picked":"SKIP","floor":25},{"not_picked":["Infernal Blade","Battle Trance","Cleave+1"],"picked":"SKIP","floor":27},{"not_picked":["Hemokinesis","Body Slam"],"picked":"Burning Pact","floor":29},{"not_picked":["Cleave","Sever Soul","Wild Strike"],"picked":"SKIP","floor":31},{"not_picked":["Combust","Anger","Flex"],"picked":"SKIP","floor":35},{"not_picked":["Spot Weakness","Anger"],"picked":"Shrug It Off+1","floor":36},{"not_picked":["Body Slam+1","Sword Boomerang","Seeing Red"],"picked":"SKIP","floor":37},{"not_picked":["Anger","Feel No Pain","Clothesline"],"picked":"SKIP","floor":38},{"not_picked":["Weave","MokouMod:BlazingComet","PrismaMod:IllyaCommandSeal"],"picked":"SKIP","floor":40},{"not_picked":["MokouMod:ScorchingColumn","MokouMod:IgnitionBarrier"],"picked":"PrismaMod:IllyaGrail","floor":41},{"not_picked":["testmod-TradeIn","testmod-WeaknessCounterattack"],"picked":"testmod-RepeatForm","floor":45},{"not_picked":["Flechettes+1","Burning Pact","MokouMod:IndiscriminateIgnition"],"picked":"SKIP","floor":46},{"not_picked":["Shrug It Off","CrushJoints","Gash"],"picked":"SKIP","floor":48},{"not_picked":["Mirror_FormAndEmptin_purple","Line_surface_state_purple","Sword Boomerang"],"picked":"SKIP","floor":55}],"player_experience":1378529,"relics_obtained":[{"floor":8.0,"key":"Mummified Hand"},{"floor":9.0,"key":"Lantern"},{"floor":13.0,"key":"ThornShield"},{"floor":23,"key":"Matryoshka"},{"floor":25,"key":"Symbiotic Virus"},{"floor":26,"key":"Meat on the Bone"},{"floor":26,"key":"HornCleat"},{"floor":29,"key":"Snake Skull"},{"floor":40,"key":"DianPoetry"},{"floor":43,"key":"Potion Belt"},{"floor":46,"key":"Strawberry"},{"floor":55,"key":"CaptainsWheel"}],"event_choices":[{"damage_healed":0.0,"max_hp_gain":0.0,"max_hp_loss":0.0,"gold_gain":75.0,"event_name":"World of Goop","player_choice":"Gather Gold","floor":2.0,"gold_loss":0.0,"damage_taken":11.0},{"damage_healed":0.0,"max_hp_gain":0.0,"max_hp_loss":0.0,"gold_gain":0.0,"event_name":"Match and Keep!","player_choice":"0 cards matched","floor":4.0,"gold_loss":0.0,"damage_taken":0.0,"cards_obtained":[]},{"damage_healed":0,"gold_gain":0,"player_choice":"Trade","damage_taken":0,"relics_obtained":["GremlinMask"],"max_hp_gain":0,"max_hp_loss":0,"event_name":"FaceTrader","floor":22,"gold_loss":0},{"damage_healed":0,"gold_gain":0,"player_choice":"Swap Relic","damage_taken":0,"relics_obtained":["Orrery"],"max_hp_gain":0,"max_hp_loss":0,"event_name":"给自己的盒子","floor":36,"relics_lost":["Orrery"],"gold_loss":0},{"damage_healed":0,"gold_gain":0,"player_choice":"Max HP","damage_taken":0,"max_hp_gain":0,"max_hp_loss":4,"event_name":"Winding Halls","floor":44,"gold_loss":0},{"damage_healed":0,"gold_gain":0,"player_choice":"Memory 3","damage_taken":10,"max_hp_gain":0,"max_hp_loss":0,"event_name":"SensoryStone","floor":45,"gold_loss":0}],"is_beta":false,"boss_relics":[{"not_picked":["Cursed Key","Velvet Choker"],"picked":"HoveringKite"},{"not_picked":["RhineFirstAidKit","testmod-TimeTraveler"],"picked":"testmod-NegativeEmotionEnhancer"}],"items_purged_floors":[3,3,5,20,30],"is_endless":false,"potions_floor_spawned":[11,12,14,23,35,38,46,48,55],"ascension_level":20}}