{"host":"ormi09wwzv7sq47a","time":1609875893,"event":{"mods":["2.2 Compatiblity","AchievementEnabler","Act Like it!","BaseMod","Bestiary","Better Altar","Better Note","Better Sensory Stone","Better Skull","Better Third Choice","Better Vampires","BetterRewards","Block Reminder","Card Forge","Colored Map","Colored Powertips","Curses Come First","DeckTracker","Downfall","Highlight Path","Minty Spire (QoL Compilation)","Permanent Neow","Quick Restart","Rare Cards Sparkle","Relic Stats","Shop Mod","StSLib","The Jungle"],"gold_per_floor":[113,113,127,1,1,1,27,27,52,52,64,64,97,107,107,209,209,221,231,19,39,56,56,71,71,71,82,7,7,24,43,43,144,144,164,16,16,33,45,45,72,86,86,103,28,28,28,39,39,39],"floor_reached":51,"playtime":5408,"items_purged":["hexamod:Strike","hexamod:Strike","hexamod:Strike"],"score":1046,"play_id":"543eebd9-57ff-44a0-8279-ba97c5935da5","local_time":"20210105174453","is_ascension_mode":true,"campfire_choices":[{"data":"hexamod:Float","floor":6.0,"key":"SMITH"},{"data":"hexamod:RadiantFlame","floor":8.0,"key":"SMITH"},{"data":"hexamod:ExtraCrispy","floor":15.0,"key":"SMITH"},{"data":"hexamod:SearingWound","floor":23.0,"key":"SMITH"},{"data":"hexamod:Again","floor":25.0,"key":"SMITH"},{"floor":29.0,"key":"REST"},{"floor":32.0,"key":"REST"},{"data":"hexamod:RadiantFlame","floor":40.0,"key":"SMITH"},{"floor":46,"key":"REST"},{"floor":49,"key":"REST"}],"circlet_count":0,"master_deck":["hexamod:Defend","hexamod:Defend","hexamod:Defend","hexamod:Sear","hexamod:Float+1","hexamod:CatchUp","Impatience","Thinking Ahead","hexamod:SpectralSpark","hexamod:Again+1","hexamod:DynamicBlow","hexamod:RadiantFlame+1","hexamod:FastForward","hexamod:ExtraCrispy+1","hexamod:AdvancingGuard","hexamod:SearingWound+1","CurseOfTheBell","hexamod:HauntingEcho","hexamod:GhostOfSpirePast","hexamod:Haunt+1","hexamod:ExtraCrispy","hexamod:PowerFromBeyond+1","hexamod:RadiantFlame+1","hexamod:CatchUp+1","hexamod:Hexaguard+1","hexamod:Incineration+1"],"relics":["hexamod:SpiritBrand","Hammer of Thor","Seething Fire","Anvil of the Gods","Membership Card","Ginger","Toy Ornithopter","hexamod:MatchstickCase","Happy Flower","Calling Bell","Oddly Smooth Stone","Mercury Hourglass","Dead Branch","hexamod:RecyclingMachine","Strawberry","Singing Bowl","Bag of Preparation","Sozu","Mango","Nunchaku","ClockworkSouvenir"],"acts_visited":["Exordium","TheCity","TheBeyond"],"potions_floor_usage":[50],"damage_taken":[{"damage":2.0,"enemies":"Jaw Worm","floor":1.0,"turns":3.0},{"damage":0.0,"enemies":"Cultist","floor":3.0,"turns":3.0},{"damage":4.0,"enemies":"Lagavulin","floor":7.0,"turns":6.0},{"damage":0.0,"enemies":"2 Louse","floor":11.0,"turns":2.0},{"damage":4.0,"enemies":"3 Sentries","floor":13.0,"turns":5.0},{"damage":0.0,"enemies":"2 Fungi Beasts","floor":14.0,"turns":3.0},{"damage":30.0,"enemies":"Hexaghost","floor":16.0,"turns":9.0},{"damage":17.0,"enemies":"3 Byrds","floor":18.0,"turns":4.0},{"damage":16.0,"enemies":"2 Thieves","floor":19.0,"turns":5.0},{"damage":0.0,"enemies":"Cultist and Chosen","floor":21.0,"turns":5.0},{"damage":8.0,"enemies":"3 Cultists","floor":22.0,"turns":3.0},{"damage":8.0,"enemies":"Centurion and Healer","floor":24.0,"turns":4.0},{"damage":15.0,"enemies":"Snecko","floor":27.0,"turns":5.0},{"damage":6.0,"enemies":"Snake Plant","floor":30.0,"turns":3.0},{"damage":5.0,"enemies":"Centurion and Healer","floor":31.0,"turns":3.0},{"damage":5.0,"enemies":"Automaton","floor":33.0,"turns":8.0},{"damage":28.0,"enemies":"3 Darklings","floor":35.0,"turns":4.0},{"damage":2.0,"enemies":"3 Shapes","floor":38.0,"turns":3.0},{"damage":12.0,"enemies":"Writhing Mass","floor":39.0,"turns":3.0},{"damage":18.0,"enemies":"Giant Head","floor":41.0,"turns":6.0},{"damage":39,"enemies":"Transient","floor":42,"turns":5},{"damage":1,"enemies":"Sphere and 2 Shapes","floor":44,"turns":3},{"damage":3,"enemies":"4 Shapes","floor":48,"turns":4},{"damage":37,"enemies":"Time Eater","floor":50,"turns":7}],"seed_played":"-2332836941878834266","potions_obtained":[{"floor":1.0,"key":"Explosive Potion"},{"floor":12.0,"key":"AttackPotion"},{"floor":24.0,"key":"LiquidBronze"},{"floor":27.0,"key":"SpeedPotion"},{"floor":33.0,"key":"AttackPotion"}],"is_trial":false,"path_per_floor":["M","?","M","$","?","R","E","R","T","?","M","?","E","M","R","B",null,"M","M","$","M","M","R","M","R","T","M","$","R","M","M","R","B",null,"M","$","?","M","M","R","E","M","T","M","$","R","?","M","R","B",null],"character_chosen":"THE_SPIRIT","items_purchased":["Membership Card","hexamod:CatchUp","Impatience","Thinking Ahead","Energy Potion","Ancient Potion","hexamod:Again","hexamod:DynamicBlow","hexamod:RecyclingMachine","Strawberry","Bag of Preparation","Mango","ClockworkSouvenir"],"campfire_rested":4,"item_purchase_floors":[0,0,0,0,0,0,4,4,20,20,28,36,45],"current_hp_per_floor":[61,61,61,61,54,54,50,50,50,70,70,70,70,70,70,40,70,53,37,44,44,36,36,28,28,28,15,15,38,32,27,50,57,81,55,69,69,67,57,57,41,2,2,3,3,33,33,30,60,28],"gold":39,"neow_bonus":"","is_daily":false,"chose_seed":false,"campfire_upgraded":6,"win_rate":0.0,"timestamp":1609875893,"path_taken":["M","?","?","$","?","R","E","R","T","?","?","?","E","M","R","BOSS","M","M","$","M","M","R","M","R","T","M","$","R","M","?","R","BOSS","M","$","?","M","M","R","E","?","T","M","$","R","?","M","R","BOSS"],"items_purchased_type":["Relic","Card","Card","Card","Potion","Potion","Card","Card","Relic","Relic","Relic","Relic","Relic"],"build_version":"2020-12-22","purchased_purges":3,"victory":true,"max_hp_per_floor":[70,70,70,70,70,70,70,70,70,70,70,70,70,70,70,70,70,70,70,77,77,77,77,77,77,77,79,79,79,79,79,79,81,81,83,97,97,97,99,99,101,101,101,103,103,103,103,103,103,103],"relic_stats":{"Sozu":2,"Nunchaku":[13],"Happy Flower":[29],"Singing Bowl":24,"counters":[48,190],"Dead Branch":[148],"Bag of Preparation":[62],"Ginger":[5],"obtain_stats":[{"Lantern":34,"Singing Bowl":26,"Mango":36,"Hammer of Thor":0,"Bag of Preparation":4,"Ginger":0,"Cursed Key":0,"Old Coin":6,"ClockworkSouvenir":45,"Blood Vial":41,"Sozu":34,"Nunchaku":7,"Shovel":42,"Pantograph":9,"Strawberry":20,"Philosopher\u0027s Stone":17,"MealTicket":37,"hexamod:RecyclingMachine":20,"hexamod:SpiritBrand":0,"InkBottle":46,"Happy Flower":13,"Dead Branch":17,"Oddly Smooth Stone":17,"Eternal Feather":34,"Pen Nib":28,"Omamori":19,"Seething Fire":0,"hexamod:MatchstickCase":30,"Mercury Hourglass":17,"Calling Bell":34,"Peace Pipe":34,"Anvil of the Gods":0,"Bloody Idol":24,"Nloth\u0027s Gift":31,"Membership Card":0,"Toy Ornithopter":7,"Pocketwatch":39},{"Lantern":16,"Singing Bowl":12,"Mango":41,"Hammer of Thor":1,"Bag of Preparation":4,"Ginger":24,"Cursed Key":1,"Old Coin":5,"ClockworkSouvenir":46,"Blood Vial":19,"Sozu":40,"Nunchaku":5,"Shovel":20,"Pantograph":6,"Strawberry":33,"Philosopher\u0027s Stone":9,"MealTicket":17,"hexamod:RecyclingMachine":33,"hexamod:SpiritBrand":0,"InkBottle":23,"Happy Flower":29,"Dead Branch":31,"Oddly Smooth Stone":31,"Eternal Feather":16,"Pen Nib":13,"Omamori":10,"Seething Fire":1,"hexamod:MatchstickCase":15,"Mercury Hourglass":31,"Calling Bell":16,"Peace Pipe":16,"Anvil of the Gods":1,"Bloody Idol":12,"Nloth\u0027s Gift":15,"Membership Card":24,"Toy Ornithopter":27,"Pocketwatch":18},{"Lantern":51,"Singing Bowl":34,"Mango":159,"Hammer of Thor":1,"Bag of Preparation":10,"Ginger":85,"Cursed Key":1,"Old Coin":13,"ClockworkSouvenir":179,"Blood Vial":66,"Sozu":156,"Nunchaku":13,"Shovel":69,"Pantograph":16,"Strawberry":125,"Philosopher\u0027s Stone":25,"MealTicket":55,"hexamod:RecyclingMachine":125,"hexamod:SpiritBrand":0,"InkBottle":81,"Happy Flower":104,"Dead Branch":116,"Oddly Smooth Stone":116,"Eternal Feather":51,"Pen Nib":38,"Omamori":28,"Seething Fire":1,"hexamod:MatchstickCase":44,"Mercury Hourglass":116,"Calling Bell":51,"Peace Pipe":51,"Anvil of the Gods":1,"Bloody Idol":34,"Nloth\u0027s Gift":44,"Membership Card":85,"Toy Ornithopter":97,"Pocketwatch":60}],"Toy Ornithopter":19,"Mercury Hourglass":[357]},"card_choices":[{"not_picked":["hexamod:AdvancingGuard","hexamod:HeatMetal"],"picked":"hexamod:SpectralSpark","floor":1.0},{"not_picked":["hexamod:RainOfEmbers","hexamod:DynamicBlow","hexamod:ShieldOfDarkness"],"picked":"SKIP","floor":3.0},{"not_picked":["hexamod:FirstSeal","hexamod:ThermalTransfer"],"picked":"hexamod:RadiantFlame","floor":7.0},{"not_picked":["hexamod:RecurringNightmare","hexamod:SpectersWail"],"picked":"hexamod:FastForward","floor":11.0},{"not_picked":["hexamod:HeatMetal","hexamod:RetreatToShadows"],"picked":"hexamod:ExtraCrispy","floor":13.0},{"not_picked":["hexamod:InspiringFlames","hexamod:BurningTouch"],"picked":"hexamod:AdvancingGuard","floor":14.0},{"not_picked":["hexamod:FifthSeal","hexamod:TimeOfNeed"],"picked":"hexamod:SearingWound","floor":16.0},{"not_picked":["hexamod:BacktrackSmack+1","hexamod:AdvancingGuard"],"picked":"hexamod:HauntingEcho","floor":18.0},{"not_picked":["hexamod:HauntingEcho+1","hexamod:RainOfEmbers+1"],"picked":"hexamod:GhostOfSpirePast","floor":19.0},{"not_picked":["hexamod:HauntingEcho","hexamod:GhostLash"],"picked":"hexamod:Haunt+1","floor":21.0},{"not_picked":["hexamod:SpectersWail","hexamod:AdvancingGuard","hexamod:Firestarter"],"picked":"SKIP","floor":22.0},{"not_picked":["hexamod:BacktrackSmack+1","hexamod:ShieldOfDarkness"],"picked":"hexamod:ExtraCrispy","floor":24.0},{"not_picked":["hexamod:SpectralSpark","hexamod:HauntingEcho+1","hexamod:ThermalTransfer"],"picked":"Singing Bowl","floor":27.0},{"not_picked":["hexamod:SixthSeal","hexamod:SoulSteal"],"picked":"hexamod:PowerFromBeyond+1","floor":30.0},{"not_picked":["hexamod:GhostLash","hexamod:CatchUp"],"picked":"hexamod:RadiantFlame","floor":31.0},{"not_picked":["hexamod:SearingWound","hexamod:EmpoweringStance","hexamod:TurnItUp"],"picked":"Singing Bowl","floor":33.0},{"not_picked":["hexamod:ShieldOfDarkness+1","hexamod:SkipABeat+1","hexamod:DynamicBlow+1"],"picked":"Singing Bowl","floor":35.0},{"not_picked":["hexamod:GhostLash+1","hexamod:ThermalTransfer"],"picked":"hexamod:CatchUp+1","floor":38.0},{"not_picked":["hexamod:ThirdSeal","hexamod:SwordOfDarkness+1","hexamod:GhostOfSpirePresent"],"picked":"Singing Bowl","floor":39.0},{"not_picked":["hexamod:GhostShield","hexamod:EtherealExpedition+1","hexamod:ThermalTransfer"],"picked":"Singing Bowl","floor":41},{"not_picked":["hexamod:SwordOfDarkness+1","hexamod:DynamicBlow"],"picked":"hexamod:Hexaguard+1","floor":42},{"not_picked":["hexamod:Haunt","hexamod:BacktrackSmack+1","hexamod:SixthSeal"],"picked":"Singing Bowl","floor":44},{"not_picked":["hexamod:Firestarter","hexamod:PhantomCloak"],"picked":"hexamod:Incineration+1","floor":48}],"player_experience":874897,"relics_obtained":[{"floor":7.0,"key":"Toy Ornithopter"},{"floor":9.0,"key":"hexamod:MatchstickCase"},{"floor":13.0,"key":"Happy Flower"},{"floor":17.0,"key":"Oddly Smooth Stone"},{"floor":17.0,"key":"Mercury Hourglass"},{"floor":17.0,"key":"Dead Branch"},{"floor":26.0,"key":"Singing Bowl"},{"floor":41,"key":"Nunchaku"}],"event_choices":[{"damage_healed":0.0,"max_hp_gain":0.0,"max_hp_loss":0.0,"gold_gain":0.0,"event_name":"Match and Keep!","player_choice":"0 cards matched","floor":2.0,"gold_loss":0.0,"damage_taken":0.0,"cards_obtained":[]},{"cards_removed":["hexamod:Defend"],"damage_healed":0.0,"max_hp_gain":0.0,"max_hp_loss":0.0,"gold_gain":0.0,"event_name":"Golden Wing","player_choice":"Card Removal","floor":5.0,"gold_loss":0.0,"damage_taken":7.0},{"damage_healed":20.0,"max_hp_gain":0.0,"max_hp_loss":0.0,"gold_gain":0.0,"event_name":"Wheel of Change","player_choice":"Full Heal","floor":10.0,"gold_loss":0.0,"damage_taken":0.0},{"damage_healed":0.0,"max_hp_gain":0.0,"max_hp_loss":0.0,"gold_gain":0.0,"event_name":"Lab","player_choice":"Got Potions","floor":12.0,"gold_loss":0.0,"damage_taken":0.0},{"cards_removed":["hexamod:Strike"],"damage_healed":0.0,"max_hp_gain":0.0,"max_hp_loss":0.0,"gold_gain":0.0,"event_name":"Purifier","player_choice":"Purged","floor":37.0,"gold_loss":0.0,"damage_taken":0.0}],"is_beta":false,"boss_relics":[{"not_picked":["Ectoplasm","Busted Crown"],"picked":"Calling Bell"},{"not_picked":["Runic Pyramid","Pandora\u0027s Box"],"picked":"Sozu"}],"items_purged_floors":[0,4,20],"is_endless":false,"potions_floor_spawned":[1,3,24,27,30,33,35,41],"ascension_level":3}}