{"host":"94aus4jnk6thj94q","time":1609883141,"event":{"mods":["BaseMod","Minty Spire (QoL Compilation)","Quick Restart","StSLib"],"gold_per_floor":[13,33,51,51,51,51,51,82,159,159,173,187,214,230,230,332,332,350,362,378,395,395,395],"floor_reached":22,"playtime":26109,"items_purged":[],"score":200,"play_id":"846661b3-10e3-407b-bf71-67a51d0f114c","local_time":"20210105234541","is_ascension_mode":false,"campfire_choices":[{"floor":6,"key":"REST"},{"floor":10,"key":"REST"},{"floor":15,"key":"REST"}],"circlet_count":0,"master_deck":["Strike_B","Strike_B","Strike_B+1","Strike_B","Defend_B","Defend_B","Defend_B","Defend_B","Zap","Dualcast+1","Coolheaded","Ball Lightning","Ball Lightning","Doom and Gloom","Redo","Ball Lightning","Blizzard","Rainbow","Conserve Battery","Double Energy+1","Conserve Battery+1"],"relics":["Cracked Core","Regal Pillow","Mummified Hand","TungstenRod","Busted Crown"],"acts_visited":["Exordium","TheCity"],"potions_floor_usage":[8,13,18,20],"damage_taken":[{"damage":0,"enemies":"Small Slimes","floor":1,"turns":2},{"damage":3,"enemies":"2 Louse","floor":2,"turns":3},{"damage":0,"enemies":"Cultist","floor":3,"turns":3},{"damage":29,"enemies":"3 Sentries","floor":8,"turns":7},{"damage":3,"enemies":"Looter","floor":11,"turns":3},{"damage":10,"enemies":"3 Louse","floor":12,"turns":2},{"damage":36,"enemies":"Lagavulin","floor":13,"turns":4},{"damage":4,"enemies":"Lots of Slimes","floor":14,"turns":2},{"damage":23,"enemies":"The Guardian","floor":16,"turns":10},{"damage":0,"enemies":"Chosen","floor":18,"turns":3},{"damage":0,"enemies":"Spheric Guardian","floor":19,"turns":3},{"damage":31,"enemies":"Cultist and Chosen","floor":20,"turns":6},{"damage":17,"enemies":"Centurion and Healer","floor":21,"turns":4},{"damage":27,"enemies":"Shelled Parasite and Fungi","floor":22,"turns":4}],"seed_played":"-4685114100536509780","potions_obtained":[{"floor":1,"key":"Strength Potion"},{"floor":8,"key":"DuplicationPotion"},{"floor":12,"key":"SpeedPotion"},{"floor":14,"key":"SteroidPotion"},{"floor":19,"key":"AttackPotion"},{"floor":20,"key":"Dexterity Potion"}],"is_trial":false,"path_per_floor":["M","M","M","?","?","R","?","E","T","R","M","M","E","M","R","B",null,"M","M","M","M","M"],"character_chosen":"DEFECT","items_purchased":[],"campfire_rested":3,"item_purchase_floors":[],"current_hp_per_floor":[89,86,86,68,68,89,89,60,60,89,86,76,40,36,77,54,89,89,89,58,41,14,14],"gold":395,"neow_bonus":"TWENTY_PERCENT_HP_BONUS","is_daily":false,"chose_seed":false,"campfire_upgraded":0,"win_rate":0.0,"timestamp":1609883141,"path_taken":["M","M","M","?","?","R","?","E","T","R","M","M","E","M","R","BOSS","M","M","M","M","M"],"items_purchased_type":[],"build_version":"2020-12-22","purchased_purges":0,"victory":false,"max_hp_per_floor":[89,89,89,89,89,89,89,89,89,89,89,89,89,89,89,89,89,89,89,89,89,89,89],"card_choices":[{"not_picked":["Reinforced Body","Barrage"],"picked":"Coolheaded","floor":1},{"not_picked":["Double Energy","Rip and Tear"],"picked":"Ball Lightning","floor":2},{"not_picked":["Barrage","Heatsinks"],"picked":"Ball Lightning","floor":3},{"not_picked":["Cold Snap","BootSequence"],"picked":"Doom and Gloom","floor":8},{"not_picked":["Skim","Coolheaded"],"picked":"Redo","floor":11},{"not_picked":["Reprogram","Coolheaded"],"picked":"Ball Lightning","floor":12},{"not_picked":["Biased Cognition","Beam Cell","Streamline"],"picked":"SKIP","floor":13},{"not_picked":["Ball Lightning","Auto Shields"],"picked":"Blizzard","floor":14},{"not_picked":["Seek","Fission"],"picked":"Rainbow","floor":16},{"not_picked":[],"picked":"Conserve Battery","floor":18},{"not_picked":[],"picked":"Double Energy+1","floor":19},{"not_picked":["Turbo"],"picked":"SKIP","floor":20},{"not_picked":[],"picked":"Conserve Battery+1","floor":21}],"player_experience":5689990,"relics_obtained":[{"floor":8,"key":"Regal Pillow"},{"floor":9,"key":"Mummified Hand"},{"floor":13,"key":"TungstenRod"}],"event_choices":[{"damage_healed":0,"gold_gain":0,"player_choice":"Entered Light","damage_taken":18,"max_hp_gain":0,"max_hp_loss":0,"event_name":"Shining Light","floor":4,"gold_loss":0,"cards_upgraded":["Strike_B","Dualcast"]},{"damage_healed":0,"gold_gain":0,"player_choice":"Ignored","damage_taken":0,"max_hp_gain":0,"max_hp_loss":0,"event_name":"Golden Wing","floor":5,"gold_loss":0},{"damage_healed":0,"gold_gain":0,"player_choice":"Searched \u00270\u0027 times","damage_taken":0,"max_hp_gain":0,"max_hp_loss":0,"event_name":"Dead Adventurer","floor":7,"gold_loss":0}],"is_beta":false,"boss_relics":[{"not_picked":["Runic Pyramid","Black Star"],"picked":"Busted Crown"}],"items_purged_floors":[],"is_endless":false,"potions_floor_spawned":[1,8,12,14,19,20],"killed_by":"Shelled Parasite and Fungi","ascension_level":0}}