{"host":"akjsb4vg7478j4ls","time":1609805427,"event":{"mods":["BaseMod","Colored Map","Colored Powertips","Minty Spire (QoL Compilation)","Rare Cards Sparkle"],"gold_per_floor":[111,128,128,146,159,159,192,205,205,205,205,220,220,240,240,240,240],"floor_reached":16,"playtime":1336,"items_purged":[],"score":129,"play_id":"b705d819-14f4-4872-9614-816c5161a26c","local_time":"20210104221027","is_ascension_mode":false,"campfire_choices":[{"floor":6,"key":"REST"},{"floor":10,"key":"REST"},{"floor":13,"key":"RECALL"},{"floor":15,"key":"REST"}],"circlet_count":0,"master_deck":["Strike_G","Strike_G","Strike_G","Strike_G","Defend_G","Defend_G","Defend_G","Defend_G","Defend_G","Survivor","Neutralize","Poisoned Stab","Dodge and Roll","Wraith Form v2","Dagger Spray","Distraction","Deflect","Quick Slash","Deflect","Dagger Throw"],"relics":["SacredBark","Blood Vial","Kunai"],"acts_visited":["Exordium"],"potions_floor_usage":[7,7,7],"damage_taken":[{"damage":0,"enemies":"2 Louse","floor":1,"turns":5},{"damage":1,"enemies":"Cultist","floor":2,"turns":4},{"damage":0,"enemies":"Small Slimes","floor":4,"turns":3},{"damage":11,"enemies":"Gremlin Gang","floor":5,"turns":4},{"damage":0,"enemies":"3 Sentries","floor":7,"turns":12},{"damage":21,"enemies":"Exordium Wildlife","floor":8,"turns":8},{"damage":5,"enemies":"Looter","floor":12,"turns":4},{"damage":8,"enemies":"3 Louse","floor":14,"turns":3},{"damage":71,"enemies":"Hexaghost","floor":16,"turns":16}],"seed_played":"8633434608613297950","potions_obtained":[{"floor":2,"key":"PowerPotion"},{"floor":4,"key":"AttackPotion"},{"floor":5,"key":"PowerPotion"}],"is_trial":false,"path_per_floor":["M","M","?","M","M","R","E","M","T","R","?","M","R","M","R","B"],"character_chosen":"THE_SILENT","items_purchased":[],"campfire_rested":3,"item_purchase_floors":[],"current_hp_per_floor":[70,69,69,69,58,70,70,49,49,70,70,65,65,59,70,0,0],"gold":240,"neow_bonus":"BOSS_RELIC","is_daily":false,"chose_seed":false,"campfire_upgraded":0,"win_rate":0.0,"timestamp":1609805427,"path_taken":["M","M","?","?","M","R","E","M","T","R","?","M","R","M","R","BOSS"],"items_purchased_type":[],"build_version":"2020-12-22","purchased_purges":0,"victory":false,"max_hp_per_floor":[70,70,70,70,70,70,70,70,70,70,70,70,70,70,70,70,70],"card_choices":[{"not_picked":["Tactician","Choke"],"picked":"Poisoned Stab","floor":1},{"not_picked":["Deadly Poison","Acrobatics"],"picked":"Dodge and Roll","floor":2},{"not_picked":["Riddle With Holes","Deflect"],"picked":"Dagger Spray","floor":4},{"not_picked":["PiercingWail","Underhanded Strike"],"picked":"Distraction","floor":5},{"not_picked":["Noxious Fumes","Expertise"],"picked":"Deflect","floor":7},{"not_picked":["Unload","Backflip"],"picked":"Quick Slash","floor":8},{"not_picked":["Backflip","Dash"],"picked":"Deflect","floor":12},{"not_picked":["Bane","Escape Plan"],"picked":"Dagger Throw","floor":14}],"player_experience":100911,"relics_obtained":[{"floor":7,"key":"Blood Vial"},{"floor":9,"key":"Kunai"}],"event_choices":[{"damage_healed":0,"gold_gain":0,"cards_transformed":["Strike_G"],"player_choice":"Transformed","damage_taken":0,"max_hp_gain":0,"max_hp_loss":0,"event_name":"Transmorgrifier","floor":3,"gold_loss":0,"cards_obtained":["Wraith Form v2"]},{"damage_healed":0,"gold_gain":0,"player_choice":"Ignored","damage_taken":0,"max_hp_gain":0,"max_hp_loss":0,"event_name":"NoteForYourself","floor":11,"gold_loss":0}],"is_beta":false,"boss_relics":[],"items_purged_floors":[],"is_endless":false,"potions_floor_spawned":[2,4,5],"killed_by":"Hexaghost","ascension_level":0}}