{"host":"w9n1bnky47q512p1","time":1609849733,"event":{"mods":["Arknights The Spire","BaseMod","Bestiary","Block Reminder","Card Forge","Colored Powertips","Displayed Cursed Tome","Grow up Mod","Minty Spire (QoL Compilation)","Remove Card Discount Mod","StSLib","Uncapped","Waifu the Spire","??????REMEMod"],"gold_per_floor":[111,286,361,377,377,377,412,89,89,122,122,132,146,146,146,244,244,258,258,331,8,27,54,54,87,87,87,103,120,137,137,137,238,238,255,274,274,286,302,333,333,348,348,16,33,66,85,150,150,150,150,150,0,42,117],"floor_reached":56,"playtime":3764,"items_purged":[],"score":1357,"play_id":"0062c84d-b653-477d-9afa-c512ca84c8ae","local_time":"20210105192853","is_ascension_mode":false,"campfire_choices":[{"floor":6,"key":"RECALL"},{"floor":11,"key":"REST"},{"data":"ats:Calcification","floor":15,"key":"SMITH"},{"floor":24,"key":"REST"},{"floor":27,"key":"REST"},{"floor":32,"key":"REST"},{"floor":41,"key":"REST"},{"floor":49,"key":"REST"},{"floor":52,"key":"REST"}],"circlet_count":0,"master_deck":["ats:Strike C+1","ats:Strike G+1","ats:Strike S+1","ats:Strike V+1","ats:Armor Crushing Shot+1","ats:Defend+1","ats:Defend+1","ats:Defend+1","ats:Defend+1","ats:Emotion Absorption+1","ats:Calcification+1","ats:Closed Bolt Burst Fire+1","ats:Apocalypse+1","ats:Shell Defense+1","ats:Flexible Camouflage+1","ats:Thorns+1","ats:Revitalization+1","ats:Healing Drone+1","ats:Hammer On+1","ats:Powerful Strike+1","ats:Nebulous Foxfire+1","ats:Poison Spread+1","ats:Demon Strength+1","ats:Counter Healing Mode+1","ats:Shadow Assault+1","ats:Support Order+1","ats:Blood Oath+1","ats:Assault Order+1","ats:Ignite+1","ats:Calcification+1","ats:Childhood Dance+1","ats:Echo Reverb+1","ats:Consecutive Shot Auto+1","ats:Sword Rain+1","REME_FirmDetermination+1","REME_PuzzleBox+1","Flash of Steel+1","ats:Shell Defense+1","ats:Poison Spread+1","ats:Rapid Magazine+1","ats:Powerful Strike+1","ats:Directed Diagnosis+1","ats:Ignite+1","ats:Curse Doll+1","ats:Red Shift+1","ats:Revitalization+1","ats:Defend Order+1"],"relics":["ats:Sanity","Hammer of Thor","Seething Fire","Anvil of the Gods","REME_ComplimentaryCards","NeowsBlessing","ats:Originium","StoneCalendar","Lantern","REME_LimitBreaker","Sundial","Frozen Egg 2","SacredBark","HandDrill","Bronze Scales","Darkstone Periapt","Kunai","REME_ChargedStone","ats:Military Tradition","White Beast Statue","ats:Bonebreaker","Happy Flower","ats:Gyao","REME_PuzzleBoxRelic","ats:Emergency Defibrillator"],"acts_visited":["Exordium","TheCity","TheBeyond","TheEnding"],"potions_floor_usage":[23,23,25,35,40,46,50,50,50,55,55,55],"damage_taken":[{"damage":0,"enemies":"Cultist","floor":1,"turns":1},{"damage":0,"enemies":"2 Louse","floor":4,"turns":1},{"damage":0,"enemies":"Lagavulin","floor":7,"turns":1},{"damage":77,"enemies":"Gremlin Nob","floor":10,"turns":7},{"damage":0,"enemies":"Jaw Worm","floor":12,"turns":4},{"damage":2,"enemies":"Looter","floor":13,"turns":4},{"damage":18,"enemies":"The Guardian","floor":16,"turns":10},{"damage":10,"enemies":"Shell Parasite","floor":18,"turns":7},{"damage":19,"enemies":"3 Byrds","floor":22,"turns":4},{"damage":37,"enemies":"REME_1_Revenger","floor":23,"turns":4},{"damage":53,"enemies":"Gremlin Leader","floor":25,"turns":6},{"damage":59,"enemies":"3 Cultists","floor":28,"turns":6},{"damage":16,"enemies":"Snake Plant","floor":29,"turns":4},{"damage":36,"enemies":"Sentry and Sphere","floor":30,"turns":5},{"damage":114,"enemies":"Collector","floor":33,"turns":15},{"damage":23,"enemies":"3 Darklings","floor":35,"turns":6},{"damage":29,"enemies":"3 Shapes","floor":36,"turns":5},{"damage":15,"enemies":"3 Darklings","floor":38,"turns":3},{"damage":35,"enemies":"Spire Growth","floor":39,"turns":6},{"damage":55,"enemies":"Giant Head","floor":40,"turns":8},{"damage":22,"enemies":"Jaw Worm Horde","floor":42,"turns":4},{"damage":19,"enemies":"3 Darklings","floor":45,"turns":6},{"damage":49,"enemies":"Nemesis","floor":46,"turns":7},{"damage":28,"enemies":"4 Shapes","floor":47,"turns":6},{"damage":22,"enemies":"Mind Bloom Boss Battle","floor":48,"turns":7},{"damage":83,"enemies":"Awakened One","floor":50,"turns":8},{"damage":56,"enemies":"Shield and Spear","floor":54,"turns":6},{"damage":194,"enemies":"The Heart","floor":55,"turns":10}],"seed_played":"-1736064561996240313","potions_obtained":[{"floor":10,"key":"Energy Potion"},{"floor":12,"key":"LiquidBronze"},{"floor":18,"key":"Strength Potion"},{"floor":28,"key":"FearPotion"},{"floor":33,"key":"AttackPotion"},{"floor":39,"key":"Fire Potion"},{"floor":40,"key":"ColorlessPotion"},{"floor":42,"key":"CultistPotion"},{"floor":46,"key":"SmokeBomb"},{"floor":47,"key":"SteroidPotion"},{"floor":54,"key":"EntropicBrew"}],"is_trial":false,"path_per_floor":["M","?","?","M","?","R","E","$","T","E","R","M","M","T","R","B",null,"M","?","T","$","M","E","R","E","T","R","M","M","M","$","R","B",null,"M","M","?","M","M","E","R","M","T","$","M","E","M","?","R","B",null,"R","$","E","B",null],"character_chosen":"DOCTOR_CLASS","items_purchased":["Lantern","ats:Flexible Camouflage","ats:Thorns","ats:Revitalization","HandDrill","ats:Counter Healing Mode+1","ats:Shadow Assault","ats:Bonebreaker","ats:Directed Diagnosis","REME_PuzzleBoxRelic"],"campfire_rested":7,"item_purchase_floors":[8,8,8,8,21,21,21,44,44,53],"current_hp_per_floor":[92,102,101,111,121,131,141,151,161,109,173,191,204,214,224,231,252,262,272,282,292,283,265,322,297,307,352,314,322,309,319,402,338,422,420,414,414,409,412,374,492,488,498,508,513,498,506,515,572,519,592,602,612,587,491],"gold":117,"neow_bonus":"THREE_ENEMY_KILL","is_daily":false,"chose_seed":false,"campfire_upgraded":1,"win_rate":0.0,"timestamp":1609849733,"path_taken":["M","?","?","?","?","R","E","?","T","E","R","M","M","?","R","BOSS","M","?","?","$","M","E","R","E","T","R","M","?","M","$","R","BOSS","M","M","?","M","M","E","R","M","T","$","M","E","M","?","R","BOSS","R","$","E","BOSS"],"items_purchased_type":["Relic","Card","Card","Card","Relic","Card","Card","Relic","Card","Relic"],"build_version":"2020-12-22","purchased_purges":0,"victory":true,"max_hp_per_floor":[92,102,112,122,132,142,152,162,172,182,192,202,212,222,232,242,252,262,272,282,292,302,312,322,332,342,352,362,372,382,392,402,412,422,432,442,452,462,472,482,492,502,512,522,532,542,552,562,572,582,592,602,612,622,632],"card_choices":[{"not_picked":["ats:Overload","ats:Explosion Area Strengthen"],"picked":"ats:Closed Bolt Burst Fire","floor":1},{"not_picked":["ats:Ignite","ats:Composite Medical Shells"],"picked":"ats:Apocalypse","floor":4},{"not_picked":["ats:Poison Spread","ats:Ignite"],"picked":"ats:Shell Defense","floor":7},{"not_picked":["ats:Childhood Dance","ats:Thorns"],"picked":"ats:Healing Drone","floor":10},{"not_picked":["ats:Poison Spread","ats:Thermite Blade"],"picked":"ats:Hammer On","floor":12},{"not_picked":["ats:Cat Scratch","ats:Soul Absorption"],"picked":"ats:Powerful Strike","floor":13},{"not_picked":["ats:Disruption Kick","ats:Echo Reverb"],"picked":"ats:Nebulous Foxfire","floor":16},{"not_picked":["ats:Leaping Hammer","ats:Powerful Strike"],"picked":"ats:Poison Spread","floor":18},{"not_picked":["ats:Ignite","ats:Soul Absorption"],"picked":"ats:Support Order+1","floor":22},{"not_picked":["ats:Guardian Obelisk","ats:Steam Pump"],"picked":"ats:Blood Oath","floor":23},{"not_picked":["ats:Thermite Blade","ats:Blood Oath"],"picked":"ats:Assault Order","floor":25},{"not_picked":["ats:Healing Drone+1","ats:Flame Of Heaven"],"picked":"ats:Ignite","floor":28},{"not_picked":["ats:Flame Of Heaven+1","ats:Thorns+1"],"picked":"ats:Calcification","floor":29},{"not_picked":["ats:Apocalypse","ats:Hook Shot"],"picked":"ats:Childhood Dance","floor":30},{"not_picked":["ats:True Silver Slash","ats:Durian"],"picked":"ats:Echo Reverb","floor":33},{"not_picked":["ats:Childhood Dance+1","ats:Chain Hook"],"picked":"ats:Consecutive Shot Auto+1","floor":35},{"not_picked":["ats:Powerful Strike","ats:Mental Burst+1"],"picked":"ats:Sword Rain+1","floor":36},{"not_picked":["Good Instincts","Discovery"],"picked":"REME_FirmDetermination+1","floor":37},{"not_picked":["Bandage Up","Forethought"],"picked":"REME_PuzzleBox","floor":37},{"not_picked":["Impatience","Forethought"],"picked":"Flash of Steel","floor":37},{"not_picked":["ats:Blood Oath+1","ats:Spore Proliferation+1"],"picked":"ats:Shell Defense+1","floor":38},{"not_picked":["ats:Consecutive Shot Auto","ats:Assault Order"],"picked":"ats:Poison Spread+1","floor":39},{"not_picked":["ats:Hammer On+1","ats:True Silver Slash"],"picked":"ats:Rapid Magazine+1","floor":40},{"not_picked":["ats:Beaten Up","ats:Cat Scratch"],"picked":"ats:Powerful Strike+1","floor":42},{"not_picked":["ats:Powerful Strike","ats:Revitalization+1"],"picked":"ats:Ignite+1","floor":45},{"not_picked":["ats:Burning Ground+1","ats:Support Order"],"picked":"ats:Curse Doll","floor":46},{"not_picked":["ats:Guardian Obelisk","ats:Hammer On"],"picked":"ats:Red Shift","floor":47},{"not_picked":["ats:Beaten Up+1","ats:Curse Doll"],"picked":"ats:Revitalization+1","floor":48},{"not_picked":["ats:Neurotoxin+1","ats:Collapsing Strike"],"picked":"ats:Defend Order+1","floor":54}],"player_experience":65770,"relics_obtained":[{"floor":7,"key":"ats:Originium"},{"floor":7,"key":"StoneCalendar"},{"floor":9,"key":"REME_LimitBreaker"},{"floor":10,"key":"ats:Originium"},{"floor":10,"key":"Sundial"},{"floor":14,"key":"Frozen Egg 2"},{"floor":23,"key":"ats:Originium"},{"floor":23,"key":"Bronze Scales"},{"floor":25,"key":"Darkstone Periapt"},{"floor":26,"key":"Kunai"},{"floor":40,"key":"ats:Military Tradition"},{"floor":43,"key":"White Beast Statue"},{"floor":46,"key":"Happy Flower"},{"floor":48,"key":"ats:Gyao"},{"floor":54,"key":"ats:Emergency Defibrillator"}],"event_choices":[{"damage_healed":0,"gold_gain":175,"player_choice":"AGREE","damage_taken":0,"max_hp_gain":0,"max_hp_loss":0,"event_name":"Liars Game","floor":2,"gold_loss":0,"cards_obtained":["Doubt"]},{"damage_healed":0,"gold_gain":75,"player_choice":"Gather Gold","damage_taken":11,"max_hp_gain":0,"max_hp_loss":0,"event_name":"World of Goop","floor":3,"gold_loss":0},{"damage_healed":0,"gold_gain":0,"player_choice":"Grow","damage_taken":0,"max_hp_gain":0,"max_hp_loss":0,"event_name":"Living Wall","floor":5,"gold_loss":0,"cards_upgraded":["ats:Emotion Absorption"]},{"damage_healed":0,"gold_gain":0,"player_choice":"Read","damage_taken":0,"max_hp_gain":0,"max_hp_loss":0,"event_name":"The Library","floor":19,"gold_loss":0,"cards_obtained":["ats:Demon Strength"]},{"damage_healed":0,"gold_gain":0,"player_choice":"Memory 3","damage_taken":10,"max_hp_gain":0,"max_hp_loss":0,"event_name":"SensoryStone","floor":37,"gold_loss":0},{"damage_healed":0,"gold_gain":0,"player_choice":"Fight","damage_taken":0,"max_hp_gain":0,"max_hp_loss":0,"event_name":"MindBloom","floor":48,"gold_loss":0}],"is_beta":false,"boss_relics":[{"not_picked":["Fusion Hammer","Snecko Eye"],"picked":"SacredBark"},{"not_picked":["Runic Dome","Astrolabe"],"picked":"REME_ChargedStone"}],"items_purged_floors":[],"is_endless":false,"potions_floor_spawned":[10,12,18,28,33,39,40,42,45,46,47,48,54],"ascension_level":0}}