{"host":"hig4mmxcip4vq5ai","time":1609887140,"event":{"mods":["BaseMod","Colored Powertips","Energized Spire","Infinite Spire","Lobotomy","LobotomyExtend","Minty Spire (QoL Compilation)","Small Relic Pack","StSLib"],"gold_per_floor":[114,134,409,426,42,42,52,52,52,52,69,81,100,100,100,197,197,197,112,112,112,124,140,153,0,53,65,65],"floor_reached":27,"playtime":869,"items_purged":["Regret","GalaxyChild"],"score":205,"play_id":"5568674e-5978-4f9a-9a99-1455c3d7b15b","local_time":"20210106015220","is_ascension_mode":false,"campfire_choices":[{"data":"Wild Strike","floor":6,"key":"SMITH"},{"data":"Wild Strike","floor":10,"key":"SMITH"},{"floor":15,"key":"REST"}],"circlet_count":0,"master_deck":["Strike_R","Strike_R","Strike_R","Strike_R","Strike_R","Defend_R","Defend_R","Defend_R","Defend_R","Bash","BeautyBeast","Hemokinesis","Hemokinesis","Wild Strike+1","Scorched","Wild Strike+1","Iron Wave","SpiderBud","Sword Boomerang","Thunderclap","Bludgeon","relicPack:StarPlatinum","Bludgeon","GreedKing","Shrug It Off","HappyTeddy","True Grit+1","Wild Strike"],"relics":["Burning Blood","CogitoBucket","LetterFromLob","Gremlin Horn","FaceOfCleric","infinitespire:FocusingShard","TreeSap","relicPack:StarArrow","Question Card","Enchiridion","FleshIdol","MawBank"],"acts_visited":["Exordium","TheCity"],"potions_floor_usage":[24,24],"damage_taken":[{"damage":0,"enemies":"2 Louse","floor":1,"turns":3},{"damage":8,"enemies":"Cultist","floor":2,"turns":3},{"damage":2,"enemies":"Jaw Worm","floor":4,"turns":3},{"damage":10,"enemies":"Gremlin Gang","floor":7,"turns":4},{"damage":30,"enemies":"3 Louse","floor":11,"turns":1},{"damage":30,"enemies":"Blue Slaver","floor":12,"turns":2},{"damage":1,"enemies":"Looter","floor":13,"turns":2},{"damage":9,"enemies":"Slime Boss","floor":16,"turns":8},{"damage":11,"enemies":"Shell Parasite","floor":22,"turns":3},{"damage":0,"enemies":"3 Byrds","floor":23,"turns":2},{"damage":53,"enemies":"Snake Plant","floor":24,"turns":6},{"damage":47,"enemies":"Book of Stabbing","floor":27,"turns":4}],"seed_played":"4985501564930909389","potions_obtained":[{"floor":1,"key":"Strength Potion"},{"floor":11,"key":"SpeedPotion"},{"floor":13,"key":"Weak Potion"},{"floor":16,"key":"BloodPotion"}],"is_trial":false,"path_per_floor":["M","M","?","M","$","R","M","?","T","R","M","M","M","?","R","B",null,"M","?","?","?","M","M","M","$","T","E"],"character_chosen":"IRONCLAD","items_purchased":["Gremlin Horn","Wild Strike","Wild Strike"],"campfire_rested":1,"item_purchase_floors":[5,5,25],"current_hp_per_floor":[80,78,78,80,80,80,76,76,76,76,53,30,36,36,60,58,84,84,84,68,68,64,71,42,42,42,0,0],"gold":65,"neow_bonus":"","is_daily":false,"chose_seed":false,"campfire_upgraded":2,"win_rate":0.0,"timestamp":1609887140,"path_taken":["M","M","?","?","$","R","M","?","T","R","M","?","M","?","R","BOSS","M","?","?","?","M","M","M","$","T","E"],"items_purchased_type":["Relic","Card","Card"],"build_version":"2020-12-22","purchased_purges":2,"victory":false,"max_hp_per_floor":[80,80,80,80,80,80,80,80,80,80,81,82,83,83,83,84,84,84,84,84,84,85,86,87,87,87,87,87],"card_choices":[{"not_picked":["MHz","Wellcheers"],"picked":"BeautyBeast","floor":1},{"not_picked":["Burning Pact","Armaments"],"picked":"Hemokinesis","floor":1},{"not_picked":["PunishingBird","OSAHOGD"],"picked":"VoidDream","floor":2},{"not_picked":["Whirlwind","Corruption","Bloodletting"],"picked":"SKIP","floor":2},{"not_picked":["PunishingBird","CherryBlossoms"],"picked":"GalaxyChild","floor":4},{"not_picked":["Perfected Strike","Shrug It Off"],"picked":"Hemokinesis","floor":4},{"not_picked":["WallGazer","FairyFestival"],"picked":"Scorched","floor":7},{"not_picked":["Seeing Red","Perfected Strike"],"picked":"Wild Strike","floor":7},{"not_picked":["Anger","Wild Strike"],"picked":"Iron Wave","floor":11},{"not_picked":["Bloodbath","WallGazer"],"picked":"SpiderBud","floor":12},{"not_picked":["Rupture","infinitespire:OneForAll"],"picked":"Sword Boomerang","floor":12},{"not_picked":["Warcry","Heavy Blade"],"picked":"Thunderclap","floor":13},{"not_picked":["Offering","Impervious"],"picked":"Bludgeon","floor":16},{"not_picked":["Thunderclap","Twin Strike","Anger"],"picked":"Bludgeon","floor":22},{"not_picked":["UniverseFragment","Laetitia","ShyLook"],"picked":"Singing Bowl","floor":23},{"not_picked":["Yin","PunishingBird"],"picked":"GreedKing","floor":23},{"not_picked":["Clash","True Grit","Thunderclap+1"],"picked":"Shrug It Off","floor":23},{"not_picked":["Scarecrow","Woodsman"],"picked":"HappyTeddy","floor":24},{"not_picked":["Armaments","Sword Boomerang","Reckless Charge+1"],"picked":"True Grit+1","floor":24}],"player_experience":418816,"relics_obtained":[{"floor":1,"key":"LetterFromLob"},{"floor":9,"key":"infinitespire:FocusingShard"},{"floor":20,"key":"Enchiridion"},{"floor":26,"key":"MawBank"}],"event_choices":[{"damage_healed":0,"gold_gain":275,"player_choice":"Desecrate","damage_taken":0,"max_hp_gain":0,"max_hp_loss":0,"event_name":"Golden Shrine","floor":3,"gold_loss":0,"cards_obtained":["Regret"]},{"damage_healed":0,"gold_gain":0,"player_choice":"Trade","damage_taken":0,"relics_obtained":["FaceOfCleric"],"max_hp_gain":0,"max_hp_loss":0,"event_name":"FaceTrader","floor":8,"gold_loss":0},{"damage_healed":0,"gold_gain":0,"player_choice":"Obtained Relic","damage_taken":0,"relics_obtained":["Question Card"],"max_hp_gain":0,"max_hp_loss":0,"event_name":"Addict","floor":19,"gold_loss":85},{"damage_healed":0,"gold_gain":0,"player_choice":"Obtained Book","damage_taken":16,"max_hp_gain":0,"max_hp_loss":0,"event_name":"Cursed Tome","floor":20,"gold_loss":0},{"damage_healed":0,"gold_gain":0,"player_choice":"Ignored","damage_taken":0,"max_hp_gain":0,"max_hp_loss":0,"event_name":"Vampires","floor":21,"gold_loss":0}],"is_beta":false,"boss_relics":[{"not_picked":["Sozu","energizedSpire:MagnifyingGlass"],"picked":"relicPack:StarArrow"}],"items_purged_floors":[5,25],"is_endless":false,"potions_floor_spawned":[1,11,13,16,22],"killed_by":"Book of Stabbing","ascension_level":0}}