{"host":"utqe55yv0jihe4d6","time":1609809118,"event":{"mods":["2.2 Compatiblity","AchievementEnabler","BaseMod","Block Reminder","Colored Map","Colored Powertips","Minty Spire (QoL Compilation)","Quick Restart","Rare Cards Sparkle","Relic Stats","SuperFastMode"],"gold_per_floor":[113,113,113,132,147,147,177,177,177,177,202,277,277,302,302,374,374,374,374,289,13,13,13,13,13],"floor_reached":24,"playtime":1494,"items_purged":["Strike_B"],"score":460,"play_id":"80d4fe13-35ac-4731-af7e-b8f94ab5d4df","local_time":"20210104201158","is_ascension_mode":true,"campfire_choices":[{"data":"Ball Lightning","floor":6,"key":"SMITH"},{"floor":8,"key":"REST"},{"floor":13,"key":"REST"},{"data":"Chaos","floor":15,"key":"SMITH"}],"circlet_count":0,"master_deck":["AscendersBane","Defend_B","Defend_B+1","Defend_B","Defend_B","Zap+1","Dualcast","Capacitor","Cold Snap","Ball Lightning+1","Static Discharge","Chaos+1","Barrage","Seek","Sweeping Beam","Melter","Genetic Algorithm","Self Repair","Buffer"],"relics":["Cracked Core","NeowsBlessing","GremlinMask","Letter Opener","War Paint","Regal Pillow","Bag of Preparation","White Beast Statue","Ectoplasm","Turnip","Runic Capacitor","Gremlin Horn"],"acts_visited":["Exordium","TheCity"],"potions_floor_usage":[14,23,23,24],"damage_taken":[{"damage":0,"enemies":"Jaw Worm","floor":1,"turns":1},{"damage":0,"enemies":"Small Slimes","floor":4,"turns":1},{"damage":0,"enemies":"Cultist","floor":5,"turns":1},{"damage":36,"enemies":"3 Sentries","floor":7,"turns":8},{"damage":3,"enemies":"Lagavulin","floor":11,"turns":7},{"damage":14,"enemies":"3 Sentries","floor":14,"turns":5},{"damage":32,"enemies":"The Guardian","floor":16,"turns":9},{"damage":12,"enemies":"3 Byrds","floor":18,"turns":2},{"damage":16,"enemies":"Shell Parasite","floor":22,"turns":4},{"damage":39,"enemies":"Gremlin Leader","floor":23,"turns":5},{"damage":20,"enemies":"Cultist and Chosen","floor":24,"turns":4}],"seed_played":"-6135468951732703515","potions_obtained":[{"floor":1,"key":"Energy Potion"},{"floor":4,"key":"FocusPotion"},{"floor":16,"key":"Regen Potion"},{"floor":23,"key":"ColorlessPotion"}],"is_trial":false,"path_per_floor":["M","?","?","M","M","R","E","R","T","?","E","?","R","E","R","B",null,"M","?","?","$","M","E","M"],"character_chosen":"DEFECT","items_purchased":["Runic Capacitor","Self Repair"],"campfire_rested":2,"item_purchase_floors":[21,21],"current_hp_per_floor":[64,57,57,57,57,57,21,42,42,42,39,28,64,50,50,18,58,46,46,46,46,37,19,0,0],"gold":13,"neow_bonus":"THREE_ENEMY_KILL","is_daily":false,"chose_seed":false,"campfire_upgraded":2,"win_rate":0.0,"timestamp":1609809118,"path_taken":["M","?","?","?","?","R","E","R","T","?","E","?","R","E","R","BOSS","M","?","?","$","M","E","M"],"items_purchased_type":["Relic","Card"],"build_version":"2020-12-22","purchased_purges":1,"victory":false,"max_hp_per_floor":[71,71,71,71,71,71,71,71,71,71,71,71,71,71,71,71,71,71,71,71,71,71,71,71,71],"relic_stats":{"Regal Pillow":15,"Gremlin Horn":[0,0],"counters":[11,47],"Ectoplasm":56,"Turnip":[3],"Bag of Preparation":[12],"Letter Opener":[108],"War Paint":["Zap","Defend_B"],"obtain_stats":[{"Regal Pillow":10,"NeowsBlessing":0,"Gremlin Horn":23,"GremlinMask":3,"Ectoplasm":17,"Turnip":20,"Bag of Preparation":11,"Runic Capacitor":21,"Letter Opener":7,"War Paint":9,"Cracked Core":0,"White Beast Statue":14},{"Regal Pillow":4,"NeowsBlessing":0,"Gremlin Horn":10,"GremlinMask":1,"Ectoplasm":7,"Turnip":8,"Bag of Preparation":5,"Runic Capacitor":8,"Letter Opener":4,"War Paint":4,"Cracked Core":0,"White Beast Statue":6},{"Regal Pillow":11,"NeowsBlessing":0,"Gremlin Horn":43,"GremlinMask":1,"Ectoplasm":32,"Turnip":34,"Bag of Preparation":18,"Runic Capacitor":34,"Letter Opener":11,"War Paint":11,"Cracked Core":0,"White Beast Statue":23}]},"card_choices":[{"not_picked":["Coolheaded","Beam Cell"],"picked":"Capacitor","floor":1},{"not_picked":["Compile Driver","Turbo"],"picked":"Cold Snap","floor":4},{"not_picked":["Conserve Battery","Barrage"],"picked":"Ball Lightning","floor":5},{"not_picked":["Go for the Eyes","Sweeping Beam"],"picked":"Static Discharge","floor":7},{"not_picked":["Leap","Scrape"],"picked":"Chaos","floor":11},{"not_picked":["Auto Shields","Sweeping Beam"],"picked":"Barrage","floor":14},{"not_picked":["Hyperbeam","Creative AI"],"picked":"Seek","floor":16},{"not_picked":["Go for the Eyes","Conserve Battery"],"picked":"Sweeping Beam","floor":18},{"not_picked":["Hologram","Hello World","Ball Lightning+1"],"picked":"SKIP","floor":22},{"not_picked":["Aggregate","Cold Snap"],"picked":"Buffer","floor":23}],"player_experience":2936805,"relics_obtained":[{"floor":7,"key":"Letter Opener"},{"floor":9,"key":"War Paint"},{"floor":11,"key":"Bag of Preparation"},{"floor":14,"key":"White Beast Statue"},{"floor":23,"key":"Gremlin Horn"}],"event_choices":[{"cards_removed":["Strike_B"],"damage_healed":0,"gold_gain":0,"player_choice":"Card Removal","damage_taken":7,"max_hp_gain":0,"max_hp_loss":0,"event_name":"Golden Wing","floor":2,"gold_loss":0},{"damage_healed":0,"gold_gain":0,"player_choice":"Trade","damage_taken":0,"relics_obtained":["GremlinMask"],"max_hp_gain":0,"max_hp_loss":0,"event_name":"FaceTrader","floor":3,"gold_loss":0},{"damage_healed":0,"gold_gain":0,"player_choice":"Searched \u00271\u0027 times","damage_taken":0,"relics_obtained":["Regal Pillow"],"max_hp_gain":0,"max_hp_loss":0,"event_name":"Dead Adventurer","floor":10,"gold_loss":0},{"damage_healed":0,"gold_gain":75,"player_choice":"Gather Gold","damage_taken":11,"max_hp_gain":0,"max_hp_loss":0,"event_name":"World of Goop","floor":12,"gold_loss":0},{"damage_healed":0,"gold_gain":0,"cards_transformed":["Strike_B","Strike_B"],"player_choice":"Became Test Subject","damage_taken":0,"max_hp_gain":0,"max_hp_loss":0,"event_name":"Drug Dealer","floor":19,"gold_loss":0,"cards_obtained":["Melter","Genetic Algorithm"]},{"damage_healed":0,"gold_gain":0,"player_choice":"Obtained Relic","damage_taken":0,"relics_obtained":["Turnip"],"max_hp_gain":0,"max_hp_loss":0,"event_name":"Addict","floor":20,"gold_loss":85}],"is_beta":false,"boss_relics":[{"not_picked":["Philosopher\u0027s Stone","Empty Cage"],"picked":"Ectoplasm"}],"items_purged_floors":[21],"is_endless":false,"potions_floor_spawned":[1,4,5,16,18,22,23],"killed_by":"Cultist and Chosen","ascension_level":20}}