{"host":"313mh4uoe5sucao3","time":1609840593,"event":{"mods":["Arknights The Spire","BaseMod","Dota2Spire","Downfall","Hero for Fun","Lobotomy","Minty Spire (QoL Compilation)","Quick Restart","Shop Mod","StSLib","The Bladedancer","UnlockEverythingMod","[IsaacMod]ÒÔÈö¼âËþ"],"gold_per_floor":[99,116,128,128,170,184,211,253,268,324,174,224,109,173,183,183,183],"floor_reached":16,"playtime":1286,"items_purged":["Regret"],"score":139,"play_id":"e475c3a4-4e35-4dc1-a6de-d64abf188d2c","local_time":"20210105175633","is_ascension_mode":false,"campfire_choices":[{"floor":1,"key":"RECALL"},{"floor":11,"key":"REST"}],"circlet_count":0,"master_deck":["ats:Strike C","ats:Strike G","ats:Strike S","ats:Strike V","ats:Armor Crushing Shot","ats:Defend","ats:Defend","ats:Defend","ats:Defend","ats:Emotion Absorption","ats:Leaping Hammer","ats:Apocalypse","ats:Healing Drone","ats:Poison Spread","ats:Cat Scratch","ats:Leaping Hammer","ats:Steam Pump","ats:Ignite","ats:Ignite","ats:Ignite","ats:Powerful Strike","ats:Poison Spread"],"relics":["ats:Sanity","HushsDoor","DoctorsRemote","Dota2Spire:HandOfMidas","ats:Originium","Darkstone Periapt","downfall:HeartBlessingBlue","downfall:HeartBlessingRed","Odd Mushroom","BelialBook"],"acts_visited":["Exordium"],"potions_floor_usage":[8,10,16],"damage_taken":[{"damage":0,"enemies":"2 Louse","floor":2,"turns":4},{"damage":5,"enemies":"Small Slimes","floor":3,"turns":4},{"damage":9,"enemies":"Cultist","floor":5,"turns":5},{"damage":19,"enemies":"Large Slime","floor":6,"turns":4},{"damage":0,"enemies":"3 Louse","floor":8,"turns":2},{"damage":0,"enemies":"2 Fungi Beasts","floor":9,"turns":2},{"damage":75,"enemies":"Lagavulin","floor":10,"turns":11},{"damage":33,"enemies":"The Mushroom Lair","floor":12,"turns":7},{"damage":2,"enemies":"downfall:FleeingMerchant","floor":13,"turns":4},{"damage":18,"enemies":"Gremlin Nob","floor":14,"turns":4},{"damage":8,"enemies":"Lots of Slimes","floor":15,"turns":2},{"damage":42,"enemies":"downfall:Defect","floor":16,"turns":4}],"seed_played":"1778846681336804169","potions_obtained":[{"floor":2,"key":"Ancient Potion"},{"floor":5,"key":"ats:Top Emergency Sanity Potion"},{"floor":6,"key":"Explosive Potion"},{"floor":8,"key":"Regen Potion"},{"floor":14,"key":"Fire Potion"}],"is_trial":false,"path_per_floor":["R","M","M","?","M","M","T","M","M","E","R","?","$","E","M","B"],"character_chosen":"DOCTOR_CLASS","items_purchased":["ats:Ignite"],"campfire_rested":1,"item_purchase_floors":[13],"current_hp_per_floor":[79,79,74,74,69,56,56,62,68,29,65,46,51,43,35,0,0],"gold":183,"neow_bonus":"TEN_PERCENT_HP_BONUS","is_daily":false,"chose_seed":false,"campfire_upgraded":0,"win_rate":0.0,"timestamp":1609840593,"path_taken":["R","M","M","?","M","?","T","M","M","E","R","?","$","E","M","BOSS"],"items_purchased_type":["Card"],"build_version":"2020-12-22","purchased_purges":1,"victory":false,"max_hp_per_floor":[79,79,79,79,79,79,79,79,79,79,89,89,89,89,89,89,89],"card_choices":[{"not_picked":[],"picked":"Bomb","floor":0},{"not_picked":["Bomb","ats:Hammer On"],"picked":"ats:Leaping Hammer","floor":2},{"not_picked":["ats:Automatic Cover","ats:Thorns"],"picked":"ats:Apocalypse","floor":3},{"not_picked":["ats:Hammer On","ats:Part Time Job"],"picked":"ats:Healing Drone","floor":5},{"not_picked":["ats:Childhood Dance","ats:Flexible Camouflage"],"picked":"ats:Poison Spread","floor":6},{"not_picked":["ats:Composite Medical Shells","ats:Support Order"],"picked":"ats:Cat Scratch","floor":8},{"not_picked":["ats:Healing Strengthening","ats:Flame Of Heaven"],"picked":"ats:Leaping Hammer","floor":9},{"not_picked":["ats:Support Order","ats:Red Shift"],"picked":"ats:Steam Pump","floor":10},{"not_picked":["Bomb","ats:Assault Order"],"picked":"ats:Ignite","floor":12},{"not_picked":["ats:Leaping Hammer","ats:Hammer On"],"picked":"ats:Ignite","floor":13},{"not_picked":["ats:Part Time Job","ats:Durian"],"picked":"ats:Powerful Strike","floor":14},{"not_picked":["ats:Powerful Strike","ats:Explosion Area Strengthen"],"picked":"ats:Poison Spread","floor":15}],"player_experience":13408,"relics_obtained":[{"floor":10,"key":"ats:Originium"},{"floor":10,"key":"Darkstone Periapt"},{"floor":12,"key":"Odd Mushroom"},{"floor":14,"key":"ats:Originium"},{"floor":14,"key":"BelialBook"}],"event_choices":[{"damage_healed":0,"gold_gain":0,"player_choice":"Box","damage_taken":0,"relics_obtained":["Dota2Spire:HandOfMidas"],"max_hp_gain":0,"max_hp_loss":0,"event_name":"Big Fish","floor":4,"gold_loss":0,"cards_obtained":["Regret"]},{"damage_healed":0,"gold_gain":0,"player_choice":"Fought Mushrooms","damage_taken":0,"max_hp_gain":0,"max_hp_loss":0,"event_name":"Mushrooms","floor":12,"gold_loss":0}],"is_beta":false,"boss_relics":[],"items_purged_floors":[13],"is_endless":false,"potions_floor_spawned":[2,5,6,8,14],"killed_by":"downfall:Defect","ascension_level":0}}