{"host":"kg61lsvem4dxoat8","time":1609863576,"event":{"mods":["BaseMod","Colored Powertips","Minty Spire (QoL Compilation)","Quick Restart","Rare Cards Sparkle","Relic Stats","slay the spire mod where everything is the same but ironclad has a cowboy hat"],"gold_per_floor":[214,232,232,251,8,8,28,28,52,52,52,52,65,65,65,65,65],"floor_reached":16,"playtime":346,"items_purged":[],"score":117,"play_id":"50766487-f2c2-4a84-a317-0b13ead52a73","local_time":"20210106001936","is_ascension_mode":true,"campfire_choices":[{"data":"Bash","floor":6,"key":"SMITH"},{"data":"Shrug It Off","floor":8,"key":"SMITH"},{"floor":15,"key":"REST"}],"circlet_count":0,"master_deck":["Strike_R+1","Strike_R","Strike_R","Strike_R","Strike_R","Defend_R","Defend_R+1","Defend_R","Defend_R","Bash+1","Seeing Red+1","Shrug It Off+1","Pommel Strike+1"],"relics":["Burning Blood","Molten Egg 2","Omamori","Blood Vial","Golden Idol"],"acts_visited":["Exordium"],"potions_floor_usage":[16,16],"damage_taken":[{"damage":7,"enemies":"Jaw Worm","floor":1,"turns":4},{"damage":4,"enemies":"Small Slimes","floor":2,"turns":4},{"damage":1,"enemies":"2 Louse","floor":4,"turns":4},{"damage":20,"enemies":"Large Slime","floor":7,"turns":7},{"damage":32,"enemies":"Exordium Thugs","floor":13,"turns":7},{"damage":34,"enemies":"Hexaghost","floor":16,"turns":9}],"seed_played":"7945670512233234167","potions_obtained":[{"floor":2,"key":"Weak Potion"},{"floor":4,"key":"PowerPotion"},{"floor":13,"key":"Ancient Potion"}],"is_trial":false,"path_per_floor":["M","M","?","M","$","R","M","R","T","?","?","$","M","?","R","B"],"character_chosen":"IRONCLAD","items_purchased":["Molten Egg 2"],"campfire_rested":1,"item_purchase_floors":[5],"current_hp_per_floor":[71,73,73,78,78,78,64,64,64,46,46,46,22,7,29,0,0],"gold":65,"neow_bonus":"HUNDRED_GOLD","is_daily":false,"chose_seed":false,"campfire_upgraded":2,"win_rate":0.0,"timestamp":1609863576,"path_taken":["M","M","?","M","$","R","M","R","T","?","?","$","M","?","R","BOSS"],"items_purchased_type":["Relic"],"build_version":"2020-12-22","purchased_purges":0,"victory":false,"max_hp_per_floor":[80,80,80,80,80,80,80,80,80,80,74,74,74,74,74,74,74],"relic_stats":{"Blood Vial":4,"counters":[6,35],"Golden Idol":3,"obtain_stats":[{"Blood Vial":10,"Golden Idol":11,"Molten Egg 2":5,"Omamori":9,"Burning Blood":0},{"Blood Vial":4,"Golden Idol":4,"Molten Egg 2":3,"Omamori":4,"Burning Blood":0},{"Blood Vial":19,"Golden Idol":19,"Molten Egg 2":12,"Omamori":19,"Burning Blood":0}],"Burning Blood":30},"card_choices":[{"not_picked":["Iron Wave","Perfected Strike","Dual Wield"],"picked":"SKIP","floor":1},{"not_picked":["Sentinel","Pommel Strike"],"picked":"Seeing Red","floor":2},{"not_picked":["Burning Pact","Sentinel","Rupture"],"picked":"SKIP","floor":4},{"not_picked":["Twin Strike+1","Headbutt+1"],"picked":"Shrug It Off","floor":7},{"not_picked":["Wild Strike+1","Havoc"],"picked":"Pommel Strike+1","floor":13}],"player_experience":1303433,"relics_obtained":[{"floor":9,"key":"Omamori"}],"event_choices":[{"damage_healed":0,"gold_gain":0,"player_choice":"Grow","damage_taken":0,"max_hp_gain":0,"max_hp_loss":0,"event_name":"Living Wall","floor":3,"gold_loss":0,"cards_upgraded":["Seeing Red"]},{"damage_healed":0,"gold_gain":0,"player_choice":"Success","damage_taken":18,"relics_obtained":["Blood Vial"],"max_hp_gain":0,"max_hp_loss":0,"event_name":"Scrap Ooze","floor":10,"gold_loss":0},{"damage_healed":0,"gold_gain":0,"player_choice":"Lose Max HP","damage_taken":0,"relics_obtained":["Golden Idol"],"max_hp_gain":0,"max_hp_loss":6,"event_name":"Golden Idol","floor":11,"gold_loss":0},{"damage_healed":0,"gold_gain":0,"player_choice":"Entered Light","damage_taken":15,"max_hp_gain":0,"max_hp_loss":0,"event_name":"Shining Light","floor":14,"gold_loss":0,"cards_upgraded":["Strike_R","Defend_R"]}],"is_beta":false,"boss_relics":[],"items_purged_floors":[],"is_endless":false,"potions_floor_spawned":[2,4,13],"killed_by":"Hexaghost","ascension_level":6}}