{"host":"q79spna8ofw6hj3r","time":1609819355,"event":{"mods":["Aspiration","BaseMod","Bestiary","Better Altar","Better Match","Better Note","Better Sensory Stone","Better Skull","Better Third Choice","Better Vampires","BetterRewards","Block Reminder","Card Filter","Challenge The Spire","Colored Map","Colored Powertips","Conspire","Custom Start","Energized Spire","Halation","Hubris","Infinite Spire","Jedi Mod","Mimic Mod","Minty Spire (QoL Compilation)","Permanent Neow","Quick Restart","Relic Filter","Relic Sorter","Replay The Spire","Shop Mod","StSLib","SuperFastMode","Synergy Search","The Servant 0.9.4","vexMod"],"gold_per_floor":[113,113,75,114,131,165,165,184,215,215,215,226,239,239,239,239,239],"floor_reached":16,"playtime":518,"items_purged":[],"score":100,"play_id":"e6bb6180-885f-47a2-b710-f6e3bc84dd3b","local_time":"20210105060235","is_ascension_mode":false,"campfire_choices":[{"floor":7.0,"key":"REST"},{"data":"ShiftingGears","floor":10.0,"key":"SMITH"},{"data":"BottledTime","floor":15.0,"key":"SMITH"}],"circlet_count":0,"master_deck":["Strike_S","Strike_S","Strike_S","Defend_S","Defend_S","Defend_S","Defend_S","KidneyShot+1","Exchange","SilverBlades","ShiftingGears+1","Starlight","BottledTime+1"],"relics":["Uniform","betterThird:SlimedRelic","jedi:shrinkray","Iron Hammer","aspiration:Lifesprig","FaceOfCleric"],"acts_visited":["Exordium"],"potions_floor_usage":[16,16,16],"damage_taken":[{"damage":0.0,"enemies":"Small Slimes","floor":1.0,"turns":3.0},{"damage":5.0,"enemies":"2 Louse","floor":4.0,"turns":8.0},{"damage":0.0,"enemies":"2 Louse","floor":5.0,"turns":3.0},{"damage":43.0,"enemies":"Gremlin Nob","floor":6.0,"turns":6.0},{"damage":0.0,"enemies":"Jaw Worm","floor":8.0,"turns":4.0},{"damage":11.0,"enemies":"2 Fungi Beasts","floor":9.0,"turns":11.0},{"damage":2.0,"enemies":"2 Fungi Beasts","floor":12.0,"turns":4.0},{"damage":6.0,"enemies":"Looter","floor":13.0,"turns":4.0},{"damage":21,"enemies":"Fading Forest","floor":16,"turns":7}],"seed_played":"-4984360104883896565","potions_obtained":[{"floor":6.0,"key":"LifebloodPotion"},{"floor":8.0,"key":"SneckoOil"},{"floor":12.0,"key":"Elixir"},{"floor":13.0,"key":"DuplicationPotion"}],"is_trial":false,"path_per_floor":["M","?","?","MIM","M","E","R","M","MIM","R","?","M","M","?","R","B"],"character_chosen":"THE_SERVANT","items_purchased":[],"campfire_rested":1,"item_purchase_floors":[],"current_hp_per_floor":[65,65,54,49,49,6,25,25,14,14,19,17,11,11,11,0,0],"gold":239,"neow_bonus":"UPGRADE_CARD","is_daily":false,"chose_seed":false,"campfire_upgraded":2,"win_rate":0.0,"timestamp":1609819355,"path_taken":["M","?","?","?","M","E","R","M","MIM","R","?","M","?","?","R","BOSS"],"items_purchased_type":[],"build_version":"2020-12-22","purchased_purges":0,"victory":false,"max_hp_per_floor":[65,65,65,65,65,65,65,65,65,65,70,70,70,70,70,70,70],"card_choices":[{"not_picked":["Comet","Rearm"],"picked":"SilverBlades","floor":1.0},{"not_picked":["Replace","Revamp"],"picked":"ShiftingGears","floor":4.0},{"not_picked":["BottledTime","Unruled","Moondial"],"picked":"SKIP","floor":5.0},{"not_picked":["Potential","DualDimension","Unruled"],"picked":"SKIP","floor":6.0},{"not_picked":["Hightail","FastForward","Spin"],"picked":"SKIP","floor":8.0},{"not_picked":["Reset","Moondial"],"picked":"Starlight","floor":12.0},{"not_picked":["Defy","Read"],"picked":"BottledTime","floor":13.0}],"player_experience":211261,"relics_obtained":[{"floor":4.0,"key":"jedi:shrinkray"},{"floor":6.0,"key":"Iron Hammer"},{"floor":9.0,"key":"aspiration:Lifesprig"}],"event_choices":[{"damage_healed":0.0,"max_hp_gain":0.0,"max_hp_loss":0.0,"gold_gain":0.0,"event_name":"betterThird:BetterGoop","player_choice":"Slimed","floor":3.0,"gold_loss":38.0,"damage_taken":11.0},{"damage_healed":0.0,"max_hp_gain":5.0,"max_hp_loss":0.0,"gold_gain":0.0,"event_name":"Big Fish","player_choice":"Donut","floor":11.0,"gold_loss":0.0,"damage_taken":0.0},{"damage_healed":0.0,"max_hp_gain":0.0,"max_hp_loss":0.0,"gold_gain":0.0,"event_name":"FaceTrader","player_choice":"Trade","floor":14.0,"gold_loss":0.0,"damage_taken":0.0,"relics_obtained":["FaceOfCleric"]}],"is_beta":false,"boss_relics":[],"items_purged_floors":[],"is_endless":false,"potions_floor_spawned":[6,8,12,13],"killed_by":"Fading Forest","ascension_level":0}}