{"host":"37dk0reb6x0du8wx","time":1609831252,"event":{"mods":["BaseMod","Colored Map","DeckTracker","Minty Spire (QoL Compilation)","Quick Restart","StSLib"],"gold_per_floor":[117,117,217,228,78,78,112,126,126,142,153,172,22,32,32,131,181,195,195,119,44,64,64,64],"floor_reached":23,"playtime":784,"items_purged":[],"score":222,"play_id":"7e339104-72a8-45aa-9aa0-df062fd85799","local_time":"20210105162052","is_ascension_mode":true,"campfire_choices":[{"data":"Zap","floor":6,"key":"SMITH"},{"floor":15,"key":"REST"}],"circlet_count":0,"master_deck":["Defend_B","Defend_B+1","Defend_B","Defend_B","Zap+1","Dualcast","Leap","Leap","Tempest","BootSequence","Conserve Battery","Capacitor","Leap+1"],"relics":["Cracked Core","Lee\u0027s Waffle","Bottled Lightning","MealTicket","Juzu Bracelet","Tiny House"],"acts_visited":["Exordium","TheCity"],"potions_floor_usage":[10],"damage_taken":[{"damage":7,"enemies":"Small Slimes","floor":1,"turns":3},{"damage":4,"enemies":"Jaw Worm","floor":4,"turns":3},{"damage":27,"enemies":"Lagavulin","floor":7,"turns":8},{"damage":0,"enemies":"Cultist","floor":8,"turns":3},{"damage":12,"enemies":"Gremlin Gang","floor":10,"turns":7},{"damage":11,"enemies":"Lots of Slimes","floor":11,"turns":5},{"damage":0,"enemies":"Blue Slaver","floor":12,"turns":4},{"damage":0,"enemies":"3 Louse","floor":14,"turns":4},{"damage":23,"enemies":"The Guardian","floor":16,"turns":16},{"damage":52,"enemies":"Chosen","floor":18,"turns":7},{"damage":13,"enemies":"Spheric Guardian","floor":22,"turns":6},{"damage":16,"enemies":"Book of Stabbing","floor":23,"turns":4}],"seed_played":"3310414836123577470","potions_obtained":[{"floor":1,"key":"Swift Potion"},{"floor":8,"key":"DuplicationPotion"},{"floor":14,"key":"Block Potion"},{"floor":16,"key":"Fire Potion"}],"is_trial":false,"path_per_floor":["M","?","?","M","$","R","E","M","T","M","M","M","$","M","R","B",null,"M","?","$","?","M","E"],"character_chosen":"DEFECT","items_purchased":["Lee\u0027s Waffle","Juzu Bracelet","Capacitor"],"campfire_rested":1,"item_purchase_floors":[5,13,20],"current_hp_per_floor":[68,61,61,57,82,82,55,55,55,43,32,32,47,47,71,48,87,35,35,50,50,37,21,21],"gold":64,"neow_bonus":"REMOVE_CARD","is_daily":false,"chose_seed":false,"campfire_upgraded":1,"win_rate":0.0,"timestamp":1609831252,"path_taken":["M","?","?","M","$","R","E","?","T","?","M","M","$","M","R","BOSS","M","?","$","?","M","E"],"items_purchased_type":["Relic","Relic","Card"],"build_version":"2020-12-22","purchased_purges":0,"victory":false,"max_hp_per_floor":[75,75,75,75,82,82,82,82,82,82,82,82,82,82,82,82,87,87,87,87,87,87,87,87],"card_choices":[{"not_picked":["Steam Power","Hologram","Coolheaded"],"picked":"SKIP","floor":1},{"not_picked":["Hologram","Blizzard"],"picked":"Leap","floor":4},{"not_picked":["Gash","Storm","Rebound"],"picked":"SKIP","floor":7},{"not_picked":["Recycle","Hologram"],"picked":"Leap","floor":8},{"not_picked":["Stack","Gash","Steam"],"picked":"SKIP","floor":10},{"not_picked":["Core Surge","Scrape"],"picked":"Tempest","floor":11},{"not_picked":["Beam Cell","Compile Driver"],"picked":"BootSequence","floor":12},{"not_picked":["Compile Driver","Barrage","Glacier"],"picked":"SKIP","floor":14},{"not_picked":["Gash","Stack"],"picked":"Conserve Battery","floor":17},{"not_picked":["Steam","Compile Driver+1","Sweeping Beam+1"],"picked":"SKIP","floor":18},{"not_picked":["Ball Lightning","Streamline"],"picked":"Leap+1","floor":22}],"player_experience":148016,"relics_obtained":[{"floor":7,"key":"Bottled Lightning"},{"floor":9,"key":"MealTicket"}],"event_choices":[{"cards_removed":["Strike_B"],"damage_healed":0,"gold_gain":0,"player_choice":"Card Removal","damage_taken":7,"max_hp_gain":0,"max_hp_loss":0,"event_name":"Golden Wing","floor":2,"gold_loss":0},{"damage_healed":0,"gold_gain":100,"player_choice":"Pray","damage_taken":0,"max_hp_gain":0,"max_hp_loss":0,"event_name":"Golden Shrine","floor":3,"gold_loss":0},{"cards_removed":["Strike_B"],"damage_healed":0,"gold_gain":0,"player_choice":"Elegance","damage_taken":0,"max_hp_gain":0,"max_hp_loss":0,"event_name":"Back to Basics","floor":19,"gold_loss":0},{"cards_removed":["Strike_B"],"damage_healed":0,"gold_gain":0,"player_choice":"Gave Gold","damage_taken":0,"max_hp_gain":0,"max_hp_loss":0,"event_name":"Beggar","floor":21,"gold_loss":75}],"is_beta":false,"boss_relics":[{"not_picked":["Nuclear Battery","Snecko Eye"],"picked":"Tiny House"}],"items_purged_floors":[],"is_endless":false,"potions_floor_spawned":[1,8,14,16,18,22],"killed_by":"Book of Stabbing","ascension_level":3}}