{"host":"7d9nv1viv9k97dq8","time":1609835018,"event":{"mods":["Act Like it!","BaseMod","Decade(Õı–°√˜)","Downfall","Gensokyo","KomeijiMod","Luminous","Marisa£®ÏF”Í°°ƒß¿Ì…≥£©","Minty Spire (QoL Compilation)","Prisma Mod","Reimu£®≤©¿ˆ¡È√Œ£©","Remilia£®¿Ÿ√◊¿Ú—«£©","Replay The Spire","StSLib","The Administrix","The Bug Knight","Waifu the Spire","Yakumo Yukari mod","Youmu£®ªÍ∆«—˝√Œ£©","Yuyuko"],"gold_per_floor":[112,130,143,143,73,73,73],"floor_reached":6,"playtime":387,"items_purged":[],"score":36,"play_id":"d85730e8-70bd-4b1a-9114-7c14decfa8fc","local_time":"20210105162338","is_ascension_mode":false,"campfire_choices":[],"circlet_count":0,"master_deck":["HollowMod:NailStrikeStart","HollowMod:NailStrikeStart","HollowMod:NailStrikeStart","HollowMod:QuickDashStart","HollowMod:QuickDashStart","HollowMod:QuickDashStart","HollowMod:QuickDashStart","HollowMod:FocusHealStart","HollowMod:PogoStrike","HollowMod:CoiledNail+1","HollowMod:SoulStrike+1","Looming Evil"],"relics":["HollowMod:VesselMask","Ring of Fangs","Ring of Fury"],"acts_visited":["Exordium"],"potions_floor_usage":[6],"damage_taken":[{"damage":4,"enemies":"Gensokyo:Gryphon","floor":1,"turns":4},{"damage":0,"enemies":"Gensokyo:3_Fairies","floor":2,"turns":3},{"damage":0,"enemies":"Gensokyo:Python","floor":3,"turns":2},{"damage":19,"enemies":"Gensokyo:Cirno","floor":6,"turns":4}],"seed_played":"-3373519984149719292","potions_obtained":[{"floor":1,"key":"Swift Potion"}],"is_trial":false,"path_per_floor":["M","M","M","?","?","E"],"character_chosen":"THE_BUGKNIGHT","items_purchased":[],"campfire_rested":0,"item_purchase_floors":[],"current_hp_per_floor":[71,71,71,71,71,56,56],"gold":73,"neow_bonus":"RANDOM_EVENT","is_daily":false,"chose_seed":false,"campfire_upgraded":0,"win_rate":0.0,"timestamp":1609835018,"path_taken":["M","M","M","?","?","E"],"items_purchased_type":[],"build_version":"2020-12-22","purchased_purges":0,"victory":false,"max_hp_per_floor":[75,75,75,75,75,75,75],"card_choices":[{"not_picked":["HollowMod:SoulShaman","HollowMod:SiblingsSouls"],"picked":"HollowMod:CoiledNail","floor":1},{"not_picked":["HollowMod:InfectedCysts","HollowMod:NewLittleFool"],"picked":"HollowMod:SoulStrike","floor":2},{"not_picked":["HollowMod:NewJinnsSoul","HollowMod:CornifersMapStart","HollowMod:SharpenedShadows"],"picked":"SKIP","floor":3}],"player_experience":194880,"relics_obtained":[{"floor":4,"key":"Ring of Fangs"},{"floor":4,"key":"Ring of Fury"}],"event_choices":[],"is_beta":false,"boss_relics":[],"items_purged_floors":[],"is_endless":false,"potions_floor_spawned":[1],"killed_by":"Gensokyo:Cirno","ascension_level":0}}