{"host":"cv77zuuuekizn3ic","time":1609815935,"event":{"mods":["AchievementEnabler","BaseMod","Marisa£®ÏF”Í°°ƒß¿Ì…≥£©","Minty Spire (QoL Compilation)","StSLib","Waifu the Spire","everything is the same but u backflip on backflip","slay the spire mod where everything is the same but ironclad has a cowboy hat"],"gold_per_floor":[115,115,2,18,18,18,44,144,144,163,163,195,24,71,71,150,150,161,189,189,175,13,25,44,44,70,86,124,124,23,58,58,58,58],"floor_reached":33,"playtime":5348,"items_purged":["Strike_B"],"score":521,"play_id":"2cf396f8-6b3d-4fe8-8f8f-5e5b5ce4bd03","local_time":"20210105110535","is_ascension_mode":true,"campfire_choices":[{"data":"Loop","floor":6.0,"key":"SMITH"},{"data":"Beam Cell","floor":11.0,"key":"SMITH"},{"floor":15.0,"key":"REST"},{"data":"Apotheosis","floor":25.0,"key":"SMITH"},{"data":"Heatsinks","floor":29.0,"key":"SMITH"},{"data":"Hologram","floor":32.0,"key":"SMITH"}],"circlet_count":0,"master_deck":["AscendersBane","Strike_B+1","Strike_B+1","Strike_B+1","Defend_B+1","Defend_B","Defend_B","Defend_B","Zap","Dualcast","Beam Cell+1","Glacier","Loop+1","BootSequence","Skim","Heatsinks+1","Capacitor","Turbo","Biased Cognition","Coolheaded","Redo+1","Compile Driver","Apotheosis+1","Darkness","White Noise","Hologram+1","Scrape","Force Field+1"],"relics":["Philosopher\u0027s Stone","Regal Pillow","Cables","Nunchaku","Bag of Preparation","Whetstone","SlaversCollar","Red Mask","CeramicFish","Blood Vial"],"acts_visited":["Exordium","TheCity"],"potions_floor_usage":[],"damage_taken":[{"damage":10.0,"enemies":"Small Slimes","floor":1.0,"turns":3.0},{"damage":0.0,"enemies":"Cultist","floor":4.0,"turns":5.0},{"damage":32.0,"enemies":"Gremlin Nob","floor":7.0,"turns":6.0},{"damage":0.0,"enemies":"2 Louse","floor":10.0,"turns":4.0},{"damage":13.0,"enemies":"3 Sentries","floor":12.0,"turns":4.0},{"damage":11.0,"enemies":"The Guardian","floor":16.0,"turns":15.0},{"damage":13.0,"enemies":"Spheric Guardian","floor":18.0,"turns":4.0},{"damage":26.0,"enemies":"Masked Bandits","floor":19.0,"turns":8.0},{"damage":0.0,"enemies":"2 Thieves","floor":21.0,"turns":4.0},{"damage":0.0,"enemies":"Shelled Parasite and Fungi","floor":23.0,"turns":7.0},{"damage":0.0,"enemies":"Chosen and Byrds","floor":24.0,"turns":4.0},{"damage":12.0,"enemies":"Sentry and Sphere","floor":27.0,"turns":6.0},{"damage":1.0,"enemies":"Book of Stabbing","floor":28.0,"turns":6.0},{"damage":0.0,"enemies":"Slavers","floor":31.0,"turns":6.0},{"damage":33,"enemies":"Collector","floor":33,"turns":2}],"seed_played":"-4404642800002343443","potions_obtained":[{"floor":2.0,"key":"Fruit Juice"},{"floor":2.0,"key":"AttackPotion"},{"floor":2.0,"key":"EssenceOfSteel"},{"floor":7.0,"key":"Energy Potion"},{"floor":10.0,"key":"EssenceOfSteel"},{"floor":16.0,"key":"DistilledChaos"},{"floor":18.0,"key":"Regen Potion"},{"floor":27.0,"key":"Ancient Potion"},{"floor":28.0,"key":"ColorlessPotion"}],"is_trial":false,"path_per_floor":["M","?","$","M","?","R","E","?","T","M","R","E","$","T","R","B",null,"M","?","?","M","$","M","M","R","T","M","E","R","$","E","R","B"],"character_chosen":"DEFECT","items_purchased":["Glacier","Loop","Bag of Preparation","Turbo","Apotheosis","Scrape"],"campfire_rested":1,"item_purchase_floors":[3,3,13,13,22,30],"current_hp_per_floor":[58,63,63,63,47,47,15,15,15,15,15,2,2,2,41,30,68,55,44,44,44,44,44,44,44,44,32,31,31,31,31,31,0,0],"gold":58,"neow_bonus":"BOSS_RELIC","is_daily":false,"chose_seed":false,"campfire_upgraded":5,"win_rate":0.0,"timestamp":1609815935,"path_taken":["M","?","?","M","?","R","E","?","T","?","R","E","$","?","R","BOSS","M","?","?","M","$","?","M","R","T","M","E","R","$","E","R","BOSS"],"items_purchased_type":["Card","Card","Relic","Card","Card","Card"],"build_version":"2020-12-22","purchased_purges":1,"victory":false,"max_hp_per_floor":[75,80,80,80,80,80,80,80,80,80,80,80,80,80,80,80,80,80,80,80,80,80,80,80,80,80,80,80,80,80,80,80,80,80],"card_choices":[{"not_picked":["Go for the Eyes","Leap"],"picked":"Beam Cell","floor":1.0},{"not_picked":["Turbo","Beam Cell"],"picked":"BootSequence","floor":4.0},{"not_picked":["Hello World","Stack"],"picked":"Skim","floor":7.0},{"not_picked":["Doom and Gloom","Turbo"],"picked":"Heatsinks","floor":10.0},{"not_picked":["Streamline","Glacier"],"picked":"Capacitor","floor":12.0},{"not_picked":["Multi-Cast","Hyperbeam"],"picked":"Biased Cognition","floor":16.0},{"not_picked":["Hologram","Heatsinks+1"],"picked":"Coolheaded","floor":18.0},{"not_picked":["Chill","Melter"],"picked":"Redo+1","floor":19.0},{"not_picked":["Aggregate","Rebound+1"],"picked":"Compile Driver","floor":21.0},{"not_picked":["Barrage","Rebound"],"picked":"Darkness","floor":23.0},{"not_picked":["Rip and Tear","Doom and Gloom"],"picked":"White Noise","floor":24.0},{"not_picked":["Static Discharge","Compile Driver","Redo"],"picked":"SKIP","floor":27.0},{"not_picked":["Hyperbeam","Barrage+1"],"picked":"Hologram","floor":28.0},{"not_picked":["Go for the Eyes","Storm"],"picked":"Force Field+1","floor":31.0}],"player_experience":734559,"relics_obtained":[{"floor":7.0,"key":"Regal Pillow"},{"floor":9.0,"key":"Cables"},{"floor":12.0,"key":"Nunchaku"},{"floor":14.0,"key":"Whetstone"},{"floor":19.0,"key":"Red Mask"},{"floor":26.0,"key":"CeramicFish"},{"floor":31.0,"key":"Blood Vial"}],"event_choices":[{"damage_healed":0.0,"max_hp_gain":0.0,"max_hp_loss":0.0,"gold_gain":0.0,"event_name":"Lab","player_choice":"Got Potions","floor":2.0,"gold_loss":0.0,"damage_taken":0.0},{"damage_healed":0.0,"max_hp_gain":0.0,"max_hp_loss":0.0,"gold_gain":0.0,"event_name":"Shining Light","player_choice":"Entered Light","floor":5.0,"gold_loss":0.0,"damage_taken":16.0,"cards_upgraded":["Strike_B","Defend_B"]},{"damage_healed":0.0,"max_hp_gain":0.0,"max_hp_loss":0.0,"gold_gain":100.0,"event_name":"Golden Shrine","player_choice":"Pray","floor":8.0,"gold_loss":0.0,"damage_taken":0.0},{"damage_healed":0.0,"max_hp_gain":0.0,"max_hp_loss":0.0,"gold_gain":0.0,"event_name":"Masked Bandits","player_choice":"Fought Bandits","floor":19.0,"gold_loss":0.0,"damage_taken":0.0},{"damage_healed":0.0,"max_hp_gain":0.0,"max_hp_loss":0.0,"gold_gain":0.0,"event_name":"Match and Keep!","player_choice":"0 cards matched","floor":20.0,"gold_loss":0.0,"damage_taken":0.0,"cards_obtained":[]}],"is_beta":false,"boss_relics":[{"not_picked":["Runic Dome","Snecko Eye"],"picked":"SlaversCollar"}],"items_purged_floors":[30],"is_endless":false,"potions_floor_spawned":[7,10,16,18,27,28],"killed_by":"Collector","ascension_level":13}}