{"host":"qwv9nni2x0umspiu","time":1609834376,"event":{"mods":["BaseMod","Downfall","Minty Spire (QoL Compilation)","Replay The Spire","StSLib","The Hierophant","Wandering Minibosses"],"gold_per_floor":[118,118,133,133,133,158,158,177,177,185,185,200,125,133,133,172,172,133,136,139,157,107,107,7,7,7],"floor_reached":25,"playtime":1147,"items_purged":["hierophant:Strike_Hierophant","Decay"],"score":476,"play_id":"d93d18bc-985e-4245-ad7f-9ecdbafff7f5","local_time":"20210105001256","is_ascension_mode":true,"campfire_choices":[{"data":"hierophant:Punish","floor":7.0,"key":"SMITH"},{"data":"hierophant:SealAway","floor":15.0,"key":"SMITH"},{"data":"hierophant:DivineIntervention","floor":23,"key":"SMITH"}],"circlet_count":0,"master_deck":["AscendersBane","hierophant:Strike_Hierophant+1","hierophant:Punish+1","hierophant:Defend_Hierophant+1","hierophant:ChurchCoffers+1","hierophant:Zeal+1","hierophant:SealAway+1","hierophant:DivineIntervention+1","Clumsy","hierophant:Repentance","hierophant:Shelter","hierophant:Encroach"],"relics":["hierophant:PropheticMaskRelic","NeowsBlessing","Replay:Bottled Steam","Prayer Wheel","Lizard Tail","Replay:Grab Bag","Philosopher\u0027s Stone","ChewingGum","Kintsugi"],"acts_visited":["Exordium","TheCity"],"potions_floor_usage":[],"damage_taken":[{"damage":0.0,"enemies":"2 Louse","floor":1.0,"turns":1.0},{"damage":0.0,"enemies":"Jaw Worm","floor":3.0,"turns":1.0},{"damage":0.0,"enemies":"Gremlin Nob","floor":6.0,"turns":1.0},{"damage":0.0,"enemies":"Cultist","floor":8.0,"turns":3.0},{"damage":17.0,"enemies":"Looter","floor":10.0,"turns":3.0},{"damage":0.0,"enemies":"Gremlin Gang","floor":12.0,"turns":2.0},{"damage":7.0,"enemies":"3 Sentries","floor":14.0,"turns":3.0},{"damage":39.0,"enemies":"Fading Forest","floor":16.0,"turns":13.0},{"damage":25.0,"enemies":"Shell Parasite","floor":18.0,"turns":5.0},{"damage":0,"enemies":"2 Thieves","floor":19,"turns":1},{"damage":16,"enemies":"Shelled Parasite and Fungi","floor":20,"turns":2},{"damage":2,"enemies":"3 Cultists","floor":21,"turns":2},{"damage":19,"enemies":"Snecko","floor":25,"turns":3}],"seed_played":"-7267967929595247825","potions_obtained":[{"floor":1.0,"key":"Swift Potion"},{"floor":14.0,"key":"BlessingOfTheForge"},{"floor":16.0,"key":"LifebloodPotion"},{"floor":18.0,"key":"sneckomod:MuddlingPotion"}],"is_trial":false,"path_per_floor":["M","?","M","?","T","E","R","M","T","M","?","M","$","E","R","B",null,"M","M","M","M","?","R","$","M"],"character_chosen":"HIEROPHANT","items_purchased":[],"campfire_rested":0,"item_purchase_floors":[],"current_hp_per_floor":[68,45,45,45,45,45,45,45,45,28,28,28,28,21,21,14,60,35,35,19,17,17,17,17,37,37],"gold":7,"neow_bonus":"THREE_ENEMY_KILL","is_daily":false,"chose_seed":false,"campfire_upgraded":3,"win_rate":0.0,"timestamp":1609834376,"path_taken":["M","?","M","?","?","E","R","M","T","?","?","M","$","E","R","BOSS","M","M","M","?","?","R","$","M"],"items_purchased_type":[],"build_version":"2020-12-22","purchased_purges":2,"victory":false,"max_hp_per_floor":[75,75,75,75,75,75,75,75,75,75,75,75,75,75,75,75,75,75,75,75,75,75,75,75,75,75],"card_choices":[{"not_picked":["hierophant:MirrorShield","hierophant:Blessing","hierophant:OrnateBuckler"],"picked":"SKIP","floor":1.0},{"not_picked":["hierophant:Blessing","hierophant:SolarFlare","hierophant:FlamingChariot"],"picked":"SKIP","floor":3.0},{"not_picked":["hierophant:Glossolalia","hierophant:Purify","hierophant:FieryStrike"],"picked":"SKIP","floor":6.0},{"not_picked":["hierophant:AuricBeam","hierophant:Purify","hierophant:Doomsaying"],"picked":"SKIP","floor":8.0},{"not_picked":["hierophant:Sermon","hierophant:Encroach","hierophant:Martyrdom"],"picked":"SKIP","floor":8.0},{"not_picked":["hierophant:SealAway","hierophant:Encroach"],"picked":"hierophant:Zeal","floor":10.0},{"not_picked":["hierophant:PassingBell","hierophant:Glossolalia","hierophant:Dazzle"],"picked":"SKIP","floor":10.0},{"not_picked":["hierophant:Zeal","hierophant:LocustPlague"],"picked":"hierophant:SealAway","floor":12.0},{"not_picked":["hierophant:Empathy","hierophant:Purify","hierophant:DisplayOfPower"],"picked":"SKIP","floor":12.0},{"not_picked":["hierophant:FieryStrike","hierophant:DeathKnell","hierophant:Invocation"],"picked":"SKIP","floor":14.0},{"not_picked":["hierophant:LocustPlague","hierophant:AuricForm"],"picked":"hierophant:DivineIntervention","floor":16.0},{"not_picked":["hierophant:FieryStrike","hierophant:Rebuild+1","hierophant:Martyrdom"],"picked":"SKIP","floor":18.0},{"not_picked":["hierophant:PristineSoul","hierophant:SecretStash+1","hierophant:TollTheBells"],"picked":"SKIP","floor":18.0},{"not_picked":["hierophant:Encroach","hierophant:OrnateBuckler"],"picked":"hierophant:Repentance","floor":19},{"not_picked":["hierophant:MorningPrayer","hierophant:RepressedViolence","hierophant:Rebuild"],"picked":"SKIP","floor":19},{"not_picked":["hierophant:OrnateBuckler","hierophant:Encroach","hierophant:ArchangelShield"],"picked":"SKIP","floor":20},{"not_picked":["hierophant:AuricShield","hierophant:SecretStash","hierophant:Remorse"],"picked":"SKIP","floor":20},{"not_picked":["hierophant:Doubloon","hierophant:FlamingChariot"],"picked":"hierophant:Shelter","floor":21},{"not_picked":["hierophant:Purify","hierophant:RustyCrate"],"picked":"hierophant:Encroach","floor":21}],"player_experience":1339206,"relics_obtained":[{"floor":5.0,"key":"Replay:Bottled Steam"},{"floor":6.0,"key":"Prayer Wheel"},{"floor":9.0,"key":"Lizard Tail"},{"floor":14.0,"key":"White Beast Statue"}],"event_choices":[{"damage_healed":0.0,"max_hp_gain":0.0,"max_hp_loss":0.0,"gold_gain":0.0,"event_name":"Shining Light","player_choice":"Entered Light","floor":2.0,"gold_loss":0.0,"damage_taken":23.0,"cards_upgraded":["hierophant:Defend_Hierophant","hierophant:Strike_Hierophant"]},{"damage_healed":0.0,"max_hp_gain":0.0,"max_hp_loss":0.0,"gold_gain":0.0,"event_name":"Living Wall","player_choice":"Grow","floor":4.0,"gold_loss":0.0,"damage_taken":0.0,"cards_upgraded":["hierophant:ChurchCoffers"]},{"damage_healed":0.0,"max_hp_gain":0.0,"max_hp_loss":0.0,"gold_gain":0.0,"event_name":"Accursed Blacksmith","player_choice":"Forge","floor":11.0,"gold_loss":0.0,"damage_taken":0.0,"cards_upgraded":["hierophant:Zeal"]},{"damage_healed":0,"gold_gain":0,"player_choice":"Bet on Murderer","damage_taken":0,"max_hp_gain":0,"max_hp_loss":0,"event_name":"The Joust","floor":22,"gold_loss":50}],"is_beta":false,"boss_relics":[{"not_picked":["Abe\u0027s Treasure","Tiny House"],"picked":"Replay:Grab Bag"},{"not_picked":["ReplayTheSpireMod:Onyx Gauntlets","Coffee Dripper"],"picked":"Philosopher\u0027s Stone"},{"not_picked":["Velvet Choker","Sozu"],"picked":"ChewingGum"},{"not_picked":["Pandora\u0027s Box","SacredBark"],"picked":"Kintsugi"}],"items_purged_floors":[13,24],"is_endless":false,"potions_floor_spawned":[1,14,16,18],"killed_by":"Snecko","ascension_level":20}}