{"host":"appz8zkad29u9482","time":1609830572,"event":{"mods":["2.2 Compatiblity","Act Like it!","Aspiration","BaseMod","Beaked The Cultist","Better Altar","Better Match","Better Note","Better Skull","Better Third Choice","BetterRewards","CapriCore","Conspire","Disable Question Mark Monsters","Energized Spire","Gensokyo","GifTheSpireLib","Gold Saver","Halation","Hermit","Hubris","Infinite Spire","Jedi Mod","Jorbs\u0027s Wanderer Trilogy","Koishi","Marisa????????","Minty Spire (QoL Compilation)","Permanent Neow","Reimu??????","Replay The Spire","Spicy Shops","StSLib","Strawberry Spire","Stuff the Spire","The Administrix","The Cursed","The Hierophant","The Immortal","The Marked","The Servant 0.9.4","yUi"],"gold_per_floor":[471,471,486,110,210,243,260,284,330,330,330,345,363,396,396,493,493,507,507,518,541,554,587,601,601,601],"floor_reached":25,"playtime":1566,"items_purged":["Clumsy"],"score":451,"play_id":"e8365e00-3715-4d11-8615-bd5fb00afae7","local_time":"20210104210932","is_ascension_mode":true,"campfire_choices":[{"data":"jedi:hate","floor":15,"key":"SMITH"}],"circlet_count":0,"master_deck":["conspire:GhostlyStrike","conspire:GhostlyStrike","conspire:GhostlyStrike","conspire:GhostlyStrike","conspire:GhostlyStrike","conspire:GhostlyDefend","conspire:GhostlyDefend","conspire:GhostlyDefend","conspire:GhostlyDefend","Bash","Metallicize","jedi:fear","jedi:fear","jedi:hate+1","Replay:Undeath\u0027s Touch","jedi:controlledanger","Wild Strike","strawberrySpire:Hellbender","jedi:fear","infinitespire:OneForAll+1","Replay:Undeath\u0027s Touch"],"relics":["Burning Blood","Tiny Chest","Replay:Mystery Machine","aspiration:ChemicalBlood","halation:PromiseList","hubris:TenFootPole","Strawberry","strawberrySpire:Starfruit","Mirror","conspire:RoyalGoblet","Smiling Mask","jedi:purplefairy"],"acts_visited":["Exordium","TheCity"],"potions_floor_usage":[6,14,16,18,20,23,23,24,24,25],"damage_taken":[{"damage":13,"enemies":"2 Louse","floor":1,"turns":3},{"damage":3,"enemies":"conspire:RoseBush","floor":3,"turns":4},{"damage":28,"enemies":"Lagavulin","floor":6,"turns":5},{"damage":0,"enemies":"infinitespire:Voidling","floor":7,"turns":2},{"damage":0,"enemies":"2 Fungi Beasts","floor":12,"turns":2},{"damage":3,"enemies":"Looter","floor":13,"turns":2},{"damage":0,"enemies":"Gremlin Nob","floor":14,"turns":3},{"damage":63,"enemies":"Fading Forest","floor":16,"turns":11},{"damage":24,"enemies":"Shell Parasite","floor":18,"turns":4},{"damage":34,"enemies":"2 Thieves","floor":20,"turns":4},{"damage":0,"enemies":"Snecko","floor":22,"turns":2},{"damage":29,"enemies":"Replay:Snechameleon","floor":23,"turns":4},{"damage":30,"enemies":"Snake Plant","floor":24,"turns":4},{"damage":19,"enemies":"Cultist and Chosen","floor":25,"turns":4}],"seed_played":"5434093797234927718","potions_obtained":[{"floor":7,"key":"jedi:StrikingPotion"},{"floor":13,"key":"GrandPatriotsElixir:ReiMu"},{"floor":14,"key":"Weak Potion"},{"floor":16,"key":"Strength Potion"},{"floor":18,"key":"Energy Potion"},{"floor":22,"key":"Elixir"},{"floor":23,"key":"jedi:hoardpotion"}],"is_trial":false,"path_per_floor":["M","?","M","$","?","E","M","T","T","R","?","M","M","E","R","B",null,"M","?","M","T","M","E","M","M"],"character_chosen":"IRONCLAD","items_purchased":["Tiny Chest","Metallicize","jedi:fear","Replay:Mystery Machine","aspiration:ChemicalBlood","jedi:controlledanger"],"campfire_rested":0,"item_purchase_floors":[0,0,0,4,4,4],"current_hp_per_floor":[64,64,67,67,67,45,51,51,58,70,70,76,79,85,85,46,99,81,81,53,53,59,36,12,0,0],"gold":601,"neow_bonus":"","is_daily":false,"chose_seed":false,"campfire_upgraded":1,"win_rate":0.0,"timestamp":1609830572,"path_taken":["M","?","M","$","?","E","?","?","T","R","?","?","M","E","R","BOSS","M","?","M","?","M","E","?","?"],"items_purchased_type":["Relic","Card","Card","Relic","Relic","Card"],"build_version":"2020-12-22","purchased_purges":1,"victory":false,"max_hp_per_floor":[80,80,80,80,80,80,80,80,87,99,99,99,99,99,99,99,99,99,99,99,99,99,99,99,99,99],"card_choices":[{"not_picked":["Iron Wave","strawberrySpire:ZonePlayer"],"picked":"jedi:hate","floor":1},{"not_picked":["ReplayTheSpireMod:Strike From Hell","Havoc"],"picked":"Replay:Undeath\u0027s Touch","floor":3},{"not_picked":["Whirlwind","Spot Weakness"],"picked":"Wild Strike","floor":6},{"not_picked":["Sever Soul","Bloodletting","Burning Pact"],"picked":"SKIP","floor":7},{"not_picked":["Perfected Strike","Sword Boomerang","Clothesline"],"picked":"SKIP","floor":12},{"not_picked":["ReplayTheSpireMod:LeadingStrike","Reckless Charge","StuffTheSpire:RagingBull"],"picked":"SKIP","floor":13},{"not_picked":["Run Through","Perfected Strike","Armaments"],"picked":"SKIP","floor":14},{"not_picked":["Brutality","Immolate"],"picked":"strawberrySpire:Hellbender","floor":16},{"not_picked":["Body Slam","strawberrySpire:ZonePlayer+1","Rupture"],"picked":"SKIP","floor":18},{"not_picked":["ReplayTheSpireMod:Limb From Limb","strawberrySpire:Taunt"],"picked":"infinitespire:OneForAll+1","floor":20},{"not_picked":["Headbutt+1","True Grit+1","Perfected Strike+1"],"picked":"SKIP","floor":22},{"not_picked":["strawberrySpire:ZonePlayer","Sentinel","strawberrySpire:FireDrill"],"picked":"SKIP","floor":23},{"not_picked":["Pommel Strike","jedi:controlledanger"],"picked":"Replay:Undeath\u0027s Touch","floor":24}],"player_experience":468983,"relics_obtained":[{"floor":6,"key":"halation:PromiseList"},{"floor":8,"key":"hubris:TenFootPole"},{"floor":9,"key":"Strawberry"},{"floor":10,"key":"strawberrySpire:Starfruit"},{"floor":14,"key":"Mirror"},{"floor":21,"key":"Smiling Mask"},{"floor":23,"key":"jedi:purplefairy"}],"event_choices":[{"damage_healed":0,"gold_gain":100,"player_choice":"Gold","damage_taken":0,"max_hp_gain":0,"max_hp_loss":0,"event_name":"Wheel of Change","floor":5,"gold_loss":0},{"damage_healed":0,"gold_gain":0,"player_choice":"Agree","damage_taken":0,"max_hp_gain":0,"max_hp_loss":0,"event_name":"conspire:LoneGhost","floor":11,"gold_loss":0},{"damage_healed":0,"gold_gain":0,"player_choice":"Read","damage_taken":0,"max_hp_gain":0,"max_hp_loss":0,"event_name":"The Library","floor":19,"gold_loss":0,"cards_obtained":["jedi:fear"]}],"is_beta":false,"boss_relics":[{"not_picked":["halation:CatFaceCupcake","aspiration:ServantSkillbook"],"picked":"conspire:RoyalGoblet"}],"items_purged_floors":[4],"is_endless":false,"potions_floor_spawned":[7,13,14,16,22,23],"killed_by":"Cultist and Chosen","ascension_level":1}}