{"host":"gsmj583br51y3r1c","time":1609841950,"event":{"mods":["AchievementEnabler","BaseMod","Better Note","Colored Map","Downfall","Hermit","Highlight Path","Hubris","Infinite Spire","Koishi","Marisa????????","Minty Spire (QoL Compilation)","Permanent Neow","Quick Restart","Shade Mod","StSLib","Td1madao Mod","The Bug Knight","The Cursed","The Disciple","The Elementalist","The Marked","The Mystic","The Runesmith","The Servant 0.9.4","everything is the same but u backflip on backflip"],"gold_per_floor":[113,129,144,164,183,183,183,193,193,193,193,206,104,133,133,229,229,247,267,267,267],"floor_reached":20,"playtime":2316,"items_purged":[],"score":178,"play_id":"0c7d8554-8d63-4c3f-b50f-f96d32fa0e16","local_time":"20210105121910","is_ascension_mode":false,"campfire_choices":[{"data":"hermit:Midnight","floor":10,"key":"SMITH"},{"data":"hermit:LoneWolf","floor":15,"key":"SMITH"}],"circlet_count":0,"master_deck":["hermit:Strike_Hermit","hermit:Strike_Hermit","hermit:Strike_Hermit","hermit:Strike_Hermit","hermit:Defend_Hermit","hermit:Defend_Hermit","hermit:Defend_Hermit","hermit:Defend_Hermit","hermit:Snapshot","hermit:Covet","hermit:BodyArmor","hermit:Dive","hermit:Brawl+1","hermit:Feint","hermit:Spite","Regret","hermit:Reprieve","hermit:Brawl","hermit:Midnight+1","hermit:ShadowCloak","hermit:Misfire","hermit:LoneWolf+1","hermit:HeroicBravado","hermit:Adapt"],"relics":["hermit:Momento","Torii","hubris:TinFlute","infinitespire:ShieldingShard","hubris:PeanutButter","Busted Crown"],"acts_visited":["Exordium","TheCity"],"potions_floor_usage":[5,8,12,14,16],"damage_taken":[{"damage":1,"enemies":"Cultist","floor":1,"turns":4},{"damage":1,"enemies":"Jaw Worm","floor":2,"turns":3},{"damage":1,"enemies":"Small Slimes","floor":3,"turns":4},{"damage":1,"enemies":"Red Slaver","floor":4,"turns":4},{"damage":0,"enemies":"Looter","floor":5,"turns":4},{"damage":3,"enemies":"Blue Slaver","floor":8,"turns":6},{"damage":3,"enemies":"Gremlin Gang","floor":12,"turns":6},{"damage":3,"enemies":"Gremlin Nob","floor":14,"turns":6},{"damage":27,"enemies":"The Guardian","floor":16,"turns":9},{"damage":0,"enemies":"Shell Parasite","floor":18,"turns":5},{"damage":1,"enemies":"Chosen","floor":19,"turns":8},{"damage":0,"enemies":"Snecko","floor":20,"turns":1}],"seed_played":"2029168671602984277","potions_obtained":[{"floor":3,"key":"Explosive Potion"},{"floor":5,"key":"LiquidMemories"},{"floor":8,"key":"hermit:Tonic"},{"floor":12,"key":"hermit:Tonic"},{"floor":14,"key":"LiquidMemories"},{"floor":19,"key":"sneckomod:MuddlingPotion"}],"is_trial":false,"path_per_floor":["M","M","M","M","M","?","?","M","T","R","?","M","$","E","R","B",null,"M","M","M"],"character_chosen":"HERMIT","items_purchased":["hermit:Misfire","hermit:LoneWolf"],"campfire_rested":0,"item_purchase_floors":[13,13],"current_hp_per_floor":[67,66,65,64,64,64,64,61,61,61,61,68,68,65,65,38,68,68,67,67,67],"gold":267,"neow_bonus":"ONE_RARE_RELIC","is_daily":false,"chose_seed":false,"campfire_upgraded":2,"win_rate":0.0,"timestamp":1609841950,"path_taken":["M","M","M","M","?","?","?","?","T","R","?","M","$","E","R","BOSS","M","M","M"],"items_purchased_type":["Card","Card"],"build_version":"2020-12-22","purchased_purges":0,"victory":false,"max_hp_per_floor":[68,68,68,68,68,68,68,68,68,68,68,68,68,68,68,68,68,68,68,68,68],"card_choices":[{"not_picked":["hermit:Coalescence","hermit:Combo"],"picked":"hermit:BodyArmor","floor":1},{"not_picked":["hermit:Quickdraw","hermit:Combo"],"picked":"hermit:Dive","floor":2},{"not_picked":["hermit:HoleUp","hermit:Roulette"],"picked":"hermit:Brawl","floor":3},{"not_picked":["hermit:LuckOfTheDraw","hermit:ItchyTrigger"],"picked":"hermit:Feint","floor":4},{"not_picked":["hermit:LowProfile","hermit:Malice"],"picked":"hermit:Spite","floor":5},{"not_picked":["hermit:Roulette","hermit:Dive"],"picked":"hermit:Midnight","floor":8},{"not_picked":["hermit:Coalescence","hermit:Roulette"],"picked":"hermit:ShadowCloak","floor":12},{"not_picked":["hermit:Manifest","hermit:CalledShot"],"picked":"hermit:HeroicBravado","floor":14},{"not_picked":["hermit:RoundhouseKick","hermit:HeroicBravado"],"picked":"hermit:Adapt","floor":16},{"not_picked":["hermit:Roulette"],"picked":"SKIP","floor":18},{"not_picked":["hermit:CalledShot"],"picked":"SKIP","floor":19}],"player_experience":328935,"relics_obtained":[{"floor":9,"key":"infinitespire:ShieldingShard"},{"floor":14,"key":"hubris:PeanutButter"}],"event_choices":[{"damage_healed":0,"gold_gain":0,"player_choice":"Box","damage_taken":0,"relics_obtained":["hubris:TinFlute"],"max_hp_gain":0,"max_hp_loss":0,"event_name":"Big Fish","floor":6,"gold_loss":0,"cards_obtained":["Regret"]},{"damage_healed":0,"gold_gain":0,"player_choice":"2 cards matched","damage_taken":0,"max_hp_gain":0,"max_hp_loss":0,"event_name":"Match and Keep!","floor":7,"gold_loss":0,"cards_obtained":["hermit:Reprieve","hermit:Brawl"]},{"damage_healed":0,"gold_gain":0,"player_choice":"Forge","damage_taken":0,"max_hp_gain":0,"max_hp_loss":0,"event_name":"Accursed Blacksmith","floor":11,"gold_loss":0,"cards_upgraded":["hermit:Brawl"]}],"is_beta":false,"boss_relics":[{"not_picked":["hermit:BartenderGlass","infinitespire:Cupcake"],"picked":"Busted Crown"}],"items_purged_floors":[],"is_endless":false,"potions_floor_spawned":[3,5,8,12,14,19],"killed_by":"Snecko","ascension_level":0}}