{"host":"sav7uxregyirlf69","time":1609830447,"event":{"mods":["AchievementEnabler","BaseMod","Colored Map","DeckTracker","Keyboard Shortcuts","Minty Spire (QoL Compilation)","READ ME - Guardian Mod","StSLib","SuperFastMode"],"gold_per_floor":[115,115,129,129,147,175,225,225,225,58,58,133,153,180,180,180,180],"floor_reached":16,"playtime":302,"items_purged":[],"score":216,"play_id":"da82ac0f-cc54-4ee5-8b83-56afeaee8d3f","local_time":"20210105160727","is_ascension_mode":true,"campfire_choices":[{"data":"Neutralize","floor":8,"key":"SMITH"},{"data":"Tactician","floor":11,"key":"SMITH"},{"data":"Acrobatics","floor":15,"key":"SMITH"}],"circlet_count":0,"master_deck":["AscendersBane","Strike_G","Strike_G","Strike_G","Strike_G","Strike_G","Defend_G","Defend_G","Defend_G","Defend_G","Defend_G","Survivor","Neutralize+1","Deflect","Predator+1","Dagger Spray","Glass Knife","Tactician+1","Calculated Gamble","Acrobatics+1","Eviscerate"],"relics":["Ring of the Snake","Calipers","Meat on the Bone","Blood Vial","Orrery","Strawberry"],"acts_visited":["Exordium"],"potions_floor_usage":[6],"damage_taken":[{"damage":1,"enemies":"Small Slimes","floor":1,"turns":4},{"damage":3,"enemies":"Cultist","floor":3,"turns":5},{"damage":12,"enemies":"Jaw Worm","floor":5,"turns":4},{"damage":13,"enemies":"3 Sentries","floor":6,"turns":8},{"damage":0,"enemies":"Exordium Thugs","floor":13,"turns":3},{"damage":22,"enemies":"Lagavulin","floor":14,"turns":6},{"damage":34,"enemies":"Hexaghost","floor":16,"turns":11}],"seed_played":"5151709270649277753","potions_obtained":[{"floor":1,"key":"LiquidMemories"}],"is_trial":false,"path_per_floor":["M","?","M","?","M","E","?","R","T","$","R","?","M","E","R","B"],"character_chosen":"THE_SILENT","items_purchased":["Orrery"],"campfire_rested":0,"item_purchase_floors":[10],"current_hp_per_floor":[58,58,55,55,43,30,30,30,30,30,30,19,33,32,32,0,0],"gold":180,"neow_bonus":"ONE_RARE_RELIC","is_daily":false,"chose_seed":false,"campfire_upgraded":3,"win_rate":0.0,"timestamp":1609830447,"path_taken":["M","?","?","?","?","E","?","R","T","?","R","?","M","E","R","BOSS"],"items_purchased_type":["Relic"],"build_version":"2020-12-22","purchased_purges":0,"victory":false,"max_hp_per_floor":[60,60,60,60,60,60,60,60,60,60,60,60,60,67,67,67,67],"card_choices":[{"not_picked":["Expertise","Sucker Punch"],"picked":"Deflect","floor":1},{"not_picked":["Flying Knee","Deflect"],"picked":"Predator","floor":3},{"not_picked":["Outmaneuver","Underhanded Strike"],"picked":"Dagger Spray","floor":5},{"not_picked":["Dagger Spray","Bane"],"picked":"Glass Knife","floor":6},{"not_picked":["Night Terror","Predator"],"picked":"Tactician","floor":10},{"not_picked":["Sucker Punch","Footwork"],"picked":"Calculated Gamble","floor":10},{"not_picked":["Backflip","Eviscerate"],"picked":"Acrobatics","floor":10},{"not_picked":["Slice","PiercingWail"],"picked":"Eviscerate","floor":10},{"not_picked":["Crippling Poison","Endless Agony","Deadly Poison"],"picked":"SKIP","floor":13},{"not_picked":["Endless Agony","Skewer","Sucker Punch"],"picked":"SKIP","floor":14}],"player_experience":1143270,"relics_obtained":[{"floor":6,"key":"Meat on the Bone"},{"floor":9,"key":"Blood Vial"},{"floor":14,"key":"Strawberry"}],"event_choices":[{"damage_healed":0,"gold_gain":0,"player_choice":"0 cards matched","damage_taken":0,"max_hp_gain":0,"max_hp_loss":0,"event_name":"Match and Keep!","floor":2,"gold_loss":0,"cards_obtained":[]},{"damage_healed":0,"gold_gain":0,"player_choice":"Upgraded","damage_taken":0,"max_hp_gain":0,"max_hp_loss":0,"event_name":"Upgrade Shrine","floor":4,"gold_loss":0,"cards_upgraded":["Predator"]},{"damage_healed":0,"gold_gain":50,"player_choice":"Pray","damage_taken":0,"max_hp_gain":0,"max_hp_loss":0,"event_name":"Golden Shrine","floor":7,"gold_loss":0},{"damage_healed":0,"gold_gain":75,"player_choice":"Gather Gold","damage_taken":11,"max_hp_gain":0,"max_hp_loss":0,"event_name":"World of Goop","floor":12,"gold_loss":0}],"is_beta":false,"boss_relics":[],"items_purged_floors":[],"is_endless":false,"potions_floor_spawned":[1],"killed_by":"Hexaghost","ascension_level":20}}