{"host":"vlqejv0notyktumz","time":1609875663,"event":{"mods":["AchievementEnabler","BaseMod","Googly Eyes","Minty Spire (QoL Compilation)"],"gold_per_floor":[116,19,33,47,47,47,66,66,112,112,139,157,172,202,202,306,306,319,499,518,528,79,104,104,104],"floor_reached":24,"playtime":684,"items_purged":["Strike_B","Defend_B"],"score":321,"play_id":"05b5e925-ba04-47a5-911f-5c3b8f2f0b55","local_time":"20210105134103","is_ascension_mode":true,"campfire_choices":[{"data":"Conserve Battery","floor":6,"key":"SMITH"},{"data":"Conserve Battery","floor":8,"key":"SMITH"},{"data":"Zap","floor":10,"key":"SMITH"},{"floor":15,"key":"REST"}],"circlet_count":0,"master_deck":["Strike_B","Defend_B","Defend_B","Defend_B","Zap+1","Dualcast","Meteor Strike","Gash","Conserve Battery+1","Conserve Battery+1","Darkness","Sunder","Leap","Ball Lightning","Machine Learning","Gash+1","Conserve Battery","Conserve Battery"],"relics":["Cracked Core","Ancient Tea Set","Oddly Smooth Stone","Toy Ornithopter","Empty Cage","Art of War","Akabeko","Emotion Chip"],"acts_visited":["Exordium","TheCity"],"potions_floor_usage":[11,14,16,23,23],"damage_taken":[{"damage":6,"enemies":"Cultist","floor":1,"turns":3},{"damage":4,"enemies":"Jaw Worm","floor":3,"turns":4},{"damage":0,"enemies":"Small Slimes","floor":4,"turns":3},{"damage":13,"enemies":"3 Louse","floor":7,"turns":5},{"damage":5,"enemies":"Lagavulin","floor":11,"turns":5},{"damage":0,"enemies":"Looter","floor":12,"turns":3},{"damage":0,"enemies":"2 Fungi Beasts","floor":13,"turns":2},{"damage":3,"enemies":"Gremlin Nob","floor":14,"turns":4},{"damage":17,"enemies":"Slime Boss","floor":16,"turns":10},{"damage":6,"enemies":"Chosen","floor":18,"turns":5},{"damage":10,"enemies":"Shell Parasite","floor":20,"turns":7},{"damage":2,"enemies":"Chosen and Byrds","floor":21,"turns":6},{"damage":32,"enemies":"Book of Stabbing","floor":23,"turns":5},{"damage":9,"enemies":"Snake Plant","floor":24,"turns":2}],"seed_played":"1042809048917659027","potions_obtained":[{"floor":1,"key":"EssenceOfSteel"},{"floor":5,"key":"AttackPotion"},{"floor":5,"key":"FearPotion"},{"floor":14,"key":"Swift Potion"},{"floor":18,"key":"SteroidPotion"}],"is_trial":false,"path_per_floor":["M","$","M","M","?","R","M","R","T","R","E","M","M","E","R","B",null,"M","?","M","M","$","E","M"],"character_chosen":"DEFECT","items_purchased":["Conserve Battery","Art of War","Akabeko","Conserve Battery"],"campfire_rested":1,"item_purchase_floors":[2,22,22,22],"current_hp_per_floor":[62,62,58,58,58,58,45,45,45,45,40,40,40,37,59,47,68,62,43,33,31,31,9,0,0],"gold":104,"neow_bonus":"ONE_RANDOM_RARE_CARD","is_daily":false,"chose_seed":false,"campfire_upgraded":3,"win_rate":0.0,"timestamp":1609875663,"path_taken":["M","$","M","?","?","R","?","R","T","R","E","?","M","E","R","BOSS","M","?","?","M","$","E","M"],"items_purchased_type":["Card","Relic","Relic","Card"],"build_version":"2020-12-22","purchased_purges":2,"victory":false,"max_hp_per_floor":[75,75,75,75,75,75,75,75,75,75,75,75,75,75,75,75,75,75,75,75,75,75,75,75,75],"card_choices":[{"not_picked":["Consume","Reprogram"],"picked":"Gash","floor":1},{"not_picked":["Rebound","Sweeping Beam"],"picked":"Conserve Battery","floor":3},{"not_picked":["Streamline","Go for the Eyes","Hologram"],"picked":"SKIP","floor":4},{"not_picked":["Streamline","Sweeping Beam"],"picked":"Darkness","floor":7},{"not_picked":["Buffer","Hologram"],"picked":"Sunder","floor":11},{"not_picked":["Skim","Darkness","Compile Driver"],"picked":"SKIP","floor":12},{"not_picked":["Steam","Cold Snap"],"picked":"Leap","floor":13},{"not_picked":["Consume","Cold Snap"],"picked":"Ball Lightning","floor":14},{"not_picked":["Thunder Strike","Meteor Strike"],"picked":"Machine Learning","floor":16},{"not_picked":["Cold Snap","Barrage","Sweeping Beam+1"],"picked":"SKIP","floor":18},{"not_picked":["Leap+1","Streamline"],"picked":"Gash+1","floor":20},{"not_picked":["Self Repair","Reprogram"],"picked":"Conserve Battery","floor":21},{"not_picked":["Beam Cell","Melter","Recycle"],"picked":"SKIP","floor":23}],"player_experience":291254,"relics_obtained":[{"floor":9,"key":"Ancient Tea Set"},{"floor":11,"key":"Oddly Smooth Stone"},{"floor":14,"key":"Toy Ornithopter"},{"floor":23,"key":"Emotion Chip"}],"event_choices":[{"damage_healed":0,"gold_gain":0,"player_choice":"Got Potions","damage_taken":0,"max_hp_gain":0,"max_hp_loss":0,"event_name":"Lab","floor":5,"gold_loss":0},{"damage_healed":0,"gold_gain":180,"player_choice":"GOLD GOLD ","damage_taken":19,"max_hp_gain":0,"max_hp_loss":0,"event_name":"Knowing Skull","floor":19,"potions_obtained":[],"gold_loss":0,"cards_obtained":[]}],"is_beta":false,"boss_relics":[{"not_picked":["Calling Bell","FrozenCore"],"picked":"Empty Cage"}],"items_purged_floors":[2,22],"is_endless":false,"potions_floor_spawned":[1,7,14,18],"killed_by":"Snake Plant","ascension_level":6}}