{"host":"0jile2yd1dg679g0","time":1609820935,"event":{"mods":["AchievementEnabler","Act Like it!","BaseMod","Better Third Choice","Colored Map","Colored Powertips","Gensokyo","Hermit","Luminous","Marisa????????","Minty Spire (QoL Compilation)","Random Character Button","Spicy Shops","StSLib","The Servant 0.9.4","Transform Curses","Waifu the Spire"],"gold_per_floor":[116,1,49,49,124,124,153,153,180,212,212,229,241,416,416,513,513,525,543,483,497,17,17,42,42,42,60,75,2,2,16,16,121,121,140,188,98,98,98,98,114,114,138,157,176,186,199,199,199,199],"floor_reached":51,"playtime":4052,"items_purged":["Strike_G","Defend_G"],"score":775,"play_id":"567fe285-be15-441e-9295-5601bb623b07","local_time":"20210104232855","is_ascension_mode":true,"campfire_choices":[{"data":"Noxious Fumes","floor":6,"key":"SMITH"},{"floor":8,"key":"REST"},{"floor":11,"key":"REST"},{"data":"Terror","floor":15,"key":"SMITH"},{"data":"Venomology","floor":23,"key":"SMITH"},{"floor":25,"key":"REST"},{"floor":32,"key":"REST"},{"floor":40,"key":"REST"},{"floor":42,"key":"REST"},{"data":"Burst","floor":49,"key":"SMITH"}],"circlet_count":0,"master_deck":["Strike_G","Strike_G","Defend_G","Defend_G","Defend_G","Defend_G+1","Survivor","Neutralize","Deadly Poison+1","Noxious Fumes+1","Deadly Poison","Terror+1","Deadly Poison","Deadly Poison","Dagger Spray","Burst+1","Poisoned Stab+1","Deflect+1","Venomology+1","Heel Hook","Crippling Poison","Deflect","Quick Slash+1","Die Die Die","Skewer","Masterful Stab+1","Dagger Spray","All Out Attack+1","Flying Knee+1"],"relics":["Runic Pyramid","Potion Belt","Juzu Bracelet","Bag of Marbles","Omamori","Busted Crown","Ice Cream","OrangePellets","War Paint","PreservedInsect","Mummified Hand","Cursed Key","CatCart","Mango","Akabeko"],"acts_visited":["Exordium","TheCity","TheBeyond"],"potions_floor_usage":[21,21,24,24,27,28,31,33,35,36,36,38,38,41,44,45,46,47,50,50],"damage_taken":[{"damage":0,"enemies":"Cultist","floor":1,"turns":4},{"damage":26,"enemies":"Lagavulin","floor":7,"turns":6},{"damage":31,"enemies":"Gremlin Nob","floor":10,"turns":4},{"damage":4,"enemies":"Small Slimes","floor":12,"turns":4},{"damage":0,"enemies":"Jaw Worm","floor":13,"turns":3},{"damage":37,"enemies":"The Guardian","floor":16,"turns":8},{"damage":3,"enemies":"3 Byrds","floor":18,"turns":4},{"damage":1,"enemies":"Spheric Guardian","floor":19,"turns":3},{"damage":19,"enemies":"Cultist and Chosen","floor":21,"turns":6},{"damage":19,"enemies":"Gremlin Leader","floor":24,"turns":5},{"damage":18,"enemies":"Snake Plant","floor":27,"turns":3},{"damage":0,"enemies":"Snecko","floor":28,"turns":4},{"damage":4,"enemies":"Sentry and Sphere","floor":31,"turns":3},{"damage":45,"enemies":"Automaton","floor":33,"turns":9},{"damage":7,"enemies":"3 Shapes","floor":35,"turns":3},{"damage":70,"enemies":"Orin","floor":36,"turns":8},{"damage":24,"enemies":"2 Orb Walkers","floor":38,"turns":5},{"damage":10,"enemies":"3 Darklings","floor":41,"turns":4},{"damage":10,"enemies":"Transient","floor":44,"turns":5},{"damage":9,"enemies":"Maw","floor":45,"turns":6},{"damage":6,"enemies":"Jaw Worm Horde","floor":46,"turns":2},{"damage":23,"enemies":"Spire Growth","floor":47,"turns":4},{"damage":125,"enemies":"Time Eater","floor":50,"turns":10}],"seed_played":"2116103041574588916","potions_obtained":[{"floor":7,"key":"Ancient Potion"},{"floor":12,"key":"Block Potion"},{"floor":13,"key":"Poison Potion"},{"floor":19,"key":"AttackPotion"},{"floor":24,"key":"Fruit Juice"},{"floor":33,"key":"Weak Potion"},{"floor":39,"key":"CultistPotion"},{"floor":39,"key":"CultistPotion"},{"floor":39,"key":"Swift Potion"},{"floor":47,"key":"SpeedPotion"}],"is_trial":false,"path_per_floor":["M","$","T","$","?","R","E","R","T","E","R","M","M","?","R","B",null,"M","M","?","M","$","R","E","R","T","M","M","$","?","M","R","B",null,"M","?","$","?","?","R","M","R","T","M","M","M","M","?","R","B",null],"character_chosen":"THE_SILENT","items_purchased":["Noxious Fumes","Deadly Poison","Ice Cream","OrangePellets","War Paint","LiquidMemories","Mango"],"campfire_rested":6,"item_purchase_floors":[2,2,22,22,22,29,37],"current_hp_per_floor":[70,70,70,70,59,59,33,54,54,23,44,40,40,40,40,3,70,67,66,66,47,47,47,28,49,49,36,36,36,36,32,54,9,75,68,20,34,10,10,36,26,52,52,42,33,27,4,78,78,20],"gold":199,"neow_bonus":"BOSS_RELIC","is_daily":false,"chose_seed":false,"campfire_upgraded":4,"win_rate":0.0,"timestamp":1609820935,"path_taken":["M","$","?","$","?","R","E","R","T","E","R","M","M","?","R","BOSS","M","M","?","M","$","R","E","R","T","M","M","$","?","M","R","BOSS","M","?","$","?","?","R","M","R","T","M","M","M","M","?","R","BOSS"],"items_purchased_type":["Card","Card","Relic","Relic","Relic","Potion","Relic"],"build_version":"2020-12-22","purchased_purges":2,"victory":true,"max_hp_per_floor":[70,70,70,70,70,70,70,70,70,70,70,70,70,70,70,70,70,70,70,70,70,70,70,70,70,70,75,75,75,75,75,75,75,75,75,75,89,89,89,89,89,89,89,89,89,89,89,78,78,78],"card_choices":[{"not_picked":["Bane","Calculated Gamble"],"picked":"Deadly Poison","floor":1},{"not_picked":["Endless Agony","Dodge and Roll"],"picked":"Terror","floor":7},{"not_picked":["Blur","Wraith Form v2"],"picked":"Deadly Poison","floor":10},{"not_picked":["Flechettes","Sucker Punch"],"picked":"Deadly Poison","floor":12},{"not_picked":["Sucker Punch","Outmaneuver"],"picked":"Dagger Spray","floor":13},{"not_picked":["Night Terror","Wraith Form v2"],"picked":"Burst","floor":16},{"not_picked":[],"picked":"Poisoned Stab+1","floor":18},{"not_picked":[],"picked":"Deflect+1","floor":19},{"not_picked":["Dodge and Roll"],"picked":"SKIP","floor":21},{"not_picked":[],"picked":"Crippling Poison","floor":24},{"not_picked":["Flying Knee+1"],"picked":"SKIP","floor":27},{"not_picked":[],"picked":"Deflect","floor":28},{"not_picked":[],"picked":"Quick Slash+1","floor":31},{"not_picked":[],"picked":"Die Die Die","floor":33},{"not_picked":["Accuracy+1"],"picked":"SKIP","floor":35},{"not_picked":[],"picked":"Skewer","floor":41},{"not_picked":[],"picked":"Masterful Stab+1","floor":44},{"not_picked":[],"picked":"Dagger Spray","floor":45},{"not_picked":[],"picked":"All Out Attack+1","floor":46},{"not_picked":[],"picked":"Flying Knee+1","floor":47}],"player_experience":242628,"relics_obtained":[{"floor":3,"key":"Potion Belt"},{"floor":7,"key":"Juzu Bracelet"},{"floor":9,"key":"Bag of Marbles"},{"floor":10,"key":"Omamori"},{"floor":24,"key":"PreservedInsect"},{"floor":26,"key":"Mummified Hand"},{"floor":36,"key":"CatCart"},{"floor":43,"key":"Akabeko"}],"event_choices":[{"damage_healed":0,"gold_gain":75,"player_choice":"Gold","damage_taken":11,"max_hp_gain":0,"max_hp_loss":0,"event_name":"betterThird:BetterGoop","floor":5,"gold_loss":0},{"damage_healed":0,"gold_gain":175,"player_choice":"AGREE","damage_taken":241,"max_hp_gain":0,"max_hp_loss":0,"event_name":"betterThird:BetterSerpent","floor":14,"gold_loss":0},{"damage_healed":0,"gold_gain":0,"cards_transformed":["Strike_G","Strike_G"],"player_choice":"Transformed Cards","damage_taken":0,"max_hp_gain":0,"max_hp_loss":0,"event_name":"Designer","floor":20,"gold_loss":60,"cards_obtained":["Venomology","Heel Hook"]},{"damage_healed":0,"gold_gain":0,"player_choice":"Ignored","damage_taken":0,"max_hp_gain":0,"max_hp_loss":0,"event_name":"Vampires","floor":30,"gold_loss":0},{"damage_healed":0,"gold_gain":0,"player_choice":"Fight","damage_taken":0,"max_hp_gain":0,"max_hp_loss":0,"event_name":"OrinTheCat","floor":36,"gold_loss":0},{"damage_healed":0,"gold_gain":0,"player_choice":"Fight","damage_taken":0,"max_hp_gain":0,"max_hp_loss":0,"event_name":"Mysterious Sphere","floor":38,"gold_loss":0},{"damage_healed":0,"gold_gain":0,"player_choice":"Got Potions","damage_taken":0,"max_hp_gain":0,"max_hp_loss":0,"event_name":"Lab","floor":39,"gold_loss":0},{"damage_healed":78,"gold_gain":0,"player_choice":"Heal","damage_taken":0,"max_hp_gain":0,"max_hp_loss":11,"event_name":"The Moai Head","floor":48,"gold_loss":0}],"is_beta":false,"boss_relics":[{"not_picked":["Sozu","Empty Cage"],"picked":"Busted Crown"},{"not_picked":["Philosopher\u0027s Stone","Runic Dome"],"picked":"Cursed Key"}],"items_purged_floors":[22,22],"is_endless":false,"potions_floor_spawned":[7,12,13,19,24,33,38,46,47],"ascension_level":4}}