{"host":"27tk4xseidcli2mr","time":1609860233,"event":{"mods":["2.2 Compatiblity","AchievementEnabler","Aspiration","BaseMod","Better Third Choice","Conspire","Custom Start","Downfall","Hubris","Infinite Spire","Jorbs\u0027s Wanderer Trilogy","Minty Spire (QoL Compilation)","Replay The Spire","StSLib","SuperFastMode","[IsaacMod]????"],"gold_per_floor":[99,113,127,127,127,152,223,223,223,233,245,245,245,256,266,365,365,365,377,377,396,412,429,429,439,471,481,493,493,493,521,536,536,536,536],"floor_reached":33,"playtime":3004,"items_purged":[],"score":308,"play_id":"319cb939-b481-412d-961c-510df0652b7f","local_time":"20210105162353","is_ascension_mode":false,"campfire_choices":[{"data":"Guardian:TwinSlam","floor":1.0,"key":"SMITH"},{"data":"Guardian:Suspension","floor":9.0,"key":"SMITH"},{"data":"Guardian:PrimingBeam","floor":13.0,"key":"SMITH"},{"data":"Guardian:DecasProtection","floor":18.0,"key":"SMITH"},{"floor":29.0,"key":"REST"}],"circlet_count":0,"master_deck":["Guardian:Strike_Guardian","Guardian:Strike_Guardian","Guardian:Strike_Guardian","Guardian:Defend_Guardian","Guardian:Defend_Guardian","Guardian:Defend_Guardian","Guardian:Defend_Guardian","Guardian:CurlUp","Guardian:TwinSlam+1","Guardian:Harden","Guardian:Suspension+1","Guardian:Planning","Guardian:PrimingBeam+1","Guardian:ExploitGems","Guardian:DecasProtection+1","Guardian:ExploitGems","Guardian:RollAttack+1","Guardian:RevengeProtocol","Guardian:Clone","Guardian:PiercingHide+1","Guardian:Gem_Cyan"],"relics":["Guardian:ModeShifter","HushsDoor","conspire:Flyswatter","hubris:Towel","BookofShadows","Sozu","Replay:Ringing Soul","Anchor","PreservedInsect"],"acts_visited":["Exordium","TheCity"],"potions_floor_usage":[],"damage_taken":[{"damage":0.0,"enemies":"conspire:RoseBush","floor":2.0,"turns":3.0},{"damage":0.0,"enemies":"Cultist","floor":3.0,"turns":4.0},{"damage":5.0,"enemies":"Small Slimes","floor":10.0,"turns":5.0},{"damage":0.0,"enemies":"conspire:2 RoseBushes","floor":11.0,"turns":4.0},{"damage":1.0,"enemies":"3 Louse","floor":14.0,"turns":4.0},{"damage":7.0,"enemies":"Large Slime","floor":15.0,"turns":7.0},{"damage":11.0,"enemies":"downfall:Ironclad","floor":16.0,"turns":12.0},{"damage":15.0,"enemies":"Chosen","floor":19.0,"turns":5.0},{"damage":0.0,"enemies":"3 Byrds","floor":21.0,"turns":2.0},{"damage":12.0,"enemies":"Sentry and Sphere","floor":22.0,"turns":6.0},{"damage":11.0,"enemies":"Centurion and Healer","floor":23.0,"turns":8.0},{"damage":10.0,"enemies":"Shelled Parasite and Fungi","floor":25.0,"turns":7.0},{"damage":25.0,"enemies":"Book of Stabbing","floor":26.0,"turns":6.0},{"damage":6.0,"enemies":"Snake Plant","floor":27.0,"turns":4.0},{"damage":3.0,"enemies":"Centurion and Healer","floor":28.0,"turns":7.0},{"damage":7.0,"enemies":"Gremlin Leader","floor":31.0,"turns":7.0},{"damage":9.0,"enemies":"conspire:HollyBat","floor":32.0,"turns":8.0},{"damage":38,"enemies":"downfall:Watcher","floor":33,"turns":4}],"seed_played":"-345797383699472470","potions_obtained":[{"floor":0.0,"key":"Guardian:BlockOnCardUsePotion"},{"floor":0.0,"key":"Adrenaline Potion"},{"floor":0.0,"key":"sneckomod:MuddlingPotion"},{"floor":4.0,"key":"DuplicationPotion"},{"floor":14.0,"key":"ColorlessPotion"}],"is_trial":false,"path_per_floor":["R","M","M","?","?","T","T","?","R","M","M","?","R","M","M","B",null,"R","M","?","M","M","M","T","M","E","M","M","R","?","E","M","B"],"character_chosen":"GUARDIAN","items_purchased":[],"campfire_rested":1,"item_purchase_floors":[],"current_hp_per_floor":[80,80,80,80,80,80,80,80,80,75,75,75,75,74,67,56,80,80,65,65,65,53,42,42,35,13,10,10,37,46,42,33,0,0,0],"gold":536,"neow_bonus":"THREE_SMALL_POTIONS","is_daily":false,"chose_seed":false,"campfire_upgraded":4,"win_rate":0.0,"timestamp":1609860233,"path_taken":["R","M","M","?","?","?","T","?","R","M","?","?","R","M","M","BOSS","R","M","?","?","M","M","T","M","E","M","M","R","?","E","M","BOSS"],"items_purchased_type":[],"build_version":"2020-12-22","purchased_purges":0,"victory":false,"max_hp_per_floor":[80,80,80,80,80,80,80,80,80,80,80,80,80,80,80,80,80,80,80,80,80,80,80,80,83,86,89,92,92,92,95,95,95,95,95],"card_choices":[{"not_picked":["Guardian:PolyBeam","Guardian:PrimingBeam"],"picked":"Guardian:Harden","floor":0.0},{"not_picked":["Guardian:TemporalStrike","Guardian:CrystalBeam"],"picked":"Guardian:Suspension","floor":2.0},{"not_picked":["Guardian:Gem_Blue","Guardian:Gem_Cyan"],"picked":"Guardian:Planning","floor":3.0},{"not_picked":["Guardian:TemporalShield","Guardian:PiercingHide"],"picked":"Guardian:PrimingBeam","floor":10.0},{"not_picked":["Guardian:Gem_Crimson","Guardian:RollAttack"],"picked":"Guardian:ExploitGems","floor":11.0},{"not_picked":["Bomb","Guardian:CrystalBeam"],"picked":"Guardian:DecasProtection","floor":14.0},{"not_picked":["Guardian:Gem_Green","Guardian:Reroute"],"picked":"Guardian:ExploitGems","floor":15.0},{"not_picked":["Guardian:ExploitGems","Guardian:FierceBash"],"picked":"Guardian:Gem_Orange","floor":16.0},{"not_picked":["Guardian:Incinerate+1","Guardian:Clone"],"picked":"Guardian:RollAttack+1","floor":19.0},{"not_picked":["Guardian:BronzeArmor+1","Guardian:PiercingHide"],"picked":"Guardian:Gem_Lightblue","floor":21.0},{"not_picked":["Guardian:Gem_Purple","Guardian:Gem_Cyan"],"picked":"Guardian:Gem_Fragmented","floor":22.0},{"not_picked":["Guardian:WalkerClaw","Guardian:Reroute"],"picked":"Guardian:Gem_Green","floor":23.0},{"not_picked":["Guardian:Incinerate","Guardian:ArmoredProtocol+1"],"picked":"Guardian:RevengeProtocol","floor":25.0},{"not_picked":["Guardian:RollAttack","Guardian:ChargeUp+1"],"picked":"Guardian:Gem_Red","floor":26.0},{"not_picked":["Guardian:Suspension+1","Guardian:ChargeUp"],"picked":"Guardian:Clone","floor":27.0},{"not_picked":["Guardian:HyperBeam_Guardian","Guardian:RefractedBeam"],"picked":"Guardian:PiercingHide+1","floor":28.0},{"not_picked":["Guardian:Repulse+1","Guardian:BronzeArmor"],"picked":"Guardian:Gem_Cyan","floor":31.0},{"not_picked":["Guardian:Planning","Guardian:ChargeCore","Guardian:RollAttack"],"picked":"SKIP","floor":32.0}],"player_experience":1281222,"relics_obtained":[{"floor":7.0,"key":"conspire:Flyswatter"},{"floor":24.0,"key":"Replay:Ringing Soul"},{"floor":26.0,"key":"Anchor"},{"floor":31.0,"key":"PreservedInsect"}],"event_choices":[{"damage_healed":0.0,"max_hp_gain":0.0,"max_hp_loss":0.0,"gold_gain":0.0,"event_name":"Lab","player_choice":"Got Potions","floor":4.0,"gold_loss":0.0,"damage_taken":0.0},{"cards_removed":["Guardian:Strike_Guardian"],"damage_healed":0.0,"max_hp_gain":0.0,"max_hp_loss":0.0,"gold_gain":0.0,"event_name":"The Cleric","player_choice":"Card Removal","floor":5.0,"gold_loss":0.0,"damage_taken":0.0}],"is_beta":false,"boss_relics":[{"not_picked":["Replay:Grab Bag","aspiration:RunicSpoon"],"picked":"Sozu"},{"not_picked":[]}],"items_purged_floors":[],"is_endless":false,"potions_floor_spawned":[2,10,14,22,25,26,28,32],"killed_by":"downfall:Watcher","ascension_level":0}}