{"host":"a0paspe0zwqgzttz","time":1609888713,"event":{"mods":["AchievementEnabler","Act Like it!","BaseMod","BetterRewards","Colored Powertips","Conspire","Downfall","GifTheSpireLib","Hermit","Highlight Path","Lobotomy","Marisa????????","Minty Spire (QoL Compilation)","Quick Restart","Replay The Spire","Robot Space Explorer","Shop Mod","StSLib","SuperFastMode","The Bug Knight","The Construct","The Cursed","The Hierophant","The Jungle","The Mystic","The Necromancer","The Runesmith","The Senshi","The Servant 0.9.4"],"gold_per_floor":[118,78,88,8,8,8,8,8,8,19,19,19,49,14,14,194,194,229,64,93,93,16,16,29,29,53,83,153,14,40,57,57,57,57],"floor_reached":33,"playtime":1225,"items_purged":[],"score":263,"play_id":"34d9c721-2867-4e67-8b5f-60b101cd7b65","local_time":"20210105181833","is_ascension_mode":false,"campfire_choices":[{"data":"hermit:Ricochet","floor":11,"key":"SMITH"},{"data":"hermit:DeadOrAlive","floor":23,"key":"SMITH"},{"data":"hermit:HighCaliber","floor":25,"key":"SMITH"},{"floor":32,"key":"REST"}],"circlet_count":0,"master_deck":["hermit:Strike_Hermit+1","hermit:Strike_Hermit+1","hermit:Strike_Hermit+1","hermit:Strike_Hermit+1","hermit:Defend_Hermit","hermit:Defend_Hermit+1","hermit:Defend_Hermit","hermit:Snapshot+1","hermit:Covet","hermit:Ricochet+1","hermit:Coalescence","hermit:BigShot+1","Strike_B","hermit:GhostlyPresence","hermit:DeadOrAlive+1","hexamod:Haunted","hermit:Roughhouse","CurseOfTheBell","hermit:Snipe","hermit:PistolWhip","hermit:HighCaliber+1","hermit:Coalescence+1","hermit:HighCaliber","hermit:Ricochet","hermit:BigShot","hermit:GoldenBullet","hermit:ItchyTrigger+1"],"relics":["hermit:Momento","theSenshi:FeatherClipsRelic","Blue Candle","Du-Vu Doll","Calling Bell","Bag of Preparation","HornCleat","Du-Vu Doll","Membership Card","Lee\u0027s Waffle","Potion Belt","Replay:Bottled Eggs"],"acts_visited":["Exordium","TheCity"],"potions_floor_usage":[13,13,24,28,30,31,33],"damage_taken":[{"damage":1,"enemies":"Jaw Worm","floor":1,"turns":3},{"damage":0,"enemies":"Cultist","floor":3,"turns":3},{"damage":5,"enemies":"2 Louse","floor":10,"turns":2},{"damage":15,"enemies":"Gremlin Nob","floor":13,"turns":4},{"damage":66,"enemies":"Hexaghost","floor":16,"turns":11},{"damage":2,"enemies":"Chosen","floor":18,"turns":3},{"damage":37,"enemies":"Spheric Guardian","floor":20,"turns":7},{"damage":16,"enemies":"Shelled Parasite and Fungi","floor":24,"turns":3},{"damage":4,"enemies":"Centurion and Healer","floor":27,"turns":5},{"damage":53,"enemies":"Slavers","floor":28,"turns":5},{"damage":0,"enemies":"Snecko","floor":30,"turns":3},{"damage":25,"enemies":"Cultist and Chosen","floor":31,"turns":5},{"damage":74,"enemies":"Champ","floor":33,"turns":9}],"seed_played":"-3179453097148074165","potions_obtained":[{"floor":2,"key":"hexamod:EctoCoolerPotion"},{"floor":2,"key":"Languid Potion"},{"floor":2,"key":"GamblersBrew"},{"floor":3,"key":"FairyPotion"},{"floor":18,"key":"Strength Potion"},{"floor":21,"key":"Venom Potion"},{"floor":21,"key":"hexamod:EctoCoolerPotion"},{"floor":24,"key":"ColorlessPotion"},{"floor":28,"key":"BlessingOfTheForge"},{"floor":30,"key":"Adrenaline Potion"}],"is_trial":false,"path_per_floor":["M","?","M","$","?","$","?","?","T","M","R","$","E","?","R","B",null,"M","$","M","?","$","R","M","R","T","M","E","$","M","M","R","B"],"character_chosen":"HERMIT","items_purchased":["hermit:BigShot","Membership Card","hermit:PistolWhip","Lee\u0027s Waffle","Replay:Bottled Eggs","hermit:BigShot"],"campfire_rested":1,"item_purchase_floors":[4,19,19,22,29,29],"current_hp_per_floor":[74,74,74,74,74,74,74,74,74,75,75,75,66,75,75,15,75,75,75,44,44,82,82,72,72,72,74,27,27,33,14,38,0,0],"gold":57,"neow_bonus":"RANDOM_EVENT","is_daily":false,"chose_seed":false,"campfire_upgraded":3,"win_rate":0.0,"timestamp":1609888713,"path_taken":["M","?","?","$","?","?","?","?","T","?","R","$","E","?","R","BOSS","M","$","M","?","?","R","M","R","T","M","E","$","M","M","R","BOSS"],"items_purchased_type":["Card","Relic","Card","Relic","Relic","Card"],"build_version":"2020-12-22","purchased_purges":0,"victory":false,"max_hp_per_floor":[75,75,75,75,75,75,75,75,75,75,75,75,75,75,75,75,75,75,75,75,75,82,82,82,82,82,82,82,82,82,82,82,82,82],"card_choices":[{"not_picked":["hermit:Feint","hermit:Combo"],"picked":"hermit:Ricochet","floor":1},{"not_picked":["hermit:Spite","hermit:HoleUp"],"picked":"hermit:Coalescence","floor":3},{"not_picked":["hermit:CalledShot","hermit:FlashPowder"],"picked":"hermit:GhostlyPresence","floor":10},{"not_picked":["hermit:LuckOfTheDraw","hermit:ShadowCloak"],"picked":"hermit:DeadOrAlive","floor":13},{"not_picked":["hermit:FinalCanter","hermit:Reprieve"],"picked":"hermit:Roughhouse","floor":16},{"not_picked":["hermit:Shortfuse","hermit:Misfire"],"picked":"hermit:Snipe","floor":18},{"not_picked":["hermit:FatalDesire","hermit:Malice+1"],"picked":"hermit:HighCaliber","floor":20},{"not_picked":["hermit:Vantage","hermit:TrackingShot"],"picked":"hermit:Coalescence+1","floor":24},{"not_picked":["hermit:Spite","hermit:Coalescence"],"picked":"hermit:HighCaliber","floor":27},{"not_picked":["hermit:BodyArmor","hermit:Purgatory"],"picked":"hermit:Ricochet","floor":28},{"not_picked":["hermit:Dive+1","hermit:ItchyTrigger+1"],"picked":"hermit:GoldenBullet","floor":30},{"not_picked":["hermit:GoldenBullet","hermit:Ricochet+1"],"picked":"hermit:ItchyTrigger+1","floor":31}],"player_experience":388298,"relics_obtained":[{"floor":9,"key":"theSenshi:FeatherClipsRelic"},{"floor":13,"key":"Blue Candle"},{"floor":17,"key":"Bag of Preparation"},{"floor":17,"key":"HornCleat"},{"floor":17,"key":"Du-Vu Doll"},{"floor":28,"key":"Potion Belt"}],"event_choices":[{"damage_healed":0,"gold_gain":0,"player_choice":"Grow","damage_taken":0,"max_hp_gain":0,"max_hp_loss":0,"event_name":"Living Wall","floor":0,"gold_loss":0,"cards_upgraded":["hermit:Snapshot"]},{"damage_healed":0,"gold_gain":0,"player_choice":"Bought 3 Potions","damage_taken":0,"max_hp_gain":0,"max_hp_loss":0,"event_name":"The Woman in Blue","floor":2,"gold_loss":0},{"cards_removed":["hermit:Defend_Hermit"],"damage_healed":0,"gold_gain":0,"player_choice":"Took Card","damage_taken":0,"max_hp_gain":0,"max_hp_loss":0,"event_name":"NoteForYourself","floor":5,"gold_loss":0,"cards_obtained":["Strike_B"]},{"damage_healed":0,"gold_gain":0,"player_choice":"Upgraded","damage_taken":0,"max_hp_gain":0,"max_hp_loss":0,"event_name":"Upgrade Shrine","floor":8,"gold_loss":0,"cards_upgraded":["hermit:BigShot"]},{"damage_healed":18,"gold_gain":0,"player_choice":"Healed","damage_taken":0,"max_hp_gain":0,"max_hp_loss":0,"event_name":"The Cleric","floor":14,"gold_loss":35},{"damage_healed":0,"gold_gain":0,"player_choice":"Got Potions","damage_taken":0,"max_hp_gain":0,"max_hp_loss":0,"event_name":"Lab","floor":21,"gold_loss":0}],"is_beta":false,"boss_relics":[{"not_picked":["Empty Cage","Coffee Dripper"],"picked":"Calling Bell"}],"items_purged_floors":[],"is_endless":false,"potions_floor_spawned":[3,18,24,28,30],"killed_by":"Champ","ascension_level":0}}