{"host":"s794kqxf2n1qz2yr","time":1609884217,"event":{"mods":["100% Spire Juice","2.2 Compatiblity","AchievementEnabler","Aspiration","BaseMod","Downfall","Friendly Minions","Hermit","Minty Spire (QoL Compilation)","Permanent Neow","StSLib","The Disciple","The Edgeheg","The Marked"],"gold_per_floor":[116,116,133,133,5,5,5,5,5,25,38,3,20,48,48,145,145,155,155,155,155,169,169,200,218,218,235,235,235,64,79,79,175,175,188,240,200,218,268,268,286,286,336,336,336,173,173,73,73,73],"floor_reached":51,"playtime":9901,"items_purged":["hermit:Quickdraw","hermit:Quickdraw+1"],"score":661,"play_id":"ecd209ef-3b87-4ac0-b198-d5964b3c889d","local_time":"20210105220337","is_ascension_mode":false,"campfire_choices":[{"data":"hermit:FatalDesire","floor":6,"key":"SMITH"},{"data":"hermit:ShadowCloak","floor":8,"key":"SMITH"},{"data":"hermit:Grudge","floor":15,"key":"SMITH"},{"data":"hermit:CursedWeapon","floor":23,"key":"SMITH"},{"data":"hermit:ShadowCloak","floor":29,"key":"SMITH"},{"data":"Mayhem","floor":32,"key":"SMITH"},{"data":"hermit:ShadowCloak","floor":40,"key":"SMITH"},{"data":"hermit:Cheat","floor":44,"key":"SMITH"},{"floor":47,"key":"REST"},{"data":"hermit:Cheat","floor":49,"key":"SMITH"}],"circlet_count":0,"master_deck":["hermit:Strike_Hermit","hermit:Strike_Hermit","hermit:Strike_Hermit","hermit:Strike_Hermit","hermit:Defend_Hermit","hermit:Defend_Hermit","hermit:Defend_Hermit","hermit:Snapshot","hermit:Covet","hermit:FatalDesire+1","hermit:Cheat+1","hermit:ShadowCloak+1","Flash of Steel+1","hermit:Malice","hermit:Grudge+1","hermit:Cheat+1","hermit:HeroicBravado","hermit:CursedWeapon+1","hermit:ShadowCloak+1","hermit:CursedWeapon","hermit:ShadowCloak+1","Doubt","hermit:CursedWeapon","Doubt","Mayhem+1","hermit:Malice+1","hermit:FinalCanter","Master of Strategy","Clumsy","expansioncontent:ManipulateTime"],"relics":["hermit:Momento","Meat on the Bone","Oddly Smooth Stone","Darkstone Periapt","Kunai","Cursed Key","aspiration:RitualStick","Happy Flower","Bronze Scales","hermit:Spyglass","aspiration:DefectSkillbook","Calipers","hermit:CharredGlove","Centennial Puzzle"],"acts_visited":["Exordium","TheCity","TheBeyond"],"potions_floor_usage":[14,14,16,24,33,39,41],"damage_taken":[{"damage":11,"enemies":"Jaw Worm","floor":1,"turns":3},{"damage":0,"enemies":"2 Louse","floor":3,"turns":4},{"damage":1,"enemies":"Small Slimes","floor":10,"turns":3},{"damage":1,"enemies":"Blue Slaver","floor":11,"turns":4},{"damage":4,"enemies":"Looter","floor":13,"turns":3},{"damage":5,"enemies":"Lagavulin","floor":14,"turns":6},{"damage":3,"enemies":"Hexaghost","floor":16,"turns":11},{"damage":6,"enemies":"Chosen","floor":18,"turns":5},{"damage":3,"enemies":"Spheric Guardian","floor":22,"turns":3},{"damage":25,"enemies":"Slavers","floor":24,"turns":6},{"damage":8,"enemies":"Snecko","floor":25,"turns":6},{"damage":21,"enemies":"Snake Plant","floor":27,"turns":4},{"damage":13,"enemies":"3 Cultists","floor":31,"turns":4},{"damage":21,"enemies":"Automaton","floor":33,"turns":8},{"damage":22,"enemies":"3 Shapes","floor":35,"turns":2},{"damage":36,"enemies":"2 Orb Walkers","floor":36,"turns":4},{"damage":9,"enemies":"3 Darklings","floor":38,"turns":4},{"damage":30,"enemies":"Mind Bloom Boss Battle","floor":39,"turns":5},{"damage":6,"enemies":"Transient","floor":41,"turns":5},{"damage":30,"enemies":"Awakened One","floor":50,"turns":10}],"seed_played":"1155924211660322805","potions_obtained":[{"floor":10,"key":"SteroidPotion"},{"floor":13,"key":"Weak Potion"},{"floor":14,"key":"Fire Potion"},{"floor":18,"key":"BlessingOfTheForge"},{"floor":24,"key":"FairyPotion"},{"floor":31,"key":"Strength Potion"},{"floor":33,"key":"Dexterity Potion"},{"floor":38,"key":"Fire Potion"}],"is_trial":false,"path_per_floor":["M","?","M","?","$","R","$","R","T","M","M","?","M","E","R","B",null,"M","?","?","?","M","R","E","M","T","M","T","R","$","M","R","B",null,"M","?","?","M","?","R","M","?","T","R","?","$","R","$","R","B",null],"character_chosen":"HERMIT","items_purchased":["hermit:ShadowCloak","Flash of Steel","Mayhem","expansioncontent:ManipulateTime"],"campfire_rested":1,"item_purchase_floors":[5,5,30,46],"current_hp_per_floor":[64,61,61,49,49,49,49,49,49,48,47,65,61,56,56,53,75,69,69,54,62,59,59,46,38,44,35,41,41,41,40,40,31,87,65,41,41,44,26,26,32,32,38,38,38,38,65,65,65,47],"gold":73,"neow_bonus":"ONE_RANDOM_RARE_CARD","is_daily":false,"chose_seed":false,"campfire_upgraded":9,"win_rate":0.0,"timestamp":1609884217,"path_taken":["M","?","M","?","$","R","?","R","T","?","M","?","M","E","R","BOSS","M","?","?","?","M","R","E","M","T","M","?","R","$","M","R","BOSS","M","?","?","?","?","R","M","?","T","R","?","$","R","?","R","BOSS"],"items_purchased_type":["Card","Card","Card","Card"],"build_version":"2020-12-22","purchased_purges":2,"victory":true,"max_hp_per_floor":[75,75,75,75,75,75,75,75,75,75,75,75,75,75,75,75,75,75,75,75,75,75,75,75,75,81,81,87,87,87,87,87,87,87,87,87,87,87,87,87,87,87,93,93,93,93,93,93,93,93],"card_choices":[{"not_picked":["hermit:Dive","hermit:LowProfile","hermit:HoleUp"],"picked":"SKIP","floor":1},{"not_picked":["hermit:Headshot","hermit:Feint"],"picked":"hermit:Cheat","floor":3},{"not_picked":["hermit:Deadeye","hermit:Feint"],"picked":"hermit:Malice","floor":10},{"not_picked":["hermit:PistolWhip","hermit:LowProfile"],"picked":"hermit:Grudge","floor":11},{"not_picked":["hermit:Glare","hermit:LowProfile","hermit:HoleUp"],"picked":"SKIP","floor":13},{"not_picked":["hermit:Snipe","hermit:LowProfile"],"picked":"hermit:Cheat","floor":14},{"not_picked":["hermit:EternalForm","hermit:DeadOrAlive"],"picked":"hermit:HeroicBravado","floor":16},{"not_picked":["hermit:SprayPray","hermit:Glare"],"picked":"hermit:CursedWeapon","floor":18},{"not_picked":["hermit:Misfire","hermit:Determination"],"picked":"hermit:Quickdraw+1","floor":22},{"not_picked":["hermit:HighCaliber","hermit:WideOpen+1"],"picked":"hermit:CursedWeapon","floor":24},{"not_picked":["hermit:Horror","hermit:Manifest"],"picked":"hermit:ShadowCloak","floor":25},{"not_picked":["hermit:GoldenBullet","hermit:Misfire"],"picked":"hermit:CursedWeapon","floor":27},{"not_picked":["hermit:Vantage","hermit:Showdown"],"picked":"hermit:Malice","floor":31},{"not_picked":["hermit:Roughhouse","hermit:RoundhouseKick"],"picked":"hermit:FinalCanter","floor":33},{"not_picked":["Conserve Battery+1","hermit:TakeCover","hermit:Desperado"],"picked":"hermit:Quickdraw","floor":35},{"not_picked":["hermit:Vantage","Recycle","Steam","hermit:Purgatory"],"picked":"SKIP","floor":38},{"not_picked":["hermit:TakeCover+1","Barrage+1","Genetic Algorithm","hermit:Snipe+1"],"picked":"SKIP","floor":41},{"not_picked":["Magnetism","Metamorphosis","Impatience"],"picked":"Master of Strategy","floor":42}],"player_experience":290457,"relics_obtained":[{"floor":9,"key":"Darkstone Periapt"},{"floor":14,"key":"Kunai"},{"floor":24,"key":"Happy Flower"},{"floor":26,"key":"Bronze Scales"},{"floor":28,"key":"hermit:Spyglass"},{"floor":36,"key":"Calipers"},{"floor":39,"key":"hermit:CharredGlove"},{"floor":43,"key":"Centennial Puzzle"}],"event_choices":[{"damage_healed":0,"gold_gain":0,"player_choice":"Success","damage_taken":12,"relics_obtained":["Oddly Smooth Stone"],"max_hp_gain":0,"max_hp_loss":0,"event_name":"Scrap Ooze","floor":4,"gold_loss":0},{"damage_healed":18,"gold_gain":0,"player_choice":"Healed","damage_taken":0,"max_hp_gain":0,"max_hp_loss":0,"event_name":"The Cleric","floor":12,"gold_loss":35},{"damage_healed":0,"gold_gain":0,"player_choice":"Read","damage_taken":0,"max_hp_gain":0,"max_hp_loss":0,"event_name":"The Library","floor":19,"gold_loss":0,"cards_obtained":["hermit:ShadowCloak"]},{"damage_healed":0,"gold_gain":0,"player_choice":"Fight","damage_taken":0,"max_hp_gain":0,"max_hp_loss":0,"event_name":"Mysterious Sphere","floor":36,"gold_loss":0},{"damage_healed":0,"gold_gain":0,"player_choice":"Upgraded Two","damage_taken":0,"max_hp_gain":0,"max_hp_loss":0,"event_name":"Designer","floor":37,"gold_loss":40,"cards_upgraded":["hermit:Malice","Flash of Steel"]},{"damage_healed":0,"gold_gain":0,"player_choice":"Fight","damage_taken":0,"max_hp_gain":0,"max_hp_loss":0,"event_name":"MindBloom","floor":39,"gold_loss":0},{"damage_healed":0,"gold_gain":0,"player_choice":"Memory 1","damage_taken":0,"max_hp_gain":0,"max_hp_loss":0,"event_name":"SensoryStone","floor":42,"gold_loss":0},{"cards_removed":["hermit:Defend_Hermit"],"damage_healed":0,"gold_gain":0,"player_choice":"Removed Skill","damage_taken":0,"max_hp_gain":0,"max_hp_loss":0,"event_name":"Falling","floor":45,"gold_loss":0}],"is_beta":false,"boss_relics":[{"not_picked":["hermit:BartenderGlass","hermit:ClaspedLocket"],"picked":"Cursed Key"},{"not_picked":["Velvet Choker","hermit:DentedPlate"],"picked":"aspiration:DefectSkillbook"}],"items_purged_floors":[46,48],"is_endless":false,"potions_floor_spawned":[10,13,14,18,24,31,33,38],"ascension_level":0}}