{"host":"4np54w3ai1r5lqo1","time":1609831739,"event":{"mods":["BaseMod","Colored Map","Minty Spire (QoL Compilation)","Quick Restart"],"gold_per_floor":[116,127,147,147,167,167,180,180,253,282,282,296,315,345,345,449,449,463,738,748,369,386,421,421,13,36,50,50,50,77,77,77,180,180,194,69,114,0,16,16,50,50,76,93,111,122,152,162,162,162,162,162,7,42,42],"floor_reached":56,"playtime":2049,"items_purged":["Regret","Strike_B","Strike_B"],"score":1649,"play_id":"488efcce-4088-4ed3-8c29-8f5b60097e4d","local_time":"20210105052859","is_ascension_mode":true,"campfire_choices":[{"data":"Zap","floor":6.0,"key":"SMITH"},{"data":"Storm","floor":8.0,"key":"SMITH"},{"data":"Leap","floor":11.0,"key":"SMITH"},{"floor":15.0,"key":"REST"},{"data":"Echo Form","floor":24.0,"key":"SMITH"},{"floor":29.0,"key":"REST"},{"floor":32.0,"key":"REST"},{"data":"Self Repair","floor":40.0,"key":"SMITH"},{"floor":49.0,"key":"RECALL"},{"data":"White Noise","floor":52.0,"key":"SMITH"}],"circlet_count":0,"master_deck":["Strike_B+1","Defend_B","Defend_B","Zap+1","Dualcast","Biased Cognition+1","Capacitor+1","Rip and Tear+1","Consume","Ball Lightning","Storm+1","Core Surge+1","Leap+1","Force Field","Cold Snap","White Noise+1","Leap","Echo Form+1","Force Field","Coolheaded","Self Repair+1","Reinforced Body","Glacier","Defragment","Chill","Core Surge","Defragment+1","Storm","Heatsinks+1","Storm","Reprogram+1","Creative AI"],"relics":["Astrolabe","CaptainsWheel","Whetstone","Nuclear Battery","Runic Capacitor","StoneCalendar","Mummified Hand","Lantern","Enchiridion","Potion Belt","Inserter","Gambling Chip","Red Mask","Kunai","Blood Vial","Bag of Preparation","Strange Spoon","Anchor"],"acts_visited":["Exordium","TheCity","TheBeyond","TheEnding"],"potions_floor_usage":[55,55,55],"damage_taken":[{"damage":1.0,"enemies":"2 Louse","floor":1.0,"turns":3.0},{"damage":14.0,"enemies":"Small Slimes","floor":2.0,"turns":3.0},{"damage":0.0,"enemies":"Cultist","floor":3.0,"turns":2.0},{"damage":14.0,"enemies":"Red Slaver","floor":5.0,"turns":3.0},{"damage":15.0,"enemies":"3 Louse","floor":7.0,"turns":3.0},{"damage":9.0,"enemies":"Gremlin Nob","floor":10.0,"turns":3.0},{"damage":10.0,"enemies":"2 Fungi Beasts","floor":12.0,"turns":4.0},{"damage":8.0,"enemies":"Blue Slaver","floor":13.0,"turns":2.0},{"damage":0.0,"enemies":"Lagavulin","floor":14.0,"turns":4.0},{"damage":0.0,"enemies":"Slime Boss","floor":16.0,"turns":6.0},{"damage":7.0,"enemies":"Chosen","floor":18.0,"turns":4.0},{"damage":0.0,"enemies":"Spheric Guardian","floor":20.0,"turns":4.0},{"damage":24.0,"enemies":"Snake Plant","floor":22.0,"turns":4.0},{"damage":24.0,"enemies":"Slavers","floor":23.0,"turns":5.0},{"damage":13.0,"enemies":"Snecko","floor":27.0,"turns":4.0},{"damage":10.0,"enemies":"Book of Stabbing","floor":30.0,"turns":3.0},{"damage":0.0,"enemies":"Champ","floor":33.0,"turns":7.0},{"damage":0.0,"enemies":"Orb Walker","floor":35.0,"turns":2.0},{"damage":25.0,"enemies":"2 Orb Walkers","floor":37.0,"turns":4.0},{"damage":9.0,"enemies":"3 Darklings","floor":39.0,"turns":5.0},{"damage":10.0,"enemies":"Nemesis","floor":41.0,"turns":5.0},{"damage":0.0,"enemies":"Maw","floor":44.0,"turns":3.0},{"damage":0.0,"enemies":"Writhing Mass","floor":45.0,"turns":3.0},{"damage":0.0,"enemies":"4 Shapes","floor":46.0,"turns":1.0},{"damage":7.0,"enemies":"Reptomancer","floor":47.0,"turns":3.0},{"damage":6.0,"enemies":"Sphere and 2 Shapes","floor":48.0,"turns":4.0},{"damage":43.0,"enemies":"Awakened One","floor":50.0,"turns":7.0},{"damage":28.0,"enemies":"Shield and Spear","floor":54.0,"turns":4.0},{"damage":12,"enemies":"The Heart","floor":55,"turns":5}],"seed_played":"6555905743762082973","potions_obtained":[{"floor":5.0,"key":"ColorlessPotion"},{"floor":7.0,"key":"LiquidMemories"},{"floor":12.0,"key":"ColorlessPotion"},{"floor":14.0,"key":"SteroidPotion"},{"floor":16.0,"key":"FairyPotion"},{"floor":20.0,"key":"AttackPotion"},{"floor":33.0,"key":"Fire Potion"},{"floor":37.0,"key":"Strength Potion"},{"floor":41.0,"key":"Dexterity Potion"},{"floor":45.0,"key":"Strength Potion"},{"floor":46.0,"key":"SneckoOil"}],"is_trial":false,"path_per_floor":["M","M","M","?","M","R","M","R","T","E","R","M","M","E","R","B",null,"M","?","M","$","M","E","R","$","T","M","?","R","E","?","R","B",null,"M","$","?","?","M","R","E","$","T","M","M","M","E","M","R","B",null,"R","$","E","B",null],"character_chosen":"DEFECT","items_purchased":["Runic Capacitor","FocusPotion","Self Repair","Reinforced Body","Mummified Hand","Defragment","Strange Spoon"],"campfire_rested":3,"item_purchase_floors":[21,21,21,21,25,25,53],"current_hp_per_floor":[74,60,60,60,46,46,31,31,31,22,22,12,4,4,26,26,63,56,56,56,56,32,22,22,22,22,16,22,44,41,27,51,58,75,75,75,57,57,55,55,65,65,65,77,79,80,80,80,80,47,72,72,72,46,46],"gold":42,"neow_bonus":"BOSS_RELIC","is_daily":false,"chose_seed":false,"campfire_upgraded":6,"win_rate":0.0,"timestamp":1609831739,"path_taken":["M","M","M","?","M","R","M","R","T","E","R","M","M","E","R","BOSS","M","?","?","$","M","E","R","?","T","M","?","R","E","?","R","BOSS","M","$","?","?","M","R","E","?","T","?","M","M","E","M","R","BOSS","R","$","E","BOSS"],"items_purchased_type":["Relic","Potion","Card","Card","Relic","Card","Relic"],"build_version":"2020-12-22","purchased_purges":3,"victory":true,"max_hp_per_floor":[75,75,75,75,75,75,75,75,75,75,75,75,75,75,75,75,75,75,75,75,75,75,75,75,75,75,75,75,75,75,80,80,80,80,80,80,80,80,80,80,80,80,80,80,80,80,80,80,80,80,80,80,80,80,80],"card_choices":[{"not_picked":["Conserve Battery","Redo"],"picked":"Consume","floor":1.0},{"not_picked":["Conserve Battery","Recycle"],"picked":"Ball Lightning","floor":2.0},{"not_picked":["Fusion","Redo"],"picked":"Storm","floor":3.0},{"not_picked":["Consume","Chill"],"picked":"Core Surge","floor":5.0},{"not_picked":["Rebound","Reinforced Body"],"picked":"Leap","floor":7.0},{"not_picked":["Recycle","Stack"],"picked":"Force Field","floor":10.0},{"not_picked":["Ball Lightning","Go for the Eyes"],"picked":"Cold Snap","floor":12.0},{"not_picked":["Sweeping Beam","Barrage"],"picked":"White Noise","floor":13.0},{"not_picked":["Aggregate","Consume"],"picked":"Leap","floor":14.0},{"not_picked":["Buffer","Meteor Strike"],"picked":"Echo Form","floor":16.0},{"not_picked":["Barrage","Beam Cell"],"picked":"Force Field","floor":18.0},{"not_picked":["Leap","Redo"],"picked":"Coolheaded","floor":20.0},{"not_picked":["FTL","Gash","Hologram"],"picked":"SKIP","floor":22.0},{"not_picked":["Skim","Melter"],"picked":"Glacier","floor":23.0},{"not_picked":["Auto Shields","Turbo"],"picked":"Chill","floor":27.0},{"not_picked":["Doom and Gloom+1","Rip and Tear","Steam Power"],"picked":"SKIP","floor":30.0},{"not_picked":["Hyperbeam","Fission"],"picked":"Core Surge","floor":33.0},{"not_picked":["Gash","Chaos","Go for the Eyes+1"],"picked":"SKIP","floor":35.0},{"not_picked":["Streamline","BootSequence"],"picked":"Defragment+1","floor":37.0},{"not_picked":["Ball Lightning","Auto Shields+1"],"picked":"Storm","floor":39.0},{"not_picked":["Steam+1","Force Field+1","Turbo+1"],"picked":"SKIP","floor":41.0},{"not_picked":["Capacitor+1","Self Repair+1"],"picked":"Heatsinks+1","floor":44.0},{"not_picked":["Fusion","Rebound+1","Steam+1"],"picked":"SKIP","floor":45.0},{"not_picked":["Go for the Eyes+1","Hologram"],"picked":"Storm","floor":46.0},{"not_picked":["Amplify","Beam Cell"],"picked":"Reprogram+1","floor":47.0},{"not_picked":["FTL+1","Gash","Streamline+1"],"picked":"SKIP","floor":48.0},{"not_picked":["Conserve Battery+1","Steam+1"],"picked":"Creative AI","floor":54.0}],"player_experience":478668,"relics_obtained":[{"floor":10.0,"key":"CaptainsWheel"},{"floor":14.0,"key":"Whetstone"},{"floor":23.0,"key":"StoneCalendar"},{"floor":26.0,"key":"Lantern"},{"floor":28.0,"key":"Enchiridion"},{"floor":30.0,"key":"Potion Belt"},{"floor":37.0,"key":"Gambling Chip"},{"floor":41.0,"key":"Kunai"},{"floor":43.0,"key":"Blood Vial"},{"floor":47.0,"key":"Bag of Preparation"},{"floor":54.0,"key":"Anchor"}],"event_choices":[{"damage_healed":0.0,"max_hp_gain":0.0,"max_hp_loss":0.0,"gold_gain":0.0,"event_name":"Liars Game","player_choice":"Ignored","floor":4.0,"gold_loss":0.0,"damage_taken":0.0},{"damage_healed":0.0,"max_hp_gain":0.0,"max_hp_loss":0.0,"gold_gain":275.0,"event_name":"Golden Shrine","player_choice":"Desecrate","floor":19.0,"gold_loss":0.0,"damage_taken":0.0,"cards_obtained":["Regret"]},{"damage_healed":0.0,"max_hp_gain":0.0,"max_hp_loss":0.0,"gold_gain":0.0,"event_name":"Cursed Tome","player_choice":"Obtained Book","floor":28.0,"gold_loss":0.0,"damage_taken":16.0},{"damage_healed":0.0,"max_hp_gain":5.0,"max_hp_loss":0.0,"gold_gain":0.0,"event_name":"Forgotten Altar","player_choice":"Shed Blood","floor":31.0,"gold_loss":0.0,"damage_taken":19.0},{"damage_healed":0.0,"max_hp_gain":0.0,"max_hp_loss":0.0,"gold_gain":0.0,"event_name":"Mysterious Sphere","player_choice":"Fight","floor":37.0,"gold_loss":0.0,"damage_taken":0.0},{"damage_healed":0.0,"max_hp_gain":0.0,"max_hp_loss":0.0,"gold_gain":0.0,"event_name":"Tomb of Lord Red Mask","player_choice":"Paid","floor":38.0,"gold_loss":114.0,"damage_taken":0.0,"relics_obtained":["Red Mask"]}],"is_beta":false,"boss_relics":[{"not_picked":["Fusion Hammer","Sozu"],"picked":"Nuclear Battery"},{"not_picked":["SacredBark","Runic Dome"],"picked":"Inserter"}],"items_purged_floors":[21,25,36],"is_endless":false,"potions_floor_spawned":[5,7,12,14,16,20,33,37,41,45,46],"ascension_level":5}}