{"host":"za51qju8r56bcr85","time":1609859813,"event":{"mods":["Act Like it!","BaseMod","Block Reminder","Googly Eyes","Minty Spire (QoL Compilation)","Quick Restart","Relic Sorter","Relic Stats","Shop Mod","StSLib","SuperFastMode"],"gold_per_floor":[109,120,120,120,137,170,170,196,196,210,210,47,69,85,85,164,164,181,106,106,117,117,142,142,169,169,204,204,234,250,250,250,325,325,337,390,390,390,403,431,447,473,541,574,574,574,42,67,67,67,67,67,67,67,98,98],"floor_reached":57,"playtime":1780,"items_purged":["Strike_R","Strike_R"],"score":3364,"play_id":"f7c67ead-f09d-44d6-a606-1ae7a533fc8b","local_time":"20210105231653","is_ascension_mode":true,"campfire_choices":[{"data":"Bludgeon","floor":7.0,"key":"SMITH"},{"data":"Feel No Pain","floor":11.0,"key":"SMITH"},{"data":"Immolate","floor":15.0,"key":"SMITH"},{"data":"Dark Embrace","floor":24.0,"key":"SMITH"},{"floor":28.0,"key":"RECALL"},{"data":"Bash","floor":32.0,"key":"SMITH"},{"data":"Defend_R","floor":46.0,"key":"SMITH"},{"data":"Defend_R","floor":49.0,"key":"SMITH"},{"data":"Defend_R","floor":53.0,"key":"SMITH"}],"circlet_count":0,"master_deck":["AscendersBane","Strike_R","Strike_R","Defend_R+1","Defend_R+1","Defend_R+1","Defend_R","Bash+1","Bludgeon+1","Feel No Pain+1","Bloodletting+1","Dark Embrace+1","Battle Trance+1","Armaments+1","Double Tap+1","Burning Pact+1","Enlightenment+1","Power Through+1","Second Wind+1","Ghostly+1","Ghostly+1","Ghostly+1","Warcry+1","Warcry+1","Impatience+1","Seeing Red+1"],"relics":["Burning Blood","Frozen Eye","Red Skull","HornCleat","Toxic Egg 2","Orrery","Odd Mushroom","Coffee Dripper","Paper Frog","MealTicket","CaptainsWheel","Red Mask","Ancient Tea Set","Runic Pyramid","Thread and Needle","Potion Belt","Sundial","Bronze Scales","Ice Cream","Blue Candle","Bird Faced Urn"],"acts_visited":["Exordium","TheCity","TheBeyond","TheEnding"],"potions_floor_usage":[56,56,56,56],"damage_taken":[{"damage":0.0,"enemies":"Cultist","floor":1.0,"turns":2.0},{"damage":6.0,"enemies":"Small Slimes","floor":2.0,"turns":3.0},{"damage":2.0,"enemies":"2 Louse","floor":5.0,"turns":3.0},{"damage":30.0,"enemies":"Lagavulin","floor":6.0,"turns":7.0},{"damage":14.0,"enemies":"3 Sentries","floor":8.0,"turns":7.0},{"damage":17.0,"enemies":"Gremlin Gang","floor":10.0,"turns":5.0},{"damage":1.0,"enemies":"The Mushroom Lair","floor":13.0,"turns":3.0},{"damage":8.0,"enemies":"3 Louse","floor":14.0,"turns":2.0},{"damage":18.0,"enemies":"Slime Boss","floor":16.0,"turns":5.0},{"damage":9.0,"enemies":"2 Thieves","floor":18.0,"turns":3.0},{"damage":11.0,"enemies":"3 Byrds","floor":21.0,"turns":5.0},{"damage":3.0,"enemies":"Book of Stabbing","floor":23.0,"turns":5.0},{"damage":1.0,"enemies":"Gremlin Leader","floor":25.0,"turns":4.0},{"damage":3.0,"enemies":"Masked Bandits","floor":27.0,"turns":4.0},{"damage":5.0,"enemies":"Slavers","floor":29.0,"turns":3.0},{"damage":4.0,"enemies":"Snake Plant","floor":30.0,"turns":2.0},{"damage":27.0,"enemies":"Collector","floor":33.0,"turns":8.0},{"damage":0.0,"enemies":"3 Darklings","floor":35.0,"turns":3.0},{"damage":12.0,"enemies":"2 Orb Walkers","floor":36.0,"turns":4.0},{"damage":1.0,"enemies":"3 Shapes","floor":39.0,"turns":2.0},{"damage":2.0,"enemies":"Reptomancer","floor":40.0,"turns":4.0},{"damage":6.0,"enemies":"Writhing Mass","floor":41.0,"turns":4.0},{"damage":2.0,"enemies":"Giant Head","floor":42.0,"turns":4.0},{"damage":6.0,"enemies":"Reptomancer","floor":44.0,"turns":4.0},{"damage":3.0,"enemies":"Giant Head","floor":48.0,"turns":2.0},{"damage":3.0,"enemies":"Donu and Deca","floor":50.0,"turns":6.0},{"damage":13.0,"enemies":"Time Eater","floor":51.0,"turns":5.0},{"damage":4.0,"enemies":"Shield and Spear","floor":55.0,"turns":5.0},{"damage":16,"enemies":"The Heart","floor":56,"turns":6}],"seed_played":"-3451733841137290399","potions_obtained":[{"floor":2.0,"key":"AttackPotion"},{"floor":5.0,"key":"EssenceOfSteel"},{"floor":8.0,"key":"DuplicationPotion"},{"floor":27.0,"key":"Swift Potion"},{"floor":39.0,"key":"CultistPotion"},{"floor":40.0,"key":"LiquidBronze"},{"floor":41.0,"key":"Fruit Juice"}],"is_trial":false,"path_per_floor":["M","M","?","?","M","E","R","E","T","M","R","$","?","M","R","B",null,"M","$","?","M","?","E","R","E","T","?","R","E","M","?","R","B",null,"M","?","?","?","M","E","M","E","T","E","?","R","$","E","R","B","B",null,"R","$","E","B",null],"character_chosen":"IRONCLAD","items_purchased":["Orrery","Enlightenment+1","Ice Cream","Impatience+1"],"campfire_rested":0,"item_purchase_floors":[12,19,47,47],"current_hp_per_floor":[68,68,73,73,73,49,49,41,41,30,30,30,35,33,33,21,60,57,57,57,52,36,36,36,36,36,36,36,36,36,36,36,15,31,36,30,20,20,25,29,29,33,33,33,44,44,44,44,44,44,37,42,42,44,44,45],"gold":98,"neow_bonus":"THREE_RARE_CARDS","is_daily":false,"chose_seed":false,"campfire_upgraded":8,"win_rate":0.0,"timestamp":1609859813,"path_taken":["M","?","?","?","M","E","R","E","T","?","R","$","?","M","R","BOSS","M","$","?","M","?","E","R","E","T","?","R","E","M","?","R","BOSS","M","?","?","?","?","E","M","E","T","E","?","R","$","E","R","BOSS","BOSS","R","$","E","BOSS"],"items_purchased_type":["Relic","Card","Relic","Card"],"build_version":"2020-12-22","purchased_purges":2,"victory":true,"max_hp_per_floor":[68,68,73,73,73,73,73,73,73,73,73,73,73,73,73,73,73,73,73,73,73,36,36,36,36,36,36,36,36,36,36,36,36,36,36,36,36,34,34,34,34,34,34,34,44,44,44,44,44,44,44,44,44,44,44,49],"relic_stats":{"counters":[29,120],"Sundial":[30],"Bronze Scales":[131],"Blue Candle":[3],"Bird Faced Urn":[6],"MealTicket":2,"obtain_stats":[{"Potion Belt":40,"Ice Cream":47,"Blue Candle":48,"Thread and Needle":36,"Odd Mushroom":13,"Ancient Tea Set":29,"Burning Blood":0,"Frozen Eye":1,"CaptainsWheel":26,"HornCleat":8,"Sundial":42,"Bronze Scales":44,"Bird Faced Urn":55,"Orrery":12,"MealTicket":25,"Coffee Dripper":17,"Red Mask":27,"Toxic Egg 2":9,"Red Skull":6,"Paper Frog":23,"Runic Pyramid":34},{"Potion Belt":21,"Ice Cream":24,"Blue Candle":25,"Thread and Needle":19,"Odd Mushroom":7,"Ancient Tea Set":15,"Burning Blood":0,"Frozen Eye":1,"CaptainsWheel":13,"HornCleat":5,"Sundial":23,"Bronze Scales":24,"Bird Faced Urn":28,"Orrery":6,"MealTicket":13,"Coffee Dripper":9,"Red Mask":14,"Toxic Egg 2":5,"Red Skull":4,"Paper Frog":12,"Runic Pyramid":17},{"Potion Belt":84,"Ice Cream":96,"Blue Candle":98,"Thread and Needle":78,"Odd Mushroom":30,"Ancient Tea Set":61,"Burning Blood":0,"Frozen Eye":1,"CaptainsWheel":54,"HornCleat":22,"Sundial":92,"Bronze Scales":96,"Bird Faced Urn":114,"Orrery":27,"MealTicket":54,"Coffee Dripper":37,"Red Mask":58,"Toxic Egg 2":22,"Red Skull":15,"Paper Frog":50,"Runic Pyramid":71}],"Burning Blood":141},"card_choices":[{"not_picked":["Barricade","Juggernaut"],"picked":"Bludgeon","floor":0.0},{"not_picked":["Clothesline","Thunderclap","Sentinel"],"picked":"SKIP","floor":1.0},{"not_picked":["Combust","Warcry","Havoc"],"picked":"SKIP","floor":2.0},{"not_picked":["Cleave","Rupture","Headbutt"],"picked":"SKIP","floor":5.0},{"not_picked":["Shrug It Off","Seeing Red"],"picked":"Feel No Pain","floor":6.0},{"not_picked":["Sword Boomerang","Twin Strike","Sever Soul"],"picked":"SKIP","floor":8.0},{"not_picked":["Iron Wave","Havoc+1"],"picked":"Bloodletting+1","floor":10.0},{"not_picked":["Ghostly Armor+1","Clash"],"picked":"Dark Embrace","floor":12.0},{"not_picked":["Headbutt","Heavy Blade"],"picked":"Immolate","floor":12.0},{"not_picked":["Fiend Fire","Shrug It Off+1"],"picked":"Battle Trance+1","floor":12.0},{"not_picked":["Anger","Sword Boomerang"],"picked":"Armaments+1","floor":13.0},{"not_picked":["Feel No Pain","Sword Boomerang","Ghostly Armor+1"],"picked":"SKIP","floor":14.0},{"not_picked":["Bludgeon","Limit Break+1"],"picked":"Double Tap+1","floor":16.0},{"not_picked":["Feel No Pain","Sword Boomerang"],"picked":"Burning Pact+1","floor":18.0},{"not_picked":["Cleave","Pommel Strike+1"],"picked":"Second Wind+1","floor":21.0},{"not_picked":["Flex+1","Heavy Blade+1"],"picked":"Warcry+1","floor":23.0},{"not_picked":["Iron Wave","Cleave","Intimidate+1"],"picked":"SKIP","floor":25.0},{"not_picked":["Disarm+1","Combust","Sword Boomerang"],"picked":"SKIP","floor":29.0},{"not_picked":["Disarm+1","Combust","Sword Boomerang"],"picked":"SKIP","floor":29.0},{"not_picked":["Rage+1","Clash"],"picked":"Warcry+1","floor":30.0},{"not_picked":["Thunderclap","True Grit+1","Headbutt+1"],"picked":"SKIP","floor":35.0},{"not_picked":["Thunderclap","True Grit+1","Headbutt+1"],"picked":"SKIP","floor":35.0},{"not_picked":["Anger","Headbutt","Spot Weakness+1"],"picked":"SKIP","floor":39.0},{"not_picked":["Cleave","Rampage","Anger+1"],"picked":"SKIP","floor":40.0},{"not_picked":["Havoc+1","Warcry+1","True Grit+1"],"picked":"SKIP","floor":41.0},{"not_picked":["Sword Boomerang","Ghostly Armor+1","Twin Strike"],"picked":"SKIP","floor":42.0},{"not_picked":["True Grit+1","Blood for Blood","Battle Trance+1"],"picked":"SKIP","floor":44.0},{"not_picked":["Whirlwind","Second Wind+1","Pommel Strike"],"picked":"SKIP","floor":48.0},{"not_picked":["Warcry+1","Fire Breathing"],"picked":"Seeing Red+1","floor":55.0}],"player_experience":1345126,"relics_obtained":[{"floor":6.0,"key":"Red Skull"},{"floor":8.0,"key":"HornCleat"},{"floor":9.0,"key":"Toxic Egg 2"},{"floor":13.0,"key":"Odd Mushroom"},{"floor":23.0,"key":"Paper Frog"},{"floor":25.0,"key":"MealTicket"},{"floor":26.0,"key":"CaptainsWheel"},{"floor":27.0,"key":"Red Mask"},{"floor":29.0,"key":"Ancient Tea Set"},{"floor":36.0,"key":"Thread and Needle"},{"floor":40.0,"key":"Potion Belt"},{"floor":42.0,"key":"Sundial"},{"floor":44.0,"key":"Bronze Scales"},{"floor":48.0,"key":"Blue Candle"},{"floor":55.0,"key":"Bird Faced Urn"}],"event_choices":[{"damage_healed":0.0,"max_hp_gain":5.0,"max_hp_loss":0.0,"gold_gain":0.0,"event_name":"Big Fish","player_choice":"Donut","floor":3.0,"gold_loss":0.0,"damage_taken":0.0},{"cards_removed":["Strike_R"],"damage_healed":0.0,"max_hp_gain":0.0,"max_hp_loss":0.0,"gold_gain":0.0,"event_name":"Purifier","player_choice":"Purged","floor":4.0,"gold_loss":0.0,"damage_taken":0.0},{"damage_healed":0.0,"max_hp_gain":0.0,"max_hp_loss":0.0,"gold_gain":0.0,"event_name":"Mushrooms","player_choice":"Fought Mushrooms","floor":13.0,"gold_loss":0.0,"damage_taken":0.0},{"damage_healed":0.0,"max_hp_gain":0.0,"max_hp_loss":0.0,"gold_gain":0.0,"event_name":"The Library","player_choice":"Read","floor":20.0,"gold_loss":0.0,"damage_taken":0.0,"cards_obtained":["Power Through"]},{"damage_healed":0.0,"max_hp_gain":0.0,"max_hp_loss":37.0,"gold_gain":0.0,"event_name":"Ghosts","player_choice":"Became a Ghost","floor":22.0,"gold_loss":0.0,"damage_taken":0.0,"cards_obtained":["Ghostly","Ghostly","Ghostly"]},{"damage_healed":0.0,"max_hp_gain":0.0,"max_hp_loss":0.0,"gold_gain":0.0,"event_name":"Masked Bandits","player_choice":"Fought Bandits","floor":27.0,"gold_loss":0.0,"damage_taken":0.0},{"damage_healed":0.0,"max_hp_gain":0.0,"max_hp_loss":0.0,"gold_gain":0.0,"event_name":"Vampires","player_choice":"Ignored","floor":31.0,"gold_loss":0.0,"damage_taken":0.0},{"damage_healed":0.0,"max_hp_gain":0.0,"max_hp_loss":0.0,"gold_gain":0.0,"event_name":"Mysterious Sphere","player_choice":"Fight","floor":36.0,"gold_loss":0.0,"damage_taken":0.0},{"damage_healed":0.0,"max_hp_gain":0.0,"max_hp_loss":0.0,"gold_gain":0.0,"event_name":"SensoryStone","player_choice":"Memory 3","floor":37.0,"gold_loss":0.0,"damage_taken":10.0},{"damage_healed":0.0,"max_hp_gain":0.0,"max_hp_loss":2.0,"gold_gain":0.0,"event_name":"Winding Halls","player_choice":"Max HP","floor":38.0,"gold_loss":0.0,"damage_taken":0.0},{"cards_removed":["Immolate"],"damage_healed":1.0,"max_hp_gain":10.0,"max_hp_loss":0.0,"gold_gain":0.0,"event_name":"Bonfire Elementals","player_choice":"Offered Rare","floor":45.0,"gold_loss":0.0,"damage_taken":0.0}],"is_beta":false,"boss_relics":[{"not_picked":["Cursed Key","Runic Cube"],"picked":"Coffee Dripper"},{"not_picked":["Mark of Pain","Busted Crown"],"picked":"Runic Pyramid"}],"items_purged_floors":[19,47],"is_endless":false,"potions_floor_spawned":[2,5,8,14,23,27,30,39,40,41],"ascension_level":20}}