{"host":"8i4doyxqctgl5qb0","time":1609886935,"event":{"mods":["AchievementEnabler","BaseMod","Block Reminder","Colored Powertips","Downfall","Marisa£®ÏF”Í°°ƒß¿Ì…≥£©","Minty Spire (QoL Compilation)","Permanent Neow","Potion Indicator Mod","Rare Cards Sparkle","StSLib","SuperFastMode"],"gold_per_floor":[109,109,109,69,86,120,120,120,143,63,63,63,88,112,112,240,240,255,23,37,37,37,37,51,51,76,76,176,209,223,257,257,380,380,403,423,70,93,108,108,108,108],"floor_reached":41,"playtime":1442,"items_purged":["Injury"],"score":479,"play_id":"3d59ab07-9a3a-4dc6-9486-254e96022166","local_time":"20210106064855","is_ascension_mode":false,"campfire_choices":[{"floor":12.0,"key":"RECALL"},{"data":"Hello World","floor":15.0,"key":"SMITH"},{"floor":23.0,"key":"REST"},{"data":"Machine Learning","floor":25.0,"key":"SMITH"},{"data":"Defragment","floor":27.0,"key":"SMITH"},{"data":"Zap","floor":32.0,"key":"SMITH"},{"floor":40,"key":"REST"}],"circlet_count":0,"master_deck":["Defend_B","Defend_B","Defend_B","Defend_B","Zap+1","Dualcast","BootSequence","Capacitor","Redo","Defragment+1","Hello World+1","Capacitor","Go for the Eyes","Seek","CurseOfTheBell","Double Energy+1","Machine Learning+1","Bite+1","Bite+1","Bite+1","Bite+1","Bite+1","Sweeping Beam+1","Gash+1","Conserve Battery+1","Melter+1","Biased Cognition","Gash+1","Loop","Amplify","Static Discharge","Parasite","Loop"],"relics":["Cracked Core","NeowsBlessing","Orichalcum","Ice Cream","Regal Pillow","Golden Idol","Calling Bell","DataDisk","Molten Egg 2","StoneCalendar","PreservedInsect","Blood Vial","Darkstone Periapt","Akabeko","Nuclear Battery","Bronze Scales"],"acts_visited":["Exordium","TheCity","TheBeyond"],"potions_floor_usage":[39],"damage_taken":[{"damage":0.0,"enemies":"Cultist","floor":1.0,"turns":1.0},{"damage":0.0,"enemies":"2 Louse","floor":5.0,"turns":1.0},{"damage":0.0,"enemies":"Lagavulin","floor":6.0,"turns":1.0},{"damage":5.0,"enemies":"Small Slimes","floor":13.0,"turns":3.0},{"damage":7.0,"enemies":"2 Fungi Beasts","floor":14.0,"turns":4.0},{"damage":21.0,"enemies":"Slime Boss","floor":16.0,"turns":8.0},{"damage":6.0,"enemies":"Chosen","floor":18.0,"turns":6.0},{"damage":44.0,"enemies":"3 Byrds","floor":20.0,"turns":6.0},{"damage":15.0,"enemies":"Snake Plant","floor":24.0,"turns":5.0},{"damage":26.0,"enemies":"Gremlin Leader","floor":29.0,"turns":7.0},{"damage":25.0,"enemies":"Centurion and Healer","floor":30.0,"turns":5.0},{"damage":32.0,"enemies":"Book of Stabbing","floor":31.0,"turns":5.0},{"damage":56.0,"enemies":"Champ","floor":33.0,"turns":12.0},{"damage":11.0,"enemies":"Orb Walker","floor":35.0,"turns":4.0},{"damage":37.0,"enemies":"3 Darklings","floor":36.0,"turns":5.0},{"damage":54.0,"enemies":"Spire Growth","floor":38.0,"turns":5.0},{"damage":22,"enemies":"Writhing Mass","floor":39,"turns":5},{"damage":52,"enemies":"Jaw Worm Horde","floor":41,"turns":3}],"seed_played":"-5494793497178760830","potions_obtained":[{"floor":1.0,"key":"LiquidMemories"},{"floor":11.0,"key":"FairyPotion"},{"floor":11.0,"key":"Dexterity Potion"},{"floor":33.0,"key":"DistilledChaos"},{"floor":38.0,"key":"Dexterity Potion"}],"is_trial":false,"path_per_floor":["M","?","?","$","M","E","?","?","T","$","?","R","M","M","R","B",null,"M","$","M","?","?","R","M","R","T","R","?","E","M","E","R","B",null,"M","M","$","M","M","R","M"],"character_chosen":"DEFECT","items_purchased":["Capacitor","Hello World","PreservedInsect","Amplify","Bronze Scales","Static Discharge"],"campfire_rested":2,"item_purchase_floors":[4,10,19,37,37,37],"current_hp_per_floor":[75,75,57,57,57,57,57,57,57,57,57,57,52,45,45,24,75,69,69,25,25,25,52,52,52,52,52,52,50,44,29,29,14,52,46,27,27,6,4,36,0,0],"gold":108,"neow_bonus":"THREE_ENEMY_KILL","is_daily":false,"chose_seed":false,"campfire_upgraded":4,"win_rate":0.0,"timestamp":1609886935,"path_taken":["M","?","?","$","M","E","?","?","T","$","?","R","M","M","R","BOSS","M","$","?","?","?","R","?","R","T","R","?","E","M","E","R","BOSS","M","M","$","M","M","R","M"],"items_purchased_type":["Card","Card","Relic","Card","Relic","Card"],"build_version":"2020-12-22","purchased_purges":1,"victory":false,"max_hp_per_floor":[75,75,75,75,75,75,75,75,75,75,75,75,75,75,75,75,75,75,75,75,52,52,52,52,52,52,52,52,52,52,52,52,52,52,52,52,52,52,58,58,58,58],"card_choices":[{"not_picked":["Recycle","Doom and Gloom"],"picked":"BootSequence","floor":1.0},{"not_picked":["Streamline","Rebound"],"picked":"Redo","floor":5.0},{"not_picked":["Chill","Melter"],"picked":"Defragment","floor":6.0},{"not_picked":["Aggregate","Sweeping Beam"],"picked":"Capacitor","floor":13.0},{"not_picked":["Reprogram","Rebound"],"picked":"Go for the Eyes","floor":14.0},{"not_picked":["Reboot","Meteor Strike"],"picked":"Seek","floor":16.0},{"not_picked":["Self Repair+1","Melter+1"],"picked":"Double Energy","floor":18.0},{"not_picked":["Barrage+1","Conserve Battery"],"picked":"Machine Learning","floor":20.0},{"not_picked":["Recycle","Compile Driver+1"],"picked":"Sweeping Beam+1","floor":24.0},{"not_picked":["Cold Snap+1","Coolheaded+1"],"picked":"Gash+1","floor":29.0},{"not_picked":["Consume","Capacitor"],"picked":"Conserve Battery+1","floor":30.0},{"not_picked":["Hologram","Steam"],"picked":"Melter+1","floor":31.0},{"not_picked":["Multi-Cast","Creative AI"],"picked":"Biased Cognition","floor":33.0},{"not_picked":["Stack","Turbo"],"picked":"Gash+1","floor":35.0},{"not_picked":["Self Repair","Steam+1"],"picked":"Loop","floor":36.0},{"not_picked":["Reprogram","Melter+1","Scrape+1"],"picked":"SKIP","floor":38.0},{"not_picked":["Gash+1","Aggregate"],"picked":"Loop","floor":39}],"player_experience":95959,"relics_obtained":[{"floor":6.0,"key":"Regal Pillow"},{"floor":17.0,"key":"DataDisk"},{"floor":17.0,"key":"Molten Egg 2"},{"floor":17.0,"key":"StoneCalendar"},{"floor":26.0,"key":"Blood Vial"},{"floor":29.0,"key":"Darkstone Periapt"},{"floor":31.0,"key":"Akabeko"}],"event_choices":[{"damage_healed":0.0,"max_hp_gain":0.0,"max_hp_loss":0.0,"gold_gain":0.0,"event_name":"Big Fish","player_choice":"Box","floor":2.0,"gold_loss":0.0,"damage_taken":0.0,"relics_obtained":["Orichalcum"],"cards_obtained":["Regret"]},{"damage_healed":0.0,"max_hp_gain":0.0,"max_hp_loss":0.0,"gold_gain":0.0,"event_name":"Scrap Ooze","player_choice":"Success","floor":3.0,"gold_loss":0.0,"damage_taken":18.0,"relics_obtained":["Ice Cream"]},{"cards_removed":["Regret"],"damage_healed":0.0,"max_hp_gain":0.0,"max_hp_loss":0.0,"gold_gain":0.0,"event_name":"Living Wall","player_choice":"Forget","floor":7.0,"gold_loss":0.0,"damage_taken":0.0},{"damage_healed":0.0,"max_hp_gain":0.0,"max_hp_loss":0.0,"gold_gain":0.0,"event_name":"Golden Idol","player_choice":"Take Wound","floor":8.0,"gold_loss":0.0,"damage_taken":0.0,"relics_obtained":["Golden Idol"],"cards_obtained":["Injury"]},{"damage_healed":0.0,"max_hp_gain":0.0,"max_hp_loss":0.0,"gold_gain":0.0,"event_name":"Lab","player_choice":"Got Potions","floor":11.0,"gold_loss":0.0,"damage_taken":0.0},{"damage_healed":0.0,"max_hp_gain":0.0,"max_hp_loss":23.0,"gold_gain":0.0,"event_name":"Vampires","player_choice":"Became a vampire","floor":21.0,"gold_loss":0.0,"damage_taken":0.0,"cards_obtained":["Bite","Bite","Bite","Bite","Bite"]},{"damage_healed":0.0,"max_hp_gain":0.0,"max_hp_loss":0.0,"gold_gain":0.0,"event_name":"Upgrade Shrine","player_choice":"Upgraded","floor":22.0,"gold_loss":0.0,"damage_taken":0.0,"cards_upgraded":["Double Energy"]},{"damage_healed":0.0,"max_hp_gain":0.0,"max_hp_loss":0.0,"gold_gain":100.0,"event_name":"Golden Shrine","player_choice":"Pray","floor":28.0,"gold_loss":0.0,"damage_taken":0.0}],"is_beta":false,"boss_relics":[{"not_picked":["FrozenCore","Astrolabe"],"picked":"Calling Bell"},{"not_picked":["Cursed Key","Tiny House"],"picked":"Nuclear Battery"}],"items_purged_floors":[19],"is_endless":false,"potions_floor_spawned":[1,13,14,24,29,33,38],"killed_by":"Jaw Worm Horde","ascension_level":0}}