{"host":"g8a0qo0vjtg6u5wv","time":1609850586,"event":{"mods":["BaseMod","Colored Map","Custom Start","KOR Keyword Fix","Minty Spire (QoL Compilation)","StSLib","SuperFastMode","The Jungle"],"gold_per_floor":[114,114,131,131,143,169,169,17,17,37,55,75,40,57,57,157,157,169,20,37,37,49,81,28,28,51,85,85,85,97,112,112,112,112],"floor_reached":33,"playtime":916,"items_purged":["Strike_G","Strike_G"],"score":502,"play_id":"b7fd6e7b-96b8-4824-a3f5-3566984cebd6","local_time":"20210105214306","is_ascension_mode":true,"campfire_choices":[{"data":"Skewer","floor":7.0,"key":"SMITH"},{"data":"Footwork","floor":15.0,"key":"SMITH"},{"floor":25.0,"key":"REST"},{"data":"Adrenaline","floor":29.0,"key":"SMITH"},{"data":"After Image","floor":32.0,"key":"SMITH"}],"circlet_count":0,"master_deck":["AscendersBane","Strike_G","Defend_G","Defend_G","Defend_G","Defend_G","Survivor","Neutralize","Impatience","Poisoned Stab","Masterful Stab","Skewer+1","Escape Plan","Adrenaline+1","Dagger Spray","Cloak And Dagger","Footwork+1","Dagger Throw","After Image+1","Flechettes+1","Choke+1","Dodge and Roll+1","Riddle With Holes","Blade Dance","Accuracy","Backstab","Blade Dance","Acrobatics","Leg Sweep"],"relics":["Ring of the Snake","Mercury Hourglass","Letter Opener","Mummified Hand","Astrolabe","Nilry\u0027s Codex","Unceasing Top","Bronze Scales","Tough Bandages"],"acts_visited":["Exordium","TheCity"],"potions_floor_usage":[],"damage_taken":[{"damage":1.0,"enemies":"2 Louse","floor":1.0,"turns":4.0},{"damage":11.0,"enemies":"Small Slimes","floor":3.0,"turns":4.0},{"damage":0.0,"enemies":"Jaw Worm","floor":5.0,"turns":2.0},{"damage":19.0,"enemies":"3 Sentries","floor":6.0,"turns":8.0},{"damage":9.0,"enemies":"Exordium Thugs","floor":10.0,"turns":3.0},{"damage":0.0,"enemies":"3 Louse","floor":11.0,"turns":2.0},{"damage":4.0,"enemies":"Red Slaver","floor":12.0,"turns":2.0},{"damage":0.0,"enemies":"Lots of Slimes","floor":14.0,"turns":2.0},{"damage":17.0,"enemies":"Hexaghost","floor":16.0,"turns":12.0},{"damage":0.0,"enemies":"2 Thieves","floor":18.0,"turns":4.0},{"damage":13.0,"enemies":"Chosen","floor":20.0,"turns":4.0},{"damage":0.0,"enemies":"Centurion and Healer","floor":22.0,"turns":4.0},{"damage":15.0,"enemies":"Slavers","floor":23.0,"turns":4.0},{"damage":0.0,"enemies":"Gremlin Leader","floor":27.0,"turns":6.0},{"damage":4.0,"enemies":"Snecko","floor":30.0,"turns":3.0},{"damage":0.0,"enemies":"Cultist and Chosen","floor":31.0,"turns":3.0},{"damage":55,"enemies":"Collector","floor":33,"turns":6}],"seed_played":"-1154869154502473209","potions_obtained":[{"floor":5.0,"key":"Ancient Potion"},{"floor":6.0,"key":"PowerPotion"},{"floor":10.0,"key":"Swift Potion"},{"floor":23.0,"key":"SneckoOil"},{"floor":27.0,"key":"SmokeBomb"},{"floor":31.0,"key":"Fire Potion"}],"is_trial":false,"path_per_floor":["M","?","M","?","M","E","R","$","T","M","M","M","?","M","R","B",null,"M","$","M","?","M","E","$","R","T","E","?","R","M","M","R","B"],"character_chosen":"THE_SILENT","items_purchased":["Adrenaline","Blade Dance","Acrobatics"],"campfire_rested":1,"item_purchase_floors":[8,19,24],"current_hp_per_floor":[62,67,56,44,44,25,25,25,25,16,16,12,30,30,30,13,60,60,60,47,31,31,16,16,38,38,38,38,38,34,34,34,0,0],"gold":112,"neow_bonus":"RANDOM_COLORLESS","is_daily":false,"chose_seed":false,"campfire_upgraded":4,"win_rate":0.0,"timestamp":1609850586,"path_taken":["M","?","M","?","M","E","R","$","T","M","M","M","?","M","R","BOSS","M","$","M","?","M","E","$","R","T","E","?","R","M","M","R","BOSS"],"items_purchased_type":["Card","Card","Card"],"build_version":"2020-12-22","purchased_purges":2,"victory":false,"max_hp_per_floor":[70,75,75,75,75,75,75,75,75,75,75,75,75,75,75,75,75,75,75,75,75,75,75,75,75,75,75,75,75,75,75,75,75,75],"card_choices":[{"not_picked":["Bandage Up","Blind"],"picked":"Impatience","floor":0.0},{"not_picked":["Slice","PiercingWail"],"picked":"Poisoned Stab","floor":1.0},{"not_picked":["Bane","Endless Agony"],"picked":"Masterful Stab","floor":3.0},{"not_picked":["Noxious Fumes","Grand Finale"],"picked":"Skewer","floor":5.0},{"not_picked":["Deflect","Finisher"],"picked":"Escape Plan","floor":6.0},{"not_picked":["Deadly Poison","Cloak And Dagger"],"picked":"Dagger Spray","floor":10.0},{"not_picked":["Well Laid Plans","Flying Knee"],"picked":"Cloak And Dagger","floor":11.0},{"not_picked":["Deadly Poison","Bane"],"picked":"Footwork","floor":12.0},{"not_picked":["Accuracy","Finisher"],"picked":"Dagger Throw","floor":14.0},{"not_picked":["Night Terror","Envenom"],"picked":"After Image","floor":16.0},{"not_picked":["Sucker Punch","Terror"],"picked":"Riddle With Holes","floor":18.0},{"not_picked":["Underhanded Strike","Deadly Poison"],"picked":"Accuracy","floor":20.0},{"not_picked":["Bane+1","Endless Agony"],"picked":"Backstab","floor":22.0},{"not_picked":["Catalyst","Flechettes"],"picked":"Blade Dance","floor":23.0},{"not_picked":["Dodge and Roll","Poisoned Stab"],"picked":"Leg Sweep","floor":27.0},{"not_picked":["Dash","Eviscerate","Blade Dance"],"picked":"SKIP","floor":30.0},{"not_picked":["Masterful Stab","Flying Knee","Slice"],"picked":"SKIP","floor":31.0}],"player_experience":546689,"relics_obtained":[{"floor":6.0,"key":"Letter Opener"},{"floor":9.0,"key":"Mummified Hand"},{"floor":21.0,"key":"Nilry\u0027s Codex"},{"floor":23.0,"key":"Unceasing Top"},{"floor":26.0,"key":"Bronze Scales"},{"floor":27.0,"key":"Tough Bandages"}],"event_choices":[{"damage_healed":0.0,"max_hp_gain":5.0,"max_hp_loss":0.0,"gold_gain":0.0,"event_name":"Big Fish","player_choice":"Donut","floor":2.0,"gold_loss":0.0,"damage_taken":0.0},{"damage_healed":0.0,"max_hp_gain":0.0,"max_hp_loss":0.0,"gold_gain":0.0,"event_name":"Scrap Ooze","player_choice":"Success","floor":4.0,"gold_loss":0.0,"damage_taken":12.0,"relics_obtained":["Mercury Hourglass"]},{"damage_healed":18.0,"max_hp_gain":0.0,"max_hp_loss":0.0,"gold_gain":0.0,"event_name":"The Cleric","player_choice":"Healed","floor":13.0,"gold_loss":35.0,"damage_taken":0.0},{"damage_healed":0.0,"max_hp_gain":0.0,"max_hp_loss":0.0,"gold_gain":0.0,"event_name":"Cursed Tome","player_choice":"Obtained Book","floor":21.0,"gold_loss":0.0,"damage_taken":16.0},{"damage_healed":0.0,"max_hp_gain":0.0,"max_hp_loss":0.0,"gold_gain":0.0,"event_name":"N\u0027loth","player_choice":"Ignored","floor":28.0,"gold_loss":0.0,"damage_taken":0.0}],"is_beta":false,"boss_relics":[{"not_picked":["Fusion Hammer","Ring of the Serpent"],"picked":"Astrolabe"}],"items_purged_floors":[8,19],"is_endless":false,"potions_floor_spawned":[5,6,10,14,23,27,31],"killed_by":"Collector","ascension_level":12}}