{"host":"8u7tvcybuv0u72fd","time":1609829858,"event":{"mods":["BaseMod","BetterRewards","Colored Map","Colored Powertips","Minty Spire (QoL Compilation)","Quick Restart","Shop Mod"],"gold_per_floor":[114,114,159,173,187,187,187,200,200,200,51,51,86,100,100,198,198,210,210,210,225,243,243,256,270,295,327,355,367,413,120,120,218,218,238,238,67,80,90,90,145,3,3,3,3,14,14,34,34,34],"floor_reached":51,"playtime":2630,"items_purged":["Defend_R"],"score":1017,"play_id":"39a99bd8-f70f-4021-846f-55f8c13da4bd","local_time":"20210105015738","is_ascension_mode":false,"campfire_choices":[{"data":"Body Slam","floor":6.0,"key":"SMITH"},{"data":"Bash","floor":10.0,"key":"SMITH"},{"data":"Shrug It Off","floor":12.0,"key":"SMITH"},{"data":"Rampage","floor":15.0,"key":"SMITH"},{"data":"Feed","floor":23.0,"key":"SMITH"},{"data":"Rage","floor":29.0,"key":"SMITH"},{"data":"Disarm","floor":32.0,"key":"SMITH"},{"data":"Cleave","floor":40.0,"key":"SMITH"},{"data":"Defend_R","floor":47,"key":"SMITH"},{"data":"Defend_R","floor":49,"key":"SMITH"}],"circlet_count":0,"master_deck":["Strike_R","Strike_R","Strike_R","Strike_R","Defend_R+1","Defend_R","Defend_R+1","Bash+1","Shrug It Off+1","Rampage+1","Body Slam+1","Cleave+1","Feed+1","Headbutt","Rage+1","Infernal Blade+1","Disarm+1","Clash+1","Fiend Fire"],"relics":["Burning Blood","TungstenRod","Ginger","Ice Cream","Toy Ornithopter","Kunai","Boot","Mummified Hand","Red Skull","Red Mask","Eternal Feather","Busted Crown","MerchantsRug","Oddly Smooth Stone","FossilizedHelix","Membership Card","Bronze Scales","Bottled Flame"],"acts_visited":["TheCity","TheBeyond"],"potions_floor_usage":[41,50,50,50],"damage_taken":[{"damage":0.0,"enemies":"Small Slimes","floor":1.0,"turns":3.0},{"damage":0.0,"enemies":"Jaw Worm","floor":4.0,"turns":5.0},{"damage":0.0,"enemies":"Cultist","floor":5.0,"turns":4.0},{"damage":5.0,"enemies":"Large Slime","floor":8.0,"turns":6.0},{"damage":10.0,"enemies":"Gremlin Nob","floor":13.0,"turns":3.0},{"damage":0.0,"enemies":"2 Fungi Beasts","floor":14.0,"turns":3.0},{"damage":26.0,"enemies":"Hexaghost","floor":16.0,"turns":8.0},{"damage":12.0,"enemies":"2 Thieves","floor":18.0,"turns":4.0},{"damage":0.0,"enemies":"Chosen","floor":21.0,"turns":3.0},{"damage":14.0,"enemies":"Snecko","floor":22.0,"turns":4.0},{"damage":22.0,"enemies":"Sentry and Sphere","floor":24.0,"turns":5.0},{"damage":16.0,"enemies":"3 Cultists","floor":25.0,"turns":5.0},{"damage":27.0,"enemies":"Slavers","floor":27.0,"turns":6.0},{"damage":13.0,"enemies":"Snake Plant","floor":28.0,"turns":5.0},{"damage":1.0,"enemies":"Masked Bandits","floor":30.0,"turns":3.0},{"damage":65.0,"enemies":"Automaton","floor":33.0,"turns":12.0},{"damage":14.0,"enemies":"3 Darklings","floor":35.0,"turns":7.0},{"damage":0.0,"enemies":"Orb Walker","floor":38.0,"turns":2.0},{"damage":5.0,"enemies":"Maw","floor":39.0,"turns":8.0},{"damage":16,"enemies":"2 Orb Walkers","floor":41,"turns":4},{"damage":25,"enemies":"Jaw Worm Horde","floor":46,"turns":4},{"damage":9,"enemies":"Transient","floor":48,"turns":5},{"damage":55,"enemies":"Awakened One","floor":50,"turns":14}],"seed_played":"-1791379209776520950","potions_obtained":[{"floor":4.0,"key":"EssenceOfSteel"},{"floor":14.0,"key":"PowerPotion"},{"floor":21.0,"key":"Dexterity Potion"},{"floor":30.0,"key":"Energy Potion"},{"floor":35.0,"key":"PowerPotion"},{"floor":39.0,"key":"DuplicationPotion"},{"floor":41,"key":"BloodPotion"},{"floor":46,"key":"ColorlessPotion"}],"is_trial":false,"path_per_floor":["M","?","T","M","M","R","?","M","T","R","$","R","E","M","R","B",null,"M","?","?","M","M","R","M","M","T","E","M","R","?","$","R","B",null,"M","?","$","M","M","R","?","$","T","$","?","M","R","M","R","B",null],"character_chosen":"IRONCLAD","items_purchased":["TungstenRod","Shrug It Off","Ice Cream","Explosive Potion","Fire Potion","Boot","BloodPotion","Eternal Feather","MerchantsRug","Oddly Smooth Stone","Membership Card","Bronze Scales"],"campfire_rested":0,"item_purchase_floors":[0,0,0,0,0,11,31,31,37,37,42,42],"current_hp_per_floor":[54,45,45,51,57,57,57,58,58,58,73,73,74,80,80,60,80,77,77,62,68,63,63,47,46,46,34,27,27,36,51,60,30,107,99,99,107,111,111,111,101,111,111,111,111,96,105,102,111,99],"gold":34,"neow_bonus":"","is_daily":false,"chose_seed":false,"campfire_upgraded":10,"win_rate":0.0,"timestamp":1609829858,"path_taken":["M","?","?","M","M","R","?","?","T","R","$","R","E","M","R","BOSS","M","?","?","M","M","R","M","M","T","E","M","R","?","$","R","BOSS","M","?","$","?","M","R","?","?","T","?","?","M","R","M","R","BOSS"],"items_purchased_type":["Relic","Card","Relic","Potion","Potion","Relic","Potion","Relic","Relic","Relic","Relic","Relic"],"build_version":"2020-12-22","purchased_purges":1,"victory":true,"max_hp_per_floor":[80,80,80,80,80,80,80,80,80,80,80,80,80,80,80,80,80,83,83,88,88,91,91,91,95,95,99,99,99,103,103,103,107,107,107,107,107,111,111,111,111,111,111,111,111,115,115,115,115,115],"card_choices":[{"not_picked":["Dark Embrace","Warcry","Clothesline"],"picked":"SKIP","floor":1.0},{"not_picked":["Dropkick","True Grit","Rampage"],"picked":"SKIP","floor":4.0},{"not_picked":["Dropkick","True Grit"],"picked":"Rampage","floor":4.0},{"not_picked":["Evolve","Ghostly Armor"],"picked":"Body Slam","floor":5.0},{"not_picked":["Immolate","Clash"],"picked":"Cleave","floor":8.0},{"not_picked":["Wild Strike","Iron Wave","Ghostly Armor"],"picked":"SKIP","floor":13.0},{"not_picked":["Pommel Strike","Havoc","Cleave"],"picked":"SKIP","floor":14.0},{"not_picked":["Berserk","Limit Break"],"picked":"Feed","floor":16.0},{"not_picked":["Inflame","Thunderclap"],"picked":"Headbutt","floor":18.0},{"not_picked":["Twin Strike+1","Cleave","Warcry"],"picked":"SKIP","floor":21.0},{"not_picked":["Wild Strike+1","Thunderclap+1"],"picked":"Infernal Blade+1","floor":22.0},{"not_picked":["Dark Embrace","Power Through","Flex+1"],"picked":"SKIP","floor":24.0},{"not_picked":["Sword Boomerang","Clothesline+1"],"picked":"Disarm","floor":25.0},{"not_picked":["Warcry","Headbutt","Metallicize"],"picked":"SKIP","floor":27.0},{"not_picked":["Anger","Blood for Blood","Sword Boomerang+1"],"picked":"SKIP","floor":28.0},{"not_picked":["True Grit","Iron Wave"],"picked":"Clash+1","floor":30.0},{"not_picked":["Immolate","Brutality"],"picked":"Fiend Fire","floor":33.0},{"not_picked":["Searing Blow+1"],"picked":"SKIP","floor":35.0},{"not_picked":["Clothesline"],"picked":"SKIP","floor":38.0},{"not_picked":["Hemokinesis"],"picked":"SKIP","floor":39.0},{"not_picked":["Clash"],"picked":"SKIP","floor":46},{"not_picked":["Corruption"],"picked":"SKIP","floor":48}],"player_experience":1259258,"relics_obtained":[{"floor":3.0,"key":"Toy Ornithopter"},{"floor":9.0,"key":"Kunai"},{"floor":13.0,"key":"Mummified Hand"},{"floor":26.0,"key":"Red Skull"},{"floor":27.0,"key":"MawBank"},{"floor":30.0,"key":"Red Mask"},{"floor":41,"key":"FossilizedHelix"},{"floor":43,"key":"Bottled Flame"}],"event_choices":[{"damage_healed":0.0,"max_hp_gain":0.0,"max_hp_loss":0.0,"gold_gain":0.0,"event_name":"Scrap Ooze","player_choice":"Success","floor":2.0,"gold_loss":0.0,"damage_taken":12.0,"relics_obtained":["MealTicket"]},{"cards_removed":["Strike_R"],"damage_healed":0.0,"max_hp_gain":0.0,"max_hp_loss":0.0,"gold_gain":0.0,"event_name":"Purifier","player_choice":"Purged","floor":7.0,"gold_loss":0.0,"damage_taken":0.0},{"damage_healed":0.0,"max_hp_gain":0.0,"max_hp_loss":0.0,"gold_gain":0.0,"event_name":"The Library","player_choice":"Read","floor":19.0,"gold_loss":0.0,"damage_taken":0.0,"cards_obtained":["Rage"]},{"damage_healed":0.0,"max_hp_gain":5.0,"max_hp_loss":0.0,"gold_gain":0.0,"event_name":"Forgotten Altar","player_choice":"Shed Blood","floor":20.0,"gold_loss":0.0,"damage_taken":21.0},{"damage_healed":0.0,"max_hp_gain":0.0,"max_hp_loss":0.0,"gold_gain":0.0,"event_name":"Masked Bandits","player_choice":"Fought Bandits","floor":30.0,"gold_loss":0.0,"damage_taken":0.0},{"damage_healed":0.0,"max_hp_gain":0.0,"max_hp_loss":0.0,"gold_gain":0.0,"event_name":"The Woman in Blue","player_choice":"Bought 0 Potions","floor":36.0,"gold_loss":0.0,"damage_taken":0.0},{"damage_healed":0,"gold_gain":0,"player_choice":"Fight","damage_taken":0,"max_hp_gain":0,"max_hp_loss":0,"event_name":"Mysterious Sphere","floor":41,"gold_loss":0},{"damage_healed":0,"gold_gain":0,"player_choice":"0 cards matched","damage_taken":0,"max_hp_gain":0,"max_hp_loss":0,"event_name":"Match and Keep!","floor":45,"gold_loss":0,"cards_obtained":[]}],"is_beta":false,"boss_relics":[{"not_picked":["Astrolabe","Sozu"],"picked":"Coffee Dripper"},{"not_picked":["Fusion Hammer","Pandora\u0027s Box"],"picked":"Busted Crown"}],"items_purged_floors":[0],"is_endless":false,"potions_floor_spawned":[4,14,21,22,24,30,35,39,41,46],"ascension_level":0}}