{"host":"y2kfqdipa4rrljwb","time":1609856788,"event":{"mods":["AchievementEnabler","Act Like it!","BaseMod","Downfall","Friendly Minions","GungeonMod","Infinite Spire","Minty Spire (QoL Compilation)","Relic Stats","Replay The Spire","StSLib","vexMod","¡¾ÒÅÎï¿¨ÅÆ¡¿REMEMod"],"gold_per_floor":[113,113,172,189,206,270,350,350,350,367,402,60,70,104,104,202,202,217,217,228,239,139,139,190,190,190,190,210,229,248,258,275,275,275,377,377,394,304,304,328,347,347,366,366,397,397,397],"floor_reached":46,"playtime":4020,"items_purged":["DemoMod:Strike_Huntress","DemoMod:Strike_Huntress","DemoMod:RustySidearm"],"score":439,"play_id":"84feadbc-0104-4cdb-a792-1aa6ed548e1f","local_time":"20210105222628","is_ascension_mode":false,"campfire_choices":[{"data":"DemoMod:SkilledReload","floor":8.0,"key":"SMITH"},{"data":"DemoMod:PotionOfGunFriendShip","floor":15.0,"key":"SMITH"},{"data":"infinitespire:Collect","floor":23.0,"key":"SMITH"},{"data":"DemoMod:StickyCrossBow","floor":25.0,"key":"SMITH"},{"data":"DemoMod:ManualReload","floor":27.0,"key":"SMITH"},{"floor":33.0,"key":"REST"},{"data":"DemoMod:SuppressiveFire","floor":42,"key":"SMITH"}],"circlet_count":0,"master_deck":["DemoMod:Defend_Huntress+1","DemoMod:Defend_Huntress+1","DemoMod:Defend_Huntress","DemoMod:Defend_Huntress","DemoMod:Roll+1","DemoMod:ManualReload+1","DemoMod:CrossBow+1","DemoMod:HighKaliber","DemoMod:LifeOrb","DemoMod:DarkMarker","DemoMod:PotionOfGunFriendShip+1","DemoMod:FastSwitch+1","DemoMod:SkilledReload+1","DemoMod:StickyCrossBow","DemoMod:DirectionalPad","DemoMod:DoubleSwitch","DemoMod:BlankBullets","DemoMod:StickyCrossBow+1","DemoMod:FinishedGun","DemoMod:FortunesFavor+1","infinitespire:Collect+1","DemoMod:SniperShot+1","DemoMod:ShadowBullets","DemoMod:HardPowerCard+1","DemoMod:FortunesFavor+1","DemoMod:Elimentaler","DemoMod:FullFirepower","DemoMod:FastSwitch+1","DemoMod:SuppressiveFire+1"],"relics":["DemoMod:Dog","REME_ComplimentaryCards","Gremlin Food","Nunchaku","Ancient Tea Set","Omamori","ReplayTheSpireMod:CursedCoin","infinitespire:CheckeredPen","Replay:Baseball","DemoMod:ElasticCartridgeClip","DemoMod:Test1","DemoMod:PoisonVial","DemoMod:PartiallyEatenCheese","DemoMod:ResourcefulSack","DemoMod:RatBoots","Painkiller Herb","vexMod:CursedCompass","War Paint","Gremlin Horn"],"acts_visited":["Exordium","TheCity","TheCity","TheBeyond"],"potions_floor_usage":[],"damage_taken":[{"damage":0.0,"enemies":"2 Louse","floor":1.0,"turns":2.0},{"damage":5.0,"enemies":"Jaw Worm","floor":4.0,"turns":3.0},{"damage":0.0,"enemies":"Cultist","floor":5.0,"turns":2.0},{"damage":7.0,"enemies":"Lagavulin","floor":6.0,"turns":3.0},{"damage":0.0,"enemies":"Exordium Thugs","floor":10.0,"turns":5.0},{"damage":21.0,"enemies":"Replay:BlueRogue","floor":11.0,"turns":6.0},{"damage":0.0,"enemies":"Lots of Slimes","floor":13.0,"turns":2.0},{"damage":20.0,"enemies":"Lagavulin","floor":14.0,"turns":6.0},{"damage":0.0,"enemies":"Slime Boss","floor":16.0,"turns":2.0},{"damage":0.0,"enemies":"Shell Parasite","floor":18.0,"turns":1.0},{"damage":0.0,"enemies":"Spheric Guardian","floor":20.0,"turns":2.0},{"damage":0.0,"enemies":"Snake Plant","floor":21.0,"turns":3.0},{"damage":13.0,"enemies":"Slavers","floor":24.0,"turns":3.0},{"damage":0.0,"enemies":"DemoMod:2_Veteran_bullet_kins_and_red_shotgun_kin","floor":28.0,"turns":1.0},{"damage":0.0,"enemies":"DemoMod:4_Bullet_Kins","floor":29.0,"turns":1.0},{"damage":14.0,"enemies":"DemoMod:Red_and_blue_shotgun_kin_with_gunsinger","floor":30.0,"turns":2.0},{"damage":10.0,"enemies":"DemoMod:Veteran_shot_gun_kin_and_red_shotgun_kin_with_gunsinger","floor":31.0,"turns":2.0},{"damage":10.0,"enemies":"DemoMod:2_Mousers","floor":32.0,"turns":5.0},{"damage":20,"enemies":"DemoMod:ResourcefulRat","floor":35,"turns":16},{"damage":6,"enemies":"3 Shapes","floor":37,"turns":2},{"damage":0,"enemies":"3 Darklings","floor":40,"turns":2},{"damage":5,"enemies":"Spire Growth","floor":41,"turns":3},{"damage":15,"enemies":"Maw","floor":43,"turns":4},{"damage":0,"enemies":"Sphere and 2 Shapes","floor":45,"turns":3},{"damage":56,"enemies":"Nightmare","floor":46,"turns":4}],"seed_played":"2349109539963058641","potions_obtained":[{"floor":1.0,"key":"DuplicationPotion"},{"floor":3.0,"key":"AttackPotion"},{"floor":3.0,"key":"AttackPotion"},{"floor":4.0,"key":"REME_GoldPotion"},{"floor":6.0,"key":"Regen Potion"},{"floor":13.0,"key":"Reflective Coating"},{"floor":16.0,"key":"Energy Potion"},{"floor":20.0,"key":"Strength Potion"},{"floor":31.0,"key":"champ:CounterPotion"},{"floor":37,"key":"FearPotion"},{"floor":43,"key":"DistilledChaos"}],"is_trial":false,"path_per_floor":["M","?","?","M","M","E","?","R","T","M","E","$","M","E","R","B",null,"M","AVR","M","M","$","R","E","R","T","R","M","M","M","M","M","R","B","B",null,"?","?","AVR","?","?","T","?","T","T","NM"],"character_chosen":"HUNTRESS","items_purchased":["DemoMod:GnawedKey","DemoMod:DoubleSwitch","ReplayTheSpireMod:CursedCoin","infinitespire:CheckeredPen"],"campfire_rested":1,"item_purchase_floors":[12,12,12,12],"current_hp_per_floor":[77,77,77,72,72,65,65,65,65,65,58,58,58,38,38,38,77,77,77,77,77,77,77,64,64,77,77,77,77,63,53,43,66,35,15,77,71,71,71,71,66,66,51,51,51,0,0],"gold":397,"neow_bonus":"TEN_PERCENT_HP_BONUS","is_daily":false,"chose_seed":false,"campfire_upgraded":6,"win_rate":0.0,"timestamp":1609856788,"path_taken":["M","?","?","M","M","E","?","R","T","M","E","$","M","E","R","BOSS","M","AVR","M","M","$","R","E","R","T","R","M","M","M","M","M","R","BOSS","BOSS","?","?","AVR","?","?","T","?","?","T","NM"],"items_purchased_type":["Relic","Card","Relic","Relic"],"build_version":"2020-12-22","purchased_purges":3,"victory":false,"max_hp_per_floor":[77,77,77,77,77,77,77,77,77,77,77,77,77,77,77,77,77,77,77,77,77,77,77,77,77,77,77,77,77,77,77,77,77,77,77,77,77,77,77,77,77,77,77,77,77,77,77],"relic_stats":{"Nunchaku":[27],"Gremlin Horn":[0,0],"counters":[26,89],"War Paint":["DemoMod:Defend_Huntress","DemoMod:FastSwitch"],"obtain_stats":[{"Gremlin Food":3,"DemoMod:Dog":0,"DemoMod:PoisonVial":24,"Gremlin Horn":45,"ReplayTheSpireMod:CursedCoin":12,"DemoMod:PartiallyEatenCheese":36,"Painkiller Herb":36,"DemoMod:GlassGuonStoneRelic":1,"Omamori":11,"DemoMod:RatBoots":36,"infinitespire:CheckeredPen":12,"War Paint":39,"Ancient Tea Set":9,"DemoMod:Test1":19,"Nunchaku":6,"Replay:Baseball":14,"DemoMod:GnawedKey":12,"vexMod:CursedCompass":36,"DemoMod:ElasticCartridgeClip":17,"DemoMod:ResourcefulSack":36,"REME_ComplimentaryCards":0},{"Gremlin Food":1,"DemoMod:Dog":0,"DemoMod:PoisonVial":13,"Gremlin Horn":25,"ReplayTheSpireMod:CursedCoin":6,"DemoMod:PartiallyEatenCheese":20,"Painkiller Herb":20,"DemoMod:GlassGuonStoneRelic":1,"Omamori":6,"DemoMod:RatBoots":20,"infinitespire:CheckeredPen":6,"War Paint":21,"Ancient Tea Set":4,"DemoMod:Test1":10,"Nunchaku":4,"Replay:Baseball":8,"DemoMod:GnawedKey":6,"vexMod:CursedCompass":20,"DemoMod:ElasticCartridgeClip":9,"DemoMod:ResourcefulSack":20,"REME_ComplimentaryCards":0},{"Gremlin Food":2,"DemoMod:Dog":0,"DemoMod:PoisonVial":40,"Gremlin Horn":85,"ReplayTheSpireMod:CursedCoin":21,"DemoMod:PartiallyEatenCheese":71,"Painkiller Herb":71,"DemoMod:GlassGuonStoneRelic":2,"Omamori":21,"DemoMod:RatBoots":71,"infinitespire:CheckeredPen":21,"War Paint":73,"Ancient Tea Set":10,"DemoMod:Test1":32,"Nunchaku":10,"Replay:Baseball":29,"DemoMod:GnawedKey":21,"vexMod:CursedCompass":71,"DemoMod:ElasticCartridgeClip":31,"DemoMod:ResourcefulSack":71,"REME_ComplimentaryCards":0}]},"card_choices":[{"not_picked":["DemoMod:JK47","DemoMod:Unity"],"picked":"DemoMod:HighKaliber","floor":1.0},{"not_picked":["DemoMod:TeaPot","DemoMod:BattleInHaste"],"picked":"DemoMod:LifeOrb","floor":3.0},{"not_picked":["DemoMod:AC15","DemoMod:MachoBrace","DemoMod:BoxingGlove"],"picked":"SKIP","floor":4.0},{"not_picked":["DemoMod:AC15","DemoMod:EasyReloadBullets"],"picked":"DemoMod:PotionOfGunFriendShip","floor":5.0},{"not_picked":["DemoMod:FastSwitch","DemoMod:TeaPot","DemoMod:FeignSurrender"],"picked":"SKIP","floor":5.0},{"not_picked":["DemoMod:TeaPot","DemoMod:FeignSurrender"],"picked":"DemoMod:FastSwitch","floor":5.0},{"not_picked":["DemoMod:SAA","DemoMod:HuntsMan"],"picked":"DemoMod:SkilledReload","floor":6.0},{"not_picked":["DemoMod:DirectionalPad","DemoMod:BoxingGlove"],"picked":"DemoMod:StickyCrossBow","floor":10.0},{"not_picked":["DemoMod:Ejector","DemoMod:HardPowerCard"],"picked":"DemoMod:DirectionalPad","floor":11.0},{"not_picked":["DemoMod:LifeOrb","DemoMod:HuntsMan"],"picked":"DemoMod:BlankBullets","floor":13.0},{"not_picked":["DemoMod:TripleGun","DemoMod:ShadowBullets"],"picked":"DemoMod:StickyCrossBow","floor":14.0},{"not_picked":["DemoMod:BSG","DemoMod:FullFirepower"],"picked":"DemoMod:FinishedGun","floor":16.0},{"not_picked":["DemoMod:ZorGun","DemoMod:Purify+1"],"picked":"DemoMod:FortunesFavor+1","floor":18.0},{"not_picked":["DemoMod:BattleInHaste","DemoMod:MachoBrace"],"picked":"DemoMod:SniperShot+1","floor":20.0},{"not_picked":["DemoMod:BoxingGlove","DemoMod:PotionOfGunFriendShip"],"picked":"DemoMod:ShadowBullets","floor":21.0},{"not_picked":["DemoMod:SAA","DemoMod:TeaPot","DemoMod:DirectionalPad+1"],"picked":"SKIP","floor":24.0},{"not_picked":["DemoMod:CombinedRifle+1","DemoMod:Camera","DemoMod:Purify"],"picked":"SKIP","floor":28.0},{"not_picked":["DemoMod:FullFirepower","DemoMod:TeaPot+1"],"picked":"DemoMod:HardPowerCard+1","floor":29.0},{"not_picked":["DemoMod:AC15+1","DemoMod:Polaris+1"],"picked":"DemoMod:FortunesFavor+1","floor":30.0},{"not_picked":["DemoMod:HardPowerCard+1","DemoMod:ProbeStrike","DemoMod:MachoBrace"],"picked":"SKIP","floor":31.0},{"not_picked":["DemoMod:AC15","DemoMod:AWP+1","DemoMod:HardPowerCard"],"picked":"SKIP","floor":32.0},{"not_picked":[],"picked":"DemoMod:Elimentaler","floor":35},{"not_picked":["DemoMod:ThirdPartyController","DemoMod:BSG"],"picked":"DemoMod:FullFirepower","floor":35},{"not_picked":["DemoMod:GunstockTap+1","DemoMod:AWP+1"],"picked":"DemoMod:FastSwitch+1","floor":36},{"not_picked":["DemoMod:SniperShot+1","DemoMod:HardPowerCard+1","DemoMod:SAA"],"picked":"SKIP","floor":37},{"not_picked":["DemoMod:FortunesFavor","DemoMod:SniperShot"],"picked":"DemoMod:SuppressiveFire","floor":40},{"not_picked":["DemoMod:BoxingGlove","DemoMod:SAA+1","DemoMod:PotionOfGunFriendShip"],"picked":"SKIP","floor":41},{"not_picked":["DemoMod:JK47","DemoMod:Ejector","DemoMod:EasyReloadBullets+1"],"picked":"SKIP","floor":43},{"not_picked":["DemoMod:GunShield","DemoMod:MachoBrace","DemoMod:DoubleSwitch+1"],"picked":"SKIP","floor":45}],"player_experience":216585,"relics_obtained":[{"floor":3.0,"key":"Gremlin Food"},{"floor":6.0,"key":"Nunchaku"},{"floor":9.0,"key":"Ancient Tea Set"},{"floor":11.0,"key":"Omamori"},{"floor":14.0,"key":"Replay:Baseball"},{"floor":24.0,"key":"DemoMod:PoisonVial"},{"floor":36,"key":"DemoMod:PartiallyEatenCheese"},{"floor":36,"key":"DemoMod:ResourcefulSack"},{"floor":36,"key":"DemoMod:RatBoots"},{"floor":36,"key":"Painkiller Herb"},{"floor":36,"key":"vexMod:CursedCompass"},{"floor":45,"key":"Gremlin Horn"}],"event_choices":[{"cards_removed":["DemoMod:Strike_Huntress"],"damage_healed":0,"gold_gain":0,"player_choice":"Upgrade and Remove","damage_taken":0,"max_hp_gain":0,"max_hp_loss":0,"event_name":"Designer","floor":38,"gold_loss":90,"cards_upgraded":["DemoMod:CrossBow"]}],"is_beta":false,"boss_relics":[{"not_picked":["Runic Pyramid","Kintsugi"],"picked":"DemoMod:ElasticCartridgeClip"},{"not_picked":[]}],"items_purged_floors":[12,22,39],"is_endless":false,"potions_floor_spawned":[1,4,6,13,16,20,31,37,43],"killed_by":"Nightmare","ascension_level":0}}