{"host":"e48gchmu8shm63ip","time":1609867113,"event":{"mods":["Abigail Mod","AchievementEnabler","Act Like it!","BaseMod","Better Match","Better Note","Better Vampires","CapriCore","DeckTracker","Exacting","Gensokyo","Googly Eyes","Hallownest","Hermit","HololiveMod","Infinite Spire","Jorbs\u0027s Wanderer Trilogy","Koishi","Marisa????????","Minty Spire (QoL Compilation)","Railgun Mod","Rare Cards Sparkle","Relic Filter","Relic Stats","Remilia??????","Robot Space Explorer","Shade Mod","StSLib","The Animator","The Caster","The Construct","The Dragon Tamer","The Forsaken","The Immortal","The Judge","The Marked","The Poker Player","The Servant 0.9.4","TheSwordswoman","Waifu the Spire"],"gold_per_floor":[110,125,125,144,144,144,69,69,69,69,69,84,9,23,23,126,126,154,114,114,124,49,49,49,67,67,67,97,97,116,116,116,116,116],"floor_reached":33,"playtime":1294,"items_purged":["caster:strike"],"score":253,"play_id":"f78ad20b-2c67-49f9-85be-18e0daa38efe","local_time":"20210105181833","is_ascension_mode":false,"campfire_choices":[{"data":"caster:DiablosFlame","floor":6,"key":"SMITH"},{"data":"caster:Fissure","floor":10,"key":"SMITH"},{"floor":15,"key":"REST"},{"data":"caster:LAZER","floor":23,"key":"SMITH"},{"data":"caster:NaturalChaos","floor":27,"key":"SMITH"},{"floor":32,"key":"REST"}],"circlet_count":0,"master_deck":["caster:Meteor+1","caster:DivertFocus","caster:strike","caster:strike","caster:defend","caster:defend","caster:defend","caster:defend","caster:defend+1","caster:DiablosFlame+1","caster:Fissure+1","caster:LightningBolt","Hallownest:skillGreenpathMap+1","caster:GlacialShield","caster:JupitelThunder+1","caster:LAZER+1","caster:NaturalChaos+1","caster:GaiasBlessing","caster:NaturalChaos+1","caster:SpontaneousCombustion","Dash"],"relics":["caster:MagicBook","Vajra","infinitespire:FocusingShard","Sozu","Tiny Chest","Dream Catcher"],"acts_visited":["Exordium","Hallownest:Greenpath"],"potions_floor_usage":[33],"damage_taken":[{"damage":3,"enemies":"2_ Uuma","floor":1,"turns":5},{"damage":0,"enemies":"Hallownest:monsterHuskGuard","floor":2,"turns":5},{"damage":2,"enemies":"Hallownest:2_MossCreeps","floor":4,"turns":5},{"damage":0,"enemies":"Hallownest:monsterAspidMother","floor":12,"turns":3},{"damage":16,"enemies":"Hallownest:1_Baldur_1_Crawlid_1_Warrior","floor":14,"turns":4},{"damage":23,"enemies":"Hallownest:BossFalseKnight","floor":16,"turns":9},{"damage":18,"enemies":"Gensokyo:3_Dogs","floor":18,"turns":5},{"damage":0,"enemies":"Gensokyo:2_Gloops","floor":21,"turns":5},{"damage":0,"enemies":"Gensokyo:Swordslinger","floor":25,"turns":5},{"damage":40,"enemies":"Gensokyo:Koishi","floor":28,"turns":7},{"damage":19,"enemies":"Gensokyo:Monolith_and_Dog","floor":30,"turns":5},{"damage":54,"enemies":"Gensokyo:Kaguya","floor":33,"turns":11}],"seed_played":"7507158063985094223","potions_obtained":[{"floor":1,"key":"Dexterity Potion"},{"floor":4,"key":"PowerPotion"},{"floor":14,"key":"FearPotion"}],"is_trial":false,"path_per_floor":["M","M","?","M","?","R","?","?","T","R","$","M","?","M","R","B",null,"M","?","?","M","$","R","$","M","T","R","E","?","M","?","R","B"],"character_chosen":"THE_CASTER","items_purchased":[],"campfire_rested":2,"item_purchase_floors":[],"current_hp_per_floor":[61,61,61,59,59,59,59,59,59,59,59,59,59,43,62,39,64,46,46,46,46,46,46,46,59,59,59,25,25,14,14,33,0,0],"gold":116,"neow_bonus":"UPGRADE_CARD","is_daily":false,"chose_seed":false,"campfire_upgraded":4,"win_rate":0.0,"timestamp":1609867113,"path_taken":["M","M","?","M","?","R","?","?","T","R","$","M","?","M","R","BOSS","M","?","?","M","$","R","?","?","T","R","E","?","M","?","R","BOSS"],"items_purchased_type":[],"build_version":"2020-12-22","purchased_purges":1,"victory":false,"max_hp_per_floor":[64,64,64,64,64,64,64,64,64,64,64,64,64,64,64,64,64,64,64,64,64,64,64,64,64,64,64,64,64,64,64,64,64,64],"relic_stats":{"Sozu":2,"Dream Catcher":1,"counters":[12,69],"Tiny Chest":0,"obtain_stats":[{"Sozu":17,"Frozen Eye":28,"Dream Catcher":28,"Vajra":8,"Tiny Chest":26,"infinitespire:FocusingShard":9,"caster:MagicBook":0},{"Sozu":6,"Frozen Eye":9,"Dream Catcher":10,"Vajra":3,"Tiny Chest":9,"infinitespire:FocusingShard":3,"caster:MagicBook":0},{"Sozu":31,"Frozen Eye":46,"Dream Catcher":53,"Vajra":15,"Tiny Chest":46,"infinitespire:FocusingShard":15,"caster:MagicBook":0}]},"card_choices":[{"not_picked":["caster:Illusion","caster:Fireball"],"picked":"caster:DiablosFlame","floor":1},{"not_picked":["caster:MagicBarrier","caster:DiablosFlame"],"picked":"caster:Fissure","floor":2},{"not_picked":["caster:StaticField","caster:FlashFrost"],"picked":"caster:LightningBolt","floor":4},{"not_picked":["caster:MegaloSpark","caster:Charge"],"picked":"caster:GlacialShield","floor":12},{"not_picked":["caster:Sleet+1","caster:MagicBarrier+1"],"picked":"caster:JupitelThunder+1","floor":13},{"not_picked":["caster:Cryogenesis","caster:FlashFrost"],"picked":"caster:LAZER","floor":14},{"not_picked":["caster:AshesToAshes","caster:GlacialShield"],"picked":"caster:NaturalChaos+1","floor":18},{"not_picked":["caster:FlashSpeed+1","caster:FlashFrost"],"picked":"caster:GaiasBlessing","floor":21},{"not_picked":["caster:BookThrow+1","caster:DiablosFlame"],"picked":"caster:NaturalChaos","floor":21},{"not_picked":["caster:MagicAttunement","caster:LightningBolt","caster:FlashFrost"],"picked":"SKIP","floor":25},{"not_picked":["caster:FrostDriver","caster:Focusyn"],"picked":"caster:SpontaneousCombustion","floor":28},{"not_picked":["caster:BurnItDown","caster:Illusion+1","caster:Conflagrate"],"picked":"SKIP","floor":30}],"player_experience":662369,"relics_obtained":[{"floor":9,"key":"infinitespire:FocusingShard"},{"floor":26,"key":"Tiny Chest"},{"floor":28,"key":"Dream Catcher"}],"event_choices":[{"damage_healed":0,"gold_gain":0,"player_choice":"2","damage_taken":0,"max_hp_gain":0,"max_hp_loss":0,"event_name":"betterMatch:BetterMatch","floor":13,"gold_loss":0,"cards_obtained":["betterMatch:CommonCard"]}],"is_beta":false,"boss_relics":[{"not_picked":["Velvet Choker","Ectoplasm"],"picked":"Sozu"}],"items_purged_floors":[22],"is_endless":false,"potions_floor_spawned":[1,4,14,25,30],"killed_by":"Gensokyo:Kaguya","ascension_level":0}}