{"host":"tw7a6rmo9h75ssrt","time":1609811328,"event":{"mods":["AchievementEnabler","Act Like it!","BaseMod","Colored Map","Highlight Path","Minty Spire (QoL Compilation)","Permanent Neow","Quick Restart","Relic Stats","SuperFastMode"],"gold_per_floor":[119,119,130,143,218,218,247,259,296,308,58,74,74,24,24,24,24],"floor_reached":16,"playtime":376,"items_purged":["Strike_R","Strike_R"],"score":132,"play_id":"ab92f728-8544-496c-b158-01fc007b0e0f","local_time":"20210105094848","is_ascension_mode":true,"campfire_choices":[{"data":"Pommel Strike","floor":6.0,"key":"SMITH"},{"floor":8.0,"key":"REST"},{"data":"Flame Barrier","floor":10.0,"key":"SMITH"},{"data":"Bash","floor":15.0,"key":"SMITH"}],"circlet_count":0,"master_deck":["Strike_R","Strike_R","Defend_R","Defend_R","Defend_R","Defend_R","Bash+1","Pommel Strike+1","Flame Barrier+1"],"relics":["Burning Blood","NeowsBlessing","MawBank","Nunchaku","Membership Card","Regal Pillow"],"acts_visited":["Exordium"],"potions_floor_usage":[],"damage_taken":[{"damage":0.0,"enemies":"2 Louse","floor":1.0,"turns":1.0},{"damage":0.0,"enemies":"Cultist","floor":3.0,"turns":1.0},{"damage":0.0,"enemies":"Jaw Worm","floor":4.0,"turns":1.0},{"damage":32.0,"enemies":"Gremlin Nob","floor":7.0,"turns":4.0},{"damage":16.0,"enemies":"Exordium Wildlife","floor":12.0,"turns":6.0},{"damage":54,"enemies":"Hexaghost","floor":16,"turns":11}],"seed_played":"-1630991110175512946","potions_obtained":[{"floor":12.0,"key":"Explosive Potion"}],"is_trial":false,"path_per_floor":["M","?","M","M","?","R","E","R","T","R","$","M","?","$","R","B"],"character_chosen":"IRONCLAD","items_purchased":["Membership Card","Regal Pillow"],"campfire_rested":1,"item_purchase_floors":[11,11],"current_hp_per_floor":[78,78,80,80,69,69,43,67,67,67,67,57,50,50,50,0,0],"gold":24,"neow_bonus":"THREE_ENEMY_KILL","is_daily":false,"chose_seed":false,"campfire_upgraded":3,"win_rate":0.0,"timestamp":1609811328,"path_taken":["M","?","?","M","?","R","E","R","T","R","?","M","?","$","R","BOSS"],"items_purchased_type":["Relic","Relic"],"build_version":"2020-12-22","purchased_purges":2,"victory":false,"max_hp_per_floor":[80,80,80,80,80,80,80,80,80,80,80,80,80,80,80,80,80],"relic_stats":{"Nunchaku":[1],"Regal Pillow":0,"counters":[6,24],"MawBank":48,"obtain_stats":[{"Nunchaku":9,"Regal Pillow":11,"NeowsBlessing":0,"Membership Card":11,"MawBank":7,"Burning Blood":0},{"Nunchaku":4,"Regal Pillow":4,"NeowsBlessing":0,"Membership Card":4,"MawBank":4,"Burning Blood":0},{"Nunchaku":7,"Regal Pillow":7,"NeowsBlessing":0,"Membership Card":7,"MawBank":7,"Burning Blood":0}],"Burning Blood":20},"card_choices":[{"not_picked":["Flex","Rage"],"picked":"Pommel Strike","floor":1.0},{"not_picked":["Iron Wave","Clothesline"],"picked":"Flame Barrier","floor":3.0},{"not_picked":["Dropkick","Sword Boomerang","Feel No Pain"],"picked":"SKIP","floor":4.0},{"not_picked":["Thunderclap","Anger","Clothesline"],"picked":"SKIP","floor":7.0},{"not_picked":["Anger","Whirlwind","Shrug It Off"],"picked":"SKIP","floor":12.0}],"player_experience":28100,"relics_obtained":[{"floor":7.0,"key":"MawBank"},{"floor":9.0,"key":"Nunchaku"}],"event_choices":[{"damage_healed":0.0,"max_hp_gain":0.0,"max_hp_loss":0.0,"gold_gain":0.0,"event_name":"Match and Keep!","player_choice":"0 cards matched","floor":2.0,"gold_loss":0.0,"damage_taken":0.0,"cards_obtained":[]},{"damage_healed":0.0,"max_hp_gain":0.0,"max_hp_loss":0.0,"gold_gain":75.0,"event_name":"World of Goop","player_choice":"Gather Gold","floor":5.0,"gold_loss":0.0,"damage_taken":11.0},{"cards_removed":["Strike_R"],"damage_healed":0.0,"max_hp_gain":0.0,"max_hp_loss":0.0,"gold_gain":0.0,"event_name":"Golden Wing","player_choice":"Card Removal","floor":13.0,"gold_loss":0.0,"damage_taken":7.0}],"is_beta":false,"boss_relics":[],"items_purged_floors":[11,14],"is_endless":false,"potions_floor_spawned":[12],"killed_by":"Hexaghost","ascension_level":7}}