{"host":"bux1pdxjwq4dkad9","time":1609812672,"event":{"mods":["BaseMod","Colored Map","Minty Spire (QoL Compilation)","Poem Panic","Quick Restart","Spicy Shops","StSLib","SuperFastMode","【功能Mod】精心准备","【遗物Mod】简单游戏"],"gold_per_floor":[114,130,130,141,141,169,184,219,219,219,219,219,249,269,269,342,342,356,336,17,33,47,81,100,132,200,236,151,171,171,191,191,271,280,304,314,334,358,374,406,424,458,458,502,527,527,527,527,527,527,527,527,527,24,62,62],"floor_reached":57,"playtime":2131,"items_purged":[],"score":3798,"play_id":"d9666203-9dc3-4f50-9efc-72daaa5847bf","local_time":"20210105101112","is_ascension_mode":true,"campfire_choices":[{"data":"Genetic Algorithm","floor":11,"key":"SMITH"},{"data":"Recycle","floor":15,"key":"SMITH"},{"data":"Turbo","floor":30,"key":"SMITH"},{"data":"Zap","floor":32,"key":"SMITH"},{"floor":46,"key":"RECALL"},{"data":"Consume","floor":49,"key":"SMITH"},{"data":"Capacitor","floor":53,"key":"SMITH"}],"circlet_count":0,"master_deck":["AscendersBane","Zap+1","Loop","Machine Learning","Consume+1","Reboot","Electrodynamics","Recycle+1","Capacitor","Barrage+1","Gash+1","Coolheaded","Genetic Algorithm+1","Steam+1","Turbo+1","Biased Cognition","Hologram+1","Capacitor+1","Defragment+1","Buffer+1","CurseOfTheBell","Force Field","Double Energy","Loop+1","Madness","Madness","Creative AI+1","Capacitor+1","Thunder Strike","Gash+1"],"relics":["Cracked Core","ImprovedEquipment","PoemPanic:PoemPanicRelic","Whetstone","Orichalcum","Potion Belt","Eternal Feather","SlaversCollar","OrangePellets","Runic Capacitor","CeramicFish","MealTicket","Frozen Egg 2","InkBottle","Calling Bell","Pen Nib","White Beast Statue","CaptainsWheel","Turnip","Bottled Lightning","Question Card","Regal Pillow","Mummified Hand","Happy Flower","Akabeko"],"acts_visited":["Exordium","TheCity","TheBeyond","TheEnding"],"potions_floor_usage":[6,56,56],"damage_taken":[{"damage":0,"enemies":"2 Louse","floor":1,"turns":2},{"damage":0,"enemies":"Small Slimes","floor":2,"turns":2},{"damage":0,"enemies":"Jaw Worm","floor":4,"turns":3},{"damage":0,"enemies":"3 Sentries","floor":6,"turns":4},{"damage":0,"enemies":"Large Slime","floor":7,"turns":3},{"damage":0,"enemies":"Gremlin Nob","floor":8,"turns":3},{"damage":0,"enemies":"3 Sentries","floor":13,"turns":4},{"damage":0,"enemies":"Exordium Thugs","floor":14,"turns":3},{"damage":0,"enemies":"Hexaghost","floor":16,"turns":5},{"damage":0,"enemies":"Chosen","floor":18,"turns":4},{"damage":0,"enemies":"2 Thieves","floor":21,"turns":2},{"damage":0,"enemies":"Centurion and Healer","floor":22,"turns":2},{"damage":0,"enemies":"Book of Stabbing","floor":23,"turns":3},{"damage":0,"enemies":"Snecko","floor":24,"turns":3},{"damage":0,"enemies":"Gremlin Leader","floor":25,"turns":2},{"damage":0,"enemies":"Slavers","floor":27,"turns":2},{"damage":0,"enemies":"Shelled Parasite and Fungi","floor":29,"turns":2},{"damage":0,"enemies":"Cultist and Chosen","floor":31,"turns":2},{"damage":0,"enemies":"Champ","floor":33,"turns":4},{"damage":0,"enemies":"Orb Walker","floor":35,"turns":2},{"damage":0,"enemies":"3 Darklings","floor":36,"turns":2},{"damage":0,"enemies":"Writhing Mass","floor":37,"turns":4},{"damage":0,"enemies":"Spire Growth","floor":38,"turns":1},{"damage":0,"enemies":"3 Darklings","floor":39,"turns":2},{"damage":0,"enemies":"Nemesis","floor":40,"turns":3},{"damage":0,"enemies":"Reptomancer","floor":42,"turns":2},{"damage":0,"enemies":"Giant Head","floor":44,"turns":1},{"damage":0,"enemies":"4 Shapes","floor":45,"turns":1},{"damage":0,"enemies":"Donu and Deca","floor":50,"turns":3},{"damage":0,"enemies":"Awakened One","floor":51,"turns":4},{"damage":0,"enemies":"Shield and Spear","floor":55,"turns":1},{"damage":0,"enemies":"The Heart","floor":56,"turns":4}],"seed_played":"-1318921449463742027","potions_obtained":[{"floor":1,"key":"Fruit Juice"},{"floor":4,"key":"SpeedPotion"},{"floor":8,"key":"SpeedPotion"},{"floor":16,"key":"SpeedPotion"},{"floor":19,"key":"Strength Potion"},{"floor":23,"key":"Swift Potion"},{"floor":24,"key":"DistilledChaos"},{"floor":36,"key":"Strength Potion"},{"floor":38,"key":"DistilledChaos"},{"floor":55,"key":"DistilledChaos"}],"is_trial":false,"path_per_floor":["M","M","?","M","?","E","M","E","T","?","R","$","E","M","R","B",null,"M","?","$","M","M","E","M","E","T","E","?","M","R","M","R","B",null,"M","M","M","M","M","E","?","E","T","E","M","R","?","$","R","B","B",null,"R","$","E","B",null],"character_chosen":"DEFECT","items_purchased":["OrangePellets","Runic Capacitor","Mummified Hand","Happy Flower","Thunder Strike"],"campfire_rested":0,"item_purchase_floors":[20,20,54,54,54],"current_hp_per_floor":[71,71,71,71,64,76,76,76,76,53,53,53,63,73,76,76,76,76,76,76,76,76,76,76,76,76,76,76,76,76,76,76,76,76,76,76,76,76,76,76,62,72,72,76,76,76,76,76,76,76,76,76,76,76,76,76],"gold":62,"neow_bonus":"","is_daily":false,"chose_seed":false,"campfire_upgraded":6,"win_rate":0.0,"timestamp":1609812672,"path_taken":["M","M","?","M","?","E","M","E","T","?","R","?","E","M","R","BOSS","M","?","$","M","M","E","?","E","T","E","?","M","R","M","R","BOSS","M","M","M","M","M","E","?","E","T","E","M","R","?","$","R","BOSS","BOSS","R","$","E","BOSS"],"items_purchased_type":["Relic","Relic","Relic","Relic","Card"],"build_version":"2020-12-22","purchased_purges":0,"victory":true,"max_hp_per_floor":[71,71,71,71,71,76,76,76,76,76,76,76,76,76,76,76,76,76,76,76,76,76,76,76,76,76,76,76,76,76,76,76,76,76,76,76,76,76,76,76,76,76,76,76,76,76,76,76,76,76,76,76,76,76,76,76],"card_choices":[{"not_picked":["Lockon","Ball Lightning"],"picked":"Barrage","floor":1},{"not_picked":["Redo","Go for the Eyes"],"picked":"Gash","floor":2},{"not_picked":["Skim","Sweeping Beam"],"picked":"Coolheaded","floor":4},{"not_picked":["Leap","Stack","Melter"],"picked":"SKIP","floor":6},{"not_picked":["Streamline","Hello World"],"picked":"Genetic Algorithm","floor":7},{"not_picked":["Steam","Static Discharge","Rebound"],"picked":"SKIP","floor":8},{"not_picked":["Static Discharge","Rebound"],"picked":"Steam","floor":8},{"not_picked":["Tempest","Aggregate","Rip and Tear"],"picked":"SKIP","floor":13},{"not_picked":["Stack","Reinforced Body"],"picked":"Turbo","floor":14},{"not_picked":["Machine Learning","Rainbow"],"picked":"Biased Cognition","floor":16},{"not_picked":["Compile Driver","Redo","Go for the Eyes"],"picked":"SKIP","floor":18},{"not_picked":["Go for the Eyes","Compile Driver","Rainbow"],"picked":"SKIP","floor":21},{"not_picked":["Lockon","Sweeping Beam+1"],"picked":"Hologram+1","floor":22},{"not_picked":["Gash","Aggregate"],"picked":"Capacitor","floor":23},{"not_picked":["Compile Driver","Steam Power","Darkness"],"picked":"SKIP","floor":24},{"not_picked":["Consume","Hyperbeam","Hello World"],"picked":"SKIP","floor":25},{"not_picked":["Rebound+1","Beam Cell"],"picked":"Defragment+1","floor":27},{"not_picked":["Rebound","Gash","Barrage"],"picked":"SKIP","floor":29},{"not_picked":["Hello World+1","Capacitor+1","Turbo"],"picked":"SKIP","floor":31},{"not_picked":["Fission","Electrodynamics+1"],"picked":"Buffer+1","floor":33},{"not_picked":["Sweeping Beam","Darkness"],"picked":"Force Field","floor":35},{"not_picked":["Barrage","Turbo","Ball Lightning"],"picked":"SKIP","floor":36},{"not_picked":["Streamline","Recycle"],"picked":"Double Energy","floor":37},{"not_picked":["Barrage","Consume"],"picked":"Loop+1","floor":38},{"not_picked":["Redo","Go for the Eyes","Sweeping Beam+1"],"picked":"SKIP","floor":39},{"not_picked":["Reinforced Body","Cold Snap","Hyperbeam"],"picked":"SKIP","floor":40},{"not_picked":["Turbo","Sweeping Beam","Leap+1"],"picked":"SKIP","floor":42},{"not_picked":["Cold Snap+1","Coolheaded","Consume+1"],"picked":"Creative AI+1","floor":44},{"not_picked":["Storm+1","Conserve Battery","Steam+1"],"picked":"Capacitor+1","floor":45},{"not_picked":["Redo","Lockon","Tempest"],"picked":"Gash+1","floor":55}],"player_experience":2333074,"relics_obtained":[{"floor":6,"key":"Whetstone"},{"floor":8,"key":"Orichalcum"},{"floor":9,"key":"Potion Belt"},{"floor":13,"key":"Eternal Feather"},{"floor":23,"key":"CeramicFish"},{"floor":25,"key":"MealTicket"},{"floor":27,"key":"Frozen Egg 2"},{"floor":34,"key":"Pen Nib"},{"floor":34,"key":"White Beast Statue"},{"floor":34,"key":"CaptainsWheel"},{"floor":40,"key":"Turnip"},{"floor":42,"key":"Bottled Lightning"},{"floor":43,"key":"Question Card"},{"floor":44,"key":"Regal Pillow"},{"floor":55,"key":"Akabeko"}],"event_choices":[{"damage_healed":0,"gold_gain":0,"cards_transformed":["Dualcast"],"player_choice":"Change","damage_taken":0,"max_hp_gain":0,"max_hp_loss":0,"event_name":"Living Wall","floor":3,"gold_loss":0,"cards_obtained":["Auto Shields"]},{"cards_removed":["Auto Shields"],"damage_healed":0,"gold_gain":0,"player_choice":"Card Removal","damage_taken":7,"max_hp_gain":0,"max_hp_loss":0,"event_name":"Golden Wing","floor":5,"gold_loss":0},{"damage_healed":0,"gold_gain":0,"player_choice":"Entered Light","damage_taken":23,"max_hp_gain":0,"max_hp_loss":0,"event_name":"Shining Light","floor":10,"gold_loss":0,"cards_upgraded":["Steam","Self Repair"]},{"damage_healed":0,"gold_gain":0,"player_choice":"Bought 1 Potion","damage_taken":0,"max_hp_gain":0,"max_hp_loss":0,"event_name":"The Woman in Blue","floor":19,"gold_loss":0},{"damage_healed":0,"gold_gain":0,"player_choice":"Obtained Relic","damage_taken":0,"relics_obtained":["InkBottle"],"max_hp_gain":0,"max_hp_loss":0,"event_name":"Addict","floor":28,"gold_loss":85},{"damage_healed":0,"gold_gain":0,"player_choice":"Embrace Madness","damage_taken":14,"max_hp_gain":0,"max_hp_loss":0,"event_name":"Winding Halls","floor":41,"gold_loss":0,"cards_obtained":["Madness","Madness"]},{"cards_removed":["Self Repair"],"damage_healed":0,"gold_gain":0,"player_choice":"Removed Power","damage_taken":0,"max_hp_gain":0,"max_hp_loss":0,"event_name":"Falling","floor":47,"gold_loss":0}],"is_beta":false,"boss_relics":[{"not_picked":["Fusion Hammer","Astrolabe"],"picked":"SlaversCollar"},{"not_picked":["Empty Cage","Velvet Choker"],"picked":"Calling Bell"}],"items_purged_floors":[],"is_endless":false,"potions_floor_spawned":[1,4,8,16,21,23,24,27,29,35,36,37,38,39,40,42,44,45,55],"ascension_level":20}}