{"host":"yiit85oc4oi3nqs8","time":1609857767,"event":{"mods":["AchievementEnabler","BaseMod","Better Third Choice","Block Reminder","DeckTracker","Highlight Path","Keyboard Shortcuts","Minty Spire (QoL Compilation)","MonsterHotkey","Quick Restart","Random Character Button","Relic Stats","StSLib"],"gold_per_floor":[115,133,133,82,82,95,123,123,123,151,177,177,232,232,232,244,260,68,78,32,32,45,45,45,45,45,116,116,128,204,219,219,219,159,159,12,28,45,57,86,86,135,135,135,135,135,135,60,86,36,64,64,64,78,78,78,152,152,169,469,479,503,503,516,233,249,249,261,286,286,286,57,89,89,89,89,123,123,141,141,153,153,153,167,167,167,167,167,167,167,65,7,38,38],"floor_reached":95,"playtime":4639,"items_purged":["Strike_B","Defend_B","Defend_B+1","Zap+1"],"score":2714,"play_id":"6aa4768e-b237-4b65-ab92-564abbd9c1c9","local_time":"20210105234247","is_ascension_mode":true,"campfire_choices":[{"data":"Chill","floor":8.0,"key":"SMITH"},{"data":"Go for the Eyes","floor":9.0,"key":"SMITH"},{"data":"Beam Cell","floor":14.0,"key":"SMITH"},{"data":"Hologram","floor":15.0,"key":"SMITH"},{"data":"Hologram","floor":24.0,"key":"SMITH"},{"floor":25.0,"key":"REST"},{"data":"Zap","floor":26.0,"key":"SMITH"},{"data":"Hologram","floor":41,"key":"SMITH"},{"data":"Defragment","floor":43,"key":"SMITH"},{"data":"Coolheaded","floor":46,"key":"SMITH"},{"data":"Capacitor","floor":47,"key":"SMITH"},{"data":"Dualcast","floor":52,"key":"SMITH"},{"floor":53,"key":"RECALL"},{"data":"Defend_B","floor":55,"key":"SMITH"},{"data":"Defend_B","floor":56,"key":"SMITH"},{"data":"Loop","floor":70,"key":"SMITH"},{"data":"Capacitor","floor":71,"key":"SMITH"},{"floor":76,"key":"REST"},{"data":"Loop","floor":82,"key":"SMITH"},{"floor":86,"key":"REST"},{"floor":90,"key":"REST"}],"circlet_count":0,"master_deck":["AscendersBane","Strike_B+1","Defend_B+1","Defend_B+1","Dualcast+1","Go for the Eyes+1","Chill+1","Gash+1","Hologram+1","Beam Cell+1","Capacitor+1","Hologram+1","Gash+1","Hologram+1","Coolheaded+1","Defragment+1","Loop+1","Capacitor+1","Glacier+1","Loop+1"],"relics":["Cracked Core","NeowsBlessing","PreservedInsect","DataDisk","Anchor","Tiny Chest","Vajra","MealTicket","Sozu","The Courier","Kunai","Enchiridion","Membership Card","Boot","Whetstone","Cables","Oddly Smooth Stone","Bottled Lightning","Runic Pyramid","Lantern","Medical Kit","Mummified Hand","InkBottle","Runic Capacitor","Ornamental Fan","Centennial Puzzle","Pantograph","Pear","Nunchaku","Mercury Hourglass","Letter Opener","Bottled Flame","Bag of Preparation","Strawberry"],"acts_visited":["Exordium","TheCity","TheBeyond","TheEnding"],"potions_floor_usage":[39,40],"damage_taken":[{"damage":0.0,"enemies":"Jaw Worm","floor":1.0,"turns":1.0},{"damage":0.0,"enemies":"Cultist","floor":2.0,"turns":1.0},{"damage":0.0,"enemies":"2 Louse","floor":6.0,"turns":1.0},{"damage":34.0,"enemies":"Gremlin Nob","floor":7.0,"turns":5.0},{"damage":11.0,"enemies":"Lagavulin","floor":10.0,"turns":5.0},{"damage":0.0,"enemies":"Blue Slaver","floor":16.0,"turns":2.0},{"damage":0.0,"enemies":"Large Slime","floor":17.0,"turns":4.0},{"damage":0.0,"enemies":"Looter","floor":19.0,"turns":3.0},{"damage":0.0,"enemies":"3 Louse","floor":22.0,"turns":3.0},{"damage":26.0,"enemies":"The Guardian","floor":27.0,"turns":9.0},{"damage":16.0,"enemies":"Spheric Guardian","floor":29.0,"turns":5.0},{"damage":0.0,"enemies":"Shell Parasite","floor":31.0,"turns":4.0},{"damage":0.0,"enemies":"3 Cultists","floor":37.0,"turns":5.0},{"damage":0,"enemies":"Centurion and Healer","floor":38,"turns":4},{"damage":0,"enemies":"Snecko","floor":39,"turns":3},{"damage":0,"enemies":"Gremlin Leader","floor":40,"turns":6},{"damage":0,"enemies":"Slavers","floor":49,"turns":5},{"damage":0,"enemies":"Book of Stabbing","floor":51,"turns":4},{"damage":0,"enemies":"Shelled Parasite and Fungi","floor":54,"turns":5},{"damage":6,"enemies":"Automaton","floor":57,"turns":8},{"damage":0,"enemies":"3 Darklings","floor":59,"turns":5},{"damage":0,"enemies":"Orb Walker","floor":61,"turns":4},{"damage":6,"enemies":"Spire Growth","floor":64,"turns":5},{"damage":0,"enemies":"3 Darklings","floor":66,"turns":5},{"damage":0,"enemies":"Transient","floor":68,"turns":5},{"damage":0,"enemies":"Nemesis","floor":69,"turns":5},{"damage":0,"enemies":"Reptomancer","floor":73,"turns":4},{"damage":0,"enemies":"Giant Head","floor":77,"turns":5},{"damage":11,"enemies":"Jaw Worm Horde","floor":79,"turns":5},{"damage":0,"enemies":"3 Darklings","floor":81,"turns":1},{"damage":0,"enemies":"Transient","floor":84,"turns":5},{"damage":0,"enemies":"Donu and Deca","floor":88,"turns":6},{"damage":7,"enemies":"Shield and Spear","floor":93,"turns":4},{"damage":35,"enemies":"The Heart","floor":94,"turns":8}],"seed_played":"-5223074491312934741","potions_obtained":[{"floor":10.0,"key":"Energy Potion"},{"floor":16.0,"key":"PotionOfCapacity"},{"floor":27.0,"key":"Swift Potion"}],"is_trial":false,"path_per_floor":["M","M","$","$","?","M","E","R","R","E","T","T","T","R","R","M","M","$","M","?","?","M","?","R","R","R","B",null,"M","T","M","?","?","$","?","$","M","M","M","E","R","T","R","T","T","R","R","?","E","$","E","R","R","M","R","R","B",null,"M","?","M","T","?","M","$","M","?","M","E","R","R","$","E","T","T","R","E","T","M","?","M","R","R","M","M","R","R","B",null,"R","$","$","E","B",null],"character_chosen":"DEFECT","items_purchased":["Gash","Capacitor","MealTicket","Hologram","Membership Card","Defragment","Medical Kit","Mummified Hand","Loop","Capacitor","Runic Capacitor","Ornamental Fan","Bottled Flame","Bag of Preparation"],"campfire_rested":4,"item_purchase_floors":[4,18,18,20,36,36,65,65,65,65,72,72,91,92],"current_hp_per_floor":[68,68,68,68,68,68,34,34,34,23,23,23,23,23,23,23,23,23,23,38,23,23,16,16,38,38,12,59,43,43,43,43,43,58,42,57,57,57,57,57,57,57,57,57,57,57,57,57,57,72,72,72,72,72,72,72,66,73,73,73,73,73,73,67,75,75,75,75,75,75,75,75,75,75,85,85,85,85,74,74,74,74,74,74,74,85,85,85,85,85,85,85,85,57],"gold":38,"neow_bonus":"THREE_ENEMY_KILL","is_daily":false,"chose_seed":false,"campfire_upgraded":16,"win_rate":0.0,"timestamp":1609857767,"path_taken":["M","M","$","$","?","?","E","R","R","E","T","T","T","R","R","M","M","?","M","?","?","M","?","R","R","R","BOSS","M","?","M","?","?","$","?","$","M","?","M","E","R","?","R","T","T","R","R","?","E","?","E","R","R","M","R","R","BOSS","M","?","M","?","?","M","?","?","?","M","E","R","R","$","E","T","T","R","E","?","M","?","M","R","R","M","M","R","R","BOSS","R","$","$","E","BOSS"],"items_purchased_type":["Card","Card","Relic","Card","Relic","Card","Relic","Relic","Card","Card","Relic","Relic","Relic","Relic"],"build_version":"2020-12-22","purchased_purges":4,"victory":true,"max_hp_per_floor":[75,75,75,75,75,75,75,75,75,75,75,75,75,75,75,75,75,75,75,75,75,75,75,75,75,75,75,75,75,75,75,75,75,75,75,75,75,75,75,75,75,75,75,75,75,75,75,75,75,75,75,75,75,75,75,75,75,75,75,75,75,75,75,75,75,75,75,75,75,75,75,75,75,75,85,85,85,85,85,85,85,85,85,85,85,85,85,85,85,85,85,85,92,92],"relic_stats":{"counters":[34,150],"PreservedInsect":476,"Bag of Preparation":[4],"Whetstone":["Gash","Gash"],"Letter Opener":[110],"Boot":[30],"Medical Kit":[4],"Cables":[74,25,49,0,0],"Mercury Hourglass":[90],"Sozu":4,"Centennial Puzzle":[9],"Nunchaku":[10],"Mummified Hand":[63],"Ornamental Fan":[136],"Pantograph":7,"Tiny Chest":4,"MealTicket":68,"Kunai":[76],"obtain_stats":[{"Lantern":62,"Vajra":13,"Enchiridion":35,"Runic Capacitor":72,"Bag of Preparation":92,"Whetstone":42,"Boot":40,"Sozu":28,"Centennial Puzzle":73,"Nunchaku":77,"Mummified Hand":65,"Pantograph":74,"Strawberry":93,"Tiny Chest":12,"MealTicket":18,"Kunai":32,"Cracked Core":0,"InkBottle":69,"Runic Pyramid":58,"Pear":75,"NeowsBlessing":0,"Oddly Smooth Stone":49,"PreservedInsect":7,"The Courier":30,"Letter Opener":80,"Medical Kit":65,"Cables":45,"Mercury Hourglass":78,"DataDisk":10,"Anchor":11,"Bottled Flame":91,"Ornamental Fan":72,"Membership Card":36,"Bottled Lightning":51},{"Lantern":22,"Vajra":5,"Enchiridion":12,"Runic Capacitor":26,"Bag of Preparation":32,"Whetstone":16,"Boot":16,"Sozu":10,"Centennial Puzzle":27,"Nunchaku":28,"Mummified Hand":23,"Pantograph":27,"Strawberry":33,"Tiny Chest":5,"MealTicket":7,"Kunai":12,"Cracked Core":0,"InkBottle":26,"Runic Pyramid":20,"Pear":27,"NeowsBlessing":0,"Oddly Smooth Stone":17,"PreservedInsect":4,"The Courier":11,"Letter Opener":29,"Medical Kit":23,"Cables":16,"Mercury Hourglass":28,"DataDisk":5,"Anchor":5,"Bottled Flame":32,"Ornamental Fan":26,"Membership Card":12,"Bottled Lightning":18},{"Lantern":92,"Vajra":13,"Enchiridion":43,"Runic Capacitor":112,"Bag of Preparation":138,"Whetstone":61,"Boot":61,"Sozu":34,"Centennial Puzzle":116,"Nunchaku":121,"Mummified Hand":97,"Pantograph":116,"Strawberry":142,"Tiny Chest":13,"MealTicket":19,"Kunai":43,"Cracked Core":0,"InkBottle":112,"Runic Pyramid":83,"Pear":116,"NeowsBlessing":0,"Oddly Smooth Stone":66,"PreservedInsect":8,"The Courier":39,"Letter Opener":126,"Medical Kit":97,"Cables":61,"Mercury Hourglass":121,"DataDisk":13,"Anchor":13,"Bottled Flame":138,"Ornamental Fan":112,"Membership Card":43,"Bottled Lightning":70}],"InkBottle":[29]},"card_choices":[{"not_picked":["Turbo","Ball Lightning"],"picked":"Go for the Eyes","floor":1.0},{"not_picked":["Rebound","Lockon"],"picked":"Chill","floor":2.0},{"not_picked":["Heatsinks","Ball Lightning"],"picked":"Hologram","floor":6.0},{"not_picked":["Barrage","Turbo"],"picked":"Beam Cell","floor":7.0},{"not_picked":["Creative AI","Conserve Battery","Beam Cell"],"picked":"SKIP","floor":10.0},{"not_picked":["Turbo","Cold Snap","Static Discharge"],"picked":"SKIP","floor":16.0},{"not_picked":["Streamline","Compile Driver","Hyperbeam"],"picked":"SKIP","floor":17.0},{"not_picked":["Redo","Doom and Gloom","Ball Lightning"],"picked":"SKIP","floor":19.0},{"not_picked":["Recycle","White Noise"],"picked":"Gash","floor":22.0},{"not_picked":["Chaos","Double Energy"],"picked":"Hologram","floor":29.0},{"not_picked":["Sunder","Stack"],"picked":"Coolheaded","floor":31.0},{"not_picked":["Turbo","Glacier"],"picked":"Rebound+1","floor":37.0},{"not_picked":["Redo","Thunder Strike","Auto Shields"],"picked":"SKIP","floor":38},{"not_picked":["Leap","Scrape+1","Coolheaded"],"picked":"SKIP","floor":39},{"not_picked":["Beam Cell","Streamline","Stack"],"picked":"SKIP","floor":40},{"not_picked":["Streamline+1","Barrage","Hello World"],"picked":"SKIP","floor":49},{"not_picked":["Redo","Barrage","Force Field"],"picked":"SKIP","floor":51},{"not_picked":["Ball Lightning","Coolheaded","Rainbow"],"picked":"SKIP","floor":54},{"not_picked":["Reinforced Body","Go for the Eyes","Compile Driver"],"picked":"SKIP","floor":59},{"not_picked":["Tempest","Conserve Battery","Recycle"],"picked":"SKIP","floor":61},{"not_picked":["Hello World+1","Doom and Gloom","Hologram+1"],"picked":"SKIP","floor":64},{"not_picked":["Stack+1","Conserve Battery+1","Coolheaded"],"picked":"SKIP","floor":66},{"not_picked":["Buffer","Auto Shields","Hologram"],"picked":"SKIP","floor":68},{"not_picked":["Turbo+1","Recycle","FTL"],"picked":"SKIP","floor":69},{"not_picked":["Ball Lightning+1","Recycle"],"picked":"Glacier+1","floor":73},{"not_picked":["Chaos+1","Compile Driver"],"picked":"Loop","floor":77},{"not_picked":["Blizzard","Streamline","Hologram"],"picked":"SKIP","floor":79},{"not_picked":["Sweeping Beam+1","Static Discharge","Stack"],"picked":"SKIP","floor":81},{"not_picked":["Rebound+1","Redo","Steam+1"],"picked":"SKIP","floor":84},{"not_picked":["Reprogram","Blizzard","Hyperbeam"],"picked":"SKIP","floor":93}],"player_experience":464488,"relics_obtained":[{"floor":7.0,"key":"PreservedInsect"},{"floor":10.0,"key":"DataDisk"},{"floor":11.0,"key":"Anchor"},{"floor":12.0,"key":"Tiny Chest"},{"floor":13.0,"key":"Vajra"},{"floor":30.0,"key":"The Courier"},{"floor":32.0,"key":"Kunai"},{"floor":35.0,"key":"Enchiridion"},{"floor":40,"key":"Boot"},{"floor":42,"key":"Whetstone"},{"floor":45,"key":"Cables"},{"floor":49,"key":"Oddly Smooth Stone"},{"floor":51,"key":"Bottled Lightning"},{"floor":62,"key":"Lantern"},{"floor":69,"key":"InkBottle"},{"floor":73,"key":"Centennial Puzzle"},{"floor":74,"key":"Pantograph"},{"floor":75,"key":"Pear"},{"floor":77,"key":"Nunchaku"},{"floor":78,"key":"Mercury Hourglass"},{"floor":80,"key":"Letter Opener"},{"floor":93,"key":"Strawberry"}],"event_choices":[{"damage_healed":0.0,"max_hp_gain":0.0,"max_hp_loss":0.0,"gold_gain":0.0,"event_name":"The Woman in Blue","player_choice":"Bought 0 Potions","floor":5.0,"gold_loss":0.0,"damage_taken":0.0},{"damage_healed":38.0,"max_hp_gain":0.0,"max_hp_loss":75.0,"gold_gain":0.0,"event_name":"betterThird:BetterShining","player_choice":"Upgrade","floor":21.0,"gold_loss":0.0,"damage_taken":15.0,"cards_upgraded":["Strike_B","Defend_B"]},{"cards_removed":["Strike_B"],"damage_healed":0.0,"max_hp_gain":0.0,"max_hp_loss":0.0,"gold_gain":0.0,"event_name":"Golden Wing","player_choice":"Card Removal","floor":23.0,"gold_loss":0.0,"damage_taken":7.0},{"damage_healed":0.0,"max_hp_gain":0.0,"max_hp_loss":0.0,"gold_gain":0.0,"event_name":"Vampires","player_choice":"Ignored","floor":33.0,"gold_loss":0.0,"damage_taken":0.0},{"damage_healed":0.0,"max_hp_gain":0.0,"max_hp_loss":0.0,"gold_gain":0.0,"event_name":"Cursed Tome","player_choice":"Obtained Book","floor":35.0,"gold_loss":0.0,"damage_taken":16.0},{"cards_removed":["Strike_B"],"damage_healed":0,"gold_gain":0,"player_choice":"Gave Gold","damage_taken":0,"max_hp_gain":0,"max_hp_loss":0,"event_name":"Beggar","floor":48,"gold_loss":75},{"damage_healed":0,"gold_gain":300,"player_choice":"Gold","damage_taken":0,"max_hp_gain":0,"max_hp_loss":0,"event_name":"Wheel of Change","floor":60,"gold_loss":0},{"cards_removed":["Rebound"],"damage_healed":0,"gold_gain":0,"player_choice":"Removed Attack","damage_taken":0,"max_hp_gain":0,"max_hp_loss":0,"event_name":"Falling","floor":63,"gold_loss":0}],"is_beta":false,"boss_relics":[{"not_picked":["Velvet Choker","Fusion Hammer"],"picked":"Sozu"},{"not_picked":["Tiny House","Cursed Key"],"picked":"Runic Pyramid"}],"items_purged_floors":[34,50,65,72],"is_endless":false,"potions_floor_spawned":[10,16,17,22,27,29,40,49,57,61,64,66,68,77,84],"ascension_level":13}}