{"host":"ta9mufxydm4vkknf","time":1609855001,"event":{"mods":["AchievementEnabler","BaseMod","Minty Spire (QoL Compilation)","Quick Restart"],"gold_per_floor":[119,119,72,72,72,89,117,117,117,147,167,167,242,252,252,350,350,363,363,363,380,391,391,423,423,423],"floor_reached":25,"playtime":786,"items_purged":[],"score":317,"play_id":"ee72159b-fc18-4308-b968-a67a6d4096b7","local_time":"20210105145641","is_ascension_mode":true,"campfire_choices":[{"data":"Thunderclap","floor":8,"key":"SMITH"},{"data":"Cleave","floor":12,"key":"SMITH"},{"data":"Wild Strike","floor":15,"key":"SMITH"},{"data":"Iron Wave","floor":23,"key":"SMITH"}],"circlet_count":0,"master_deck":["Strike_R","Defend_R+1","Defend_R","Defend_R","Bash+1","Thunderclap+1","Cleave+1","Flex","Iron Wave+1","Wild Strike+1","Reckless Charge","Bludgeon","Metallicize+1","Flex+1","Reckless Charge+1","True Grit","Clothesline+1","Clash"],"relics":["Burning Blood","NeowsBlessing","Pear","Pantograph","Mango","Astrolabe","Enchiridion","Frozen Egg 2"],"acts_visited":["Exordium","TheCity"],"potions_floor_usage":[],"damage_taken":[{"damage":0,"enemies":"Small Slimes","floor":1,"turns":1},{"damage":0,"enemies":"Cultist","floor":6,"turns":1},{"damage":0,"enemies":"Lagavulin","floor":7,"turns":1},{"damage":10,"enemies":"3 Sentries","floor":10,"turns":5},{"damage":9,"enemies":"Jaw Worm","floor":11,"turns":3},{"damage":19,"enemies":"Large Slime","floor":14,"turns":5},{"damage":91,"enemies":"Hexaghost","floor":16,"turns":11},{"damage":5,"enemies":"Shell Parasite","floor":18,"turns":3},{"damage":18,"enemies":"Spheric Guardian","floor":21,"turns":5},{"damage":31,"enemies":"Centurion and Healer","floor":22,"turns":5},{"damage":26,"enemies":"Gremlin Leader","floor":24,"turns":6},{"damage":38,"enemies":"Shelled Parasite and Fungi","floor":25,"turns":2}],"seed_played":"-2220302609743453617","potions_obtained":[{"floor":6,"key":"BloodPotion"},{"floor":16,"key":"Weak Potion"},{"floor":21,"key":"BlessingOfTheForge"},{"floor":22,"key":"Block Potion"}],"is_trial":false,"path_per_floor":["M","?","$","?","?","M","E","R","T","E","M","R","?","M","R","B",null,"M","?","?","M","M","R","E","M"],"character_chosen":"IRONCLAD","items_purchased":["Cleave"],"campfire_rested":0,"item_purchase_floors":[3],"current_hp_per_floor":[80,80,80,64,64,70,86,86,86,96,93,93,82,69,69,9,104,104,88,88,76,51,51,31,0,0],"gold":423,"neow_bonus":"THREE_ENEMY_KILL","is_daily":false,"chose_seed":false,"campfire_upgraded":4,"win_rate":0.0,"timestamp":1609855001,"path_taken":["M","?","?","?","?","?","E","R","T","E","?","R","?","M","R","BOSS","M","?","?","M","M","R","E","M"],"items_purchased_type":["Card"],"build_version":"2020-12-22","purchased_purges":0,"victory":false,"max_hp_per_floor":[80,80,80,80,80,80,90,90,90,104,104,104,104,104,104,104,104,104,104,104,104,104,104,104,104,104],"card_choices":[{"not_picked":["Armaments","Pommel Strike"],"picked":"Thunderclap","floor":1},{"not_picked":["Perfected Strike","Havoc"],"picked":"Flex","floor":6},{"not_picked":["Juggernaut","Thunderclap"],"picked":"Iron Wave","floor":7},{"not_picked":["Heavy Blade","Headbutt"],"picked":"Wild Strike","floor":10},{"not_picked":["Searing Blow","Clash"],"picked":"Reckless Charge","floor":11},{"not_picked":["Rupture","Thunderclap","Flex"],"picked":"SKIP","floor":14},{"not_picked":["Impervious","Brutality"],"picked":"Bludgeon","floor":16},{"not_picked":["Havoc+1","Dark Embrace"],"picked":"True Grit","floor":18},{"not_picked":["Rage","Armaments+1"],"picked":"Clothesline+1","floor":21},{"not_picked":["Wild Strike","Heavy Blade"],"picked":"Clash","floor":22},{"not_picked":["Heavy Blade","Perfected Strike","Havoc+1"],"picked":"SKIP","floor":24}],"player_experience":220726,"relics_obtained":[{"floor":7,"key":"Pear"},{"floor":9,"key":"Pantograph"},{"floor":10,"key":"Mango"},{"floor":19,"key":"Enchiridion"},{"floor":24,"key":"Frozen Egg 2"}],"event_choices":[{"cards_removed":["Strike_R"],"damage_healed":0,"gold_gain":0,"player_choice":"Offered Basic","damage_taken":0,"max_hp_gain":0,"max_hp_loss":0,"event_name":"Bonfire Elementals","floor":2,"gold_loss":0},{"damage_healed":0,"gold_gain":0,"player_choice":"Entered Light","damage_taken":16,"max_hp_gain":0,"max_hp_loss":0,"event_name":"Shining Light","floor":4,"gold_loss":0,"cards_upgraded":["Defend_R","Bash"]},{"damage_healed":0,"gold_gain":0,"player_choice":"Ignored","damage_taken":0,"max_hp_gain":0,"max_hp_loss":0,"event_name":"Liars Game","floor":5,"gold_loss":0},{"damage_healed":0,"gold_gain":75,"player_choice":"Gather Gold","damage_taken":11,"max_hp_gain":0,"max_hp_loss":0,"event_name":"World of Goop","floor":13,"gold_loss":0},{"damage_healed":0,"gold_gain":0,"player_choice":"Obtained Book","damage_taken":16,"max_hp_gain":0,"max_hp_loss":0,"event_name":"Cursed Tome","floor":19,"gold_loss":0},{"cards_removed":["Strike_R"],"damage_healed":0,"gold_gain":0,"player_choice":"Elegance","damage_taken":0,"max_hp_gain":0,"max_hp_loss":0,"event_name":"Back to Basics","floor":20,"gold_loss":0}],"is_beta":false,"boss_relics":[{"not_picked":["Busted Crown","Velvet Choker"],"picked":"Astrolabe"}],"items_purged_floors":[],"is_endless":false,"potions_floor_spawned":[6,16,21,22],"killed_by":"Shelled Parasite and Fungi","ascension_level":3}}