{"host":"5f3w3xqo483bhjcu","time":1609863435,"event":{"mods":["Act Like it!","BaseMod","Koishi","Marisa£®ÏF”Í°°ƒß¿Ì…≥£©","Minty Spire (QoL Compilation)","Reimu£®≤©¿ˆ¡È√Œ£©","Remilia£®¿Ÿ√◊¿Ú—«£©","StSLib","Waifu the Spire","WarShipGirlsR/’ΩΩ¢…Ÿ≈ÆR mod","Yakumo Yukari mod","Youmu£®ªÍ∆«—˝√Œ£©","Yuyuko","°æ“≈ŒÔø®≈∆°øREMEMod"],"gold_per_floor":[114,64,64,83,94,94,105,120,195,221,250,250,285,314,326,435,447,471,483,495,523,551,591,603,389,389,409,409,426,426,444,444,444,444],"floor_reached":33,"playtime":1457,"items_purged":["UpSweep"],"score":329,"play_id":"941ce78f-9986-4410-ae55-46f2f0b16f70","local_time":"20210106001715","is_ascension_mode":false,"campfire_choices":[{"data":"GrandCross","floor":6.0,"key":"SMITH"},{"data":"MasterSpark","floor":12.0,"key":"SMITH"},{"data":"1","floor":15.0,"key":"LIFT"},{"floor":24,"key":"REST"},{"floor":32,"key":"REST"}],"circlet_count":0,"master_deck":["Strike_MRS","Strike_MRS","Defend_MRS","Defend_MRS","Defend_MRS","MasterSpark+1","DoubleSpark","GrandCross+1","Orbital","Acceleration","Parasite","Parasite","ChargeUpSpray","TreasureHunter","MagicAbsorber+1","OrrerysSun"],"relics":["MiniHakkero","REME_ComplimentaryCards","Shuriken","Girya","ShroomBag","MawBank","Empty Cage","ScarletDevilRocket","Regal Pillow","Ancient Tea Set","Akabeko","Strawberry"],"acts_visited":["Exordium","TheCity"],"potions_floor_usage":[33,33,33],"damage_taken":[{"damage":0.0,"enemies":"2 Louse","floor":1.0,"turns":2.0},{"damage":1.0,"enemies":"Jaw Worm","floor":4.0,"turns":3.0},{"damage":6.0,"enemies":"Cultist","floor":5.0,"turns":3.0},{"damage":5.0,"enemies":"Looter","floor":7.0,"turns":2.0},{"damage":1.0,"enemies":"Exordium Wildlife","floor":8.0,"turns":3.0},{"damage":17.0,"enemies":"3 Sentries","floor":10.0,"turns":5.0},{"damage":8.0,"enemies":"The Mushroom Lair","floor":11.0,"turns":3.0},{"damage":5.0,"enemies":"Gremlin Nob","floor":13.0,"turns":3.0},{"damage":16.0,"enemies":"Large Slime","floor":14.0,"turns":3.0},{"damage":0.0,"enemies":"Slime Boss","floor":16.0,"turns":4.0},{"damage":19.0,"enemies":"Shell Parasite","floor":18.0,"turns":3.0},{"damage":10.0,"enemies":"3 Byrds","floor":21.0,"turns":5.0},{"damage":16.0,"enemies":"Snake Plant","floor":22.0,"turns":3.0},{"damage":44,"enemies":"REME_1_Revenger","floor":23,"turns":4},{"damage":6,"enemies":"3 Cultists","floor":27,"turns":3},{"damage":12,"enemies":"Centurion and Healer","floor":29,"turns":5},{"damage":23,"enemies":"Snake Plant","floor":31,"turns":4},{"damage":66,"enemies":"Collector","floor":33,"turns":5}],"seed_played":"-8188075672505698171","potions_obtained":[{"floor":1.0,"key":"SteroidPotion"},{"floor":7.0,"key":"Dexterity Potion"},{"floor":8.0,"key":"Ancient Potion"},{"floor":18.0,"key":"Energy Potion"},{"floor":29,"key":"FearPotion"}],"is_trial":false,"path_per_floor":["M","?","?","M","M","R","M","M","T","E","?","R","E","M","R","B",null,"M","?","?","M","M","E","R","$","T","M","?","M","?","M","R","B"],"character_chosen":"MARISA","items_purchased":["Akabeko"],"campfire_rested":2,"item_purchase_floors":[25],"current_hp_per_floor":[75,75,75,74,68,68,63,62,62,45,37,37,36,24,24,28,75,60,60,60,54,42,2,39,39,46,44,44,36,36,17,56,0,0],"gold":444,"neow_bonus":"REMOVE_CARD","is_daily":false,"chose_seed":false,"campfire_upgraded":2,"win_rate":0.0,"timestamp":1609863435,"path_taken":["M","?","?","M","?","R","M","M","T","E","?","R","E","M","R","BOSS","M","?","?","?","M","E","R","$","T","M","?","?","?","M","R","BOSS"],"items_purchased_type":["Relic"],"build_version":"2020-12-22","purchased_purges":1,"victory":false,"max_hp_per_floor":[75,75,75,75,75,75,75,75,75,75,75,75,75,75,75,75,75,75,75,75,75,75,75,75,75,82,82,82,82,82,82,82,82,82],"card_choices":[{"not_picked":["SprinkleStarSeal","AsteroidBelt"],"picked":"DoubleSpark","floor":1.0},{"not_picked":["PowerUp","DarkMatter"],"picked":"GrandCross","floor":4.0},{"not_picked":["DoubleSpark","StarDustReverie"],"picked":"Orbital","floor":5.0},{"not_picked":["GrandCross","LuminesStrike","WitchLeyline"],"picked":"SKIP","floor":7.0},{"not_picked":["PulseMagic","DragonMeteor"],"picked":"Acceleration","floor":8.0},{"not_picked":["AsteroidBelt","DarkSpark"],"picked":"PowerUp","floor":10.0},{"not_picked":["StarDustReverie","PowerUp"],"picked":"ChargingUp","floor":11.0},{"not_picked":["DoubleSpark","MilkyWay","AbsoluteMagnitude"],"picked":"SKIP","floor":13.0},{"not_picked":["NonDirectionalLaser","DC"],"picked":"ChargeUpSpray","floor":14.0},{"not_picked":["BigCrunch","StarDustReverie"],"picked":"TreasureHunter","floor":16.0},{"not_picked":["Robbery","MysteriousBeam+1","ShootingEcho"],"picked":"SKIP","floor":18.0},{"not_picked":["DeepEcoloBomb","MysteriousBeam","ShootingEcho"],"picked":"SKIP","floor":21.0},{"not_picked":["DarkMatter","DragonMeteor","MilkyWay"],"picked":"SKIP","floor":22.0},{"not_picked":["DoubleSpark","SporeBomb","SatelliteIllusion"],"picked":"SKIP","floor":23},{"not_picked":["NonDirectionalLaser+1","Occultation"],"picked":"MagicAbsorber","floor":27},{"not_picked":["AsteroidBelt","DC+1","MeteoricShower"],"picked":"SKIP","floor":29},{"not_picked":["RefractionSpark","DC","IllusionStar"],"picked":"SKIP","floor":31}],"player_experience":369895,"relics_obtained":[{"floor":9.0,"key":"Shuriken"},{"floor":10.0,"key":"Girya"},{"floor":11.0,"key":"ShroomBag"},{"floor":13.0,"key":"MawBank"},{"floor":23,"key":"Ancient Tea Set"},{"floor":26,"key":"Strawberry"}],"event_choices":[{"cards_removed":["Defend_MRS"],"damage_healed":0.0,"max_hp_gain":0.0,"max_hp_loss":0.0,"gold_gain":0.0,"event_name":"The Cleric","player_choice":"Card Removal","floor":2.0,"gold_loss":50.0,"damage_taken":0.0},{"cards_removed":["Strike_MRS"],"damage_healed":0.0,"max_hp_gain":0.0,"max_hp_loss":0.0,"gold_gain":0.0,"event_name":"Bonfire Elementals","player_choice":"Offered Basic","floor":3.0,"gold_loss":0.0,"damage_taken":0.0},{"damage_healed":0.0,"max_hp_gain":0.0,"max_hp_loss":0.0,"gold_gain":0.0,"event_name":"Mushrooms_MRS","player_choice":"Fought Mushrooms","floor":11.0,"gold_loss":0.0,"damage_taken":0.0},{"damage_healed":0.0,"max_hp_gain":0.0,"max_hp_loss":0.0,"gold_gain":0.0,"event_name":"The Mausoleum","player_choice":"Opened","floor":19.0,"gold_loss":0.0,"damage_taken":0.0,"relics_obtained":["ScarletDevilRocket"]},{"cards_removed":["ChargingUp"],"damage_healed":0.0,"max_hp_gain":0.0,"max_hp_loss":0.0,"gold_gain":0.0,"event_name":"WeMeetAgain","player_choice":"Gave Card","floor":20.0,"gold_loss":0.0,"damage_taken":0.0,"relics_obtained":["Regal Pillow"]},{"damage_healed":0,"gold_gain":0,"player_choice":"Forge","damage_taken":0,"max_hp_gain":0,"max_hp_loss":0,"event_name":"Accursed Blacksmith","floor":28,"gold_loss":0,"cards_upgraded":["MagicAbsorber"]},{"damage_healed":0,"gold_gain":0,"player_choice":"Read","damage_taken":0,"max_hp_gain":0,"max_hp_loss":0,"event_name":"The Library","floor":30,"gold_loss":0,"cards_obtained":["OrrerysSun"]}],"is_beta":false,"boss_relics":[{"not_picked":["Calling Bell","Snecko Eye"],"picked":"Empty Cage"}],"items_purged_floors":[25],"is_endless":false,"potions_floor_spawned":[1,7,8,11,18,29],"killed_by":"Collector","ascension_level":0}}