{"host":"b7j598ve05halrwk","time":1609885500,"event":{"mods":["2.2 Compatiblity","BaseMod","Block Reminder","DeckTracker","Minty Spire (QoL Compilation)","Relic Stats","Slay the Relics Exporter","StSLib","ojb\u0027s Better Paths Mod","ojb\u0027s Info Mod"],"gold_per_floor":[115,13,32,43,55,55,84,143,170,199,199,36,47,74,74,146,146,164,183,209,224,224,224,259,259,259,259,278,288,315,331,331,331,331],"floor_reached":33,"playtime":2797,"items_purged":[],"score":614,"play_id":"d9435e60-418f-4797-ac4f-9dc8f6ef8840","local_time":"20210105172500","is_ascension_mode":true,"campfire_choices":[{"data":"Sunder","floor":6.0,"key":"SMITH"},{"data":"Hologram","floor":11.0,"key":"SMITH"},{"data":"Doom and Gloom","floor":15.0,"key":"SMITH"},{"data":"Hologram","floor":23,"key":"SMITH"},{"data":"Seek","floor":25,"key":"SMITH"},{"data":"Static Discharge","floor":32,"key":"SMITH"}],"circlet_count":0,"master_deck":["AscendersBane","Strike_B+1","Strike_B","Defend_B","Defend_B","Defend_B","Defend_B","Zap","Dualcast","Hologram+1","Cold Snap+1","Leap","Sunder+1","Cold Snap","Self Repair","Capacitor","Doom and Gloom+1","Buffer","Seek+1","Sunder+1","Static Discharge+1","Rebound","Hologram+1","Rip and Tear","Pain","Auto Shields+1"],"relics":["Snecko Eye","Lantern","Whetstone","Vajra","Unceasing Top","ClockworkSouvenir","Torii","Philosopher\u0027s Stone","Red Mask","Regal Pillow","Turnip","WarpedTongs","Frozen Egg 2"],"acts_visited":["Exordium","TheCity"],"potions_floor_usage":[24,28,28,30,30,33,33],"damage_taken":[{"damage":11.0,"enemies":"Cultist","floor":1.0,"turns":4.0},{"damage":1.0,"enemies":"Small Slimes","floor":3.0,"turns":3.0},{"damage":5.0,"enemies":"Jaw Worm","floor":4.0,"turns":2.0},{"damage":2.0,"enemies":"Red Slaver","floor":5.0,"turns":3.0},{"damage":10.0,"enemies":"Lagavulin","floor":7.0,"turns":3.0},{"damage":1.0,"enemies":"3 Sentries","floor":8.0,"turns":6.0},{"damage":4.0,"enemies":"Gremlin Nob","floor":10.0,"turns":3.0},{"damage":0.0,"enemies":"2 Fungi Beasts","floor":13.0,"turns":2.0},{"damage":3.0,"enemies":"3 Sentries","floor":14.0,"turns":3.0},{"damage":44.0,"enemies":"Hexaghost","floor":16.0,"turns":10.0},{"damage":12,"enemies":"3 Byrds","floor":18,"turns":4},{"damage":0,"enemies":"Spheric Guardian","floor":19,"turns":1},{"damage":0,"enemies":"Masked Bandits","floor":20,"turns":2},{"damage":9,"enemies":"Snake Plant","floor":21,"turns":3},{"damage":1,"enemies":"Gremlin Leader","floor":24,"turns":5},{"damage":21,"enemies":"Cultist and Chosen","floor":28,"turns":4},{"damage":1,"enemies":"Snecko","floor":29,"turns":3},{"damage":26,"enemies":"Book of Stabbing","floor":30,"turns":5},{"damage":16,"enemies":"Snake Plant","floor":31,"turns":4},{"damage":44,"enemies":"Collector","floor":33,"turns":7}],"seed_played":"1417661794172348607","potions_obtained":[{"floor":4.0,"key":"Energy Potion"},{"floor":5.0,"key":"SmokeBomb"},{"floor":10.0,"key":"SpeedPotion"},{"floor":13.0,"key":"Block Potion"},{"floor":14.0,"key":"SpeedPotion"},{"floor":20,"key":"EntropicBrew"},{"floor":24,"key":"Regen Potion"},{"floor":28,"key":"EntropicBrew"}],"is_trial":false,"path_per_floor":["M","$","M","M","M","R","E","?","T","E","R","$","M","E","R","B",null,"M","M","?","M","?","R","E","R","T","?","M","M","E","M","R","B"],"character_chosen":"DEFECT","items_purchased":["Cold Snap","Leap","ClockworkSouvenir"],"campfire_rested":0,"item_purchase_floors":[2,2,12],"current_hp_per_floor":[53,53,52,47,45,45,42,48,48,51,51,51,58,62,62,25,60,55,55,62,60,60,60,66,66,66,66,60,66,47,38,38,0,0],"gold":331,"neow_bonus":"BOSS_RELIC","is_daily":false,"chose_seed":false,"campfire_upgraded":6,"win_rate":0.0,"timestamp":1609885500,"path_taken":["M","?","M","M","M","R","E","?","T","E","R","?","M","E","R","BOSS","M","M","?","M","?","R","E","R","T","?","M","?","E","M","R","BOSS"],"items_purchased_type":["Card","Card","Relic"],"build_version":"2020-12-22","purchased_purges":0,"victory":false,"max_hp_per_floor":[71,71,71,71,71,71,71,71,71,71,71,71,71,71,71,71,71,71,71,71,71,71,71,71,71,71,71,71,71,71,71,71,71,71],"relic_stats":{"Regal Pillow":0,"Torii":26,"counters":[20,77],"Snecko Eye":[129,116,130,120],"Turnip":[7],"Whetstone":["Cold Snap","Strike_B"],"obtain_stats":[{"Lantern":7,"Regal Pillow":24,"Torii":14,"Vajra":9,"Whetstone":8,"Frozen Egg 2":30,"ClockworkSouvenir":12,"WarpedTongs":27,"Snecko Eye":0,"Philosopher\u0027s Stone":17,"Turnip":26,"Red Mask":20,"Cracked Core":0,"Unceasing Top":10},{"Lantern":5,"Regal Pillow":15,"Torii":9,"Vajra":6,"Whetstone":6,"Frozen Egg 2":18,"ClockworkSouvenir":7,"WarpedTongs":15,"Snecko Eye":0,"Philosopher\u0027s Stone":10,"Turnip":15,"Red Mask":13,"Cracked Core":0,"Unceasing Top":7},{"Lantern":15,"Regal Pillow":54,"Torii":29,"Vajra":21,"Whetstone":21,"Frozen Egg 2":66,"ClockworkSouvenir":24,"WarpedTongs":54,"Snecko Eye":0,"Philosopher\u0027s Stone":39,"Turnip":54,"Red Mask":46,"Cracked Core":0,"Unceasing Top":24}],"Unceasing Top":[0],"WarpedTongs":[23]},"card_choices":[{"not_picked":["Storm","Rebound"],"picked":"Hologram","floor":1.0},{"not_picked":["Double Energy","Chill"],"picked":"Sunder","floor":3.0},{"not_picked":["Chaos","Reprogram"],"picked":"Cold Snap","floor":4.0},{"not_picked":["Static Discharge","Ball Lightning"],"picked":"Self Repair","floor":5.0},{"not_picked":["Compile Driver","Barrage","Fission"],"picked":"SKIP","floor":7.0},{"not_picked":["Storm","Chaos"],"picked":"Capacitor","floor":8.0},{"not_picked":["Seek","Stack","Coolheaded"],"picked":"SKIP","floor":10.0},{"not_picked":["Genetic Algorithm","BootSequence"],"picked":"Doom and Gloom","floor":13.0},{"not_picked":["Turbo","Gash"],"picked":"Buffer","floor":14.0},{"not_picked":["Fission","Thunder Strike"],"picked":"Seek","floor":16.0},{"not_picked":["Beam Cell+1","Go for the Eyes"],"picked":"Sunder+1","floor":18},{"not_picked":["Stack","Gash"],"picked":"Static Discharge","floor":19},{"not_picked":["Reprogram","Reboot"],"picked":"Rebound","floor":21},{"not_picked":["Barrage","Stack","Streamline"],"picked":"SKIP","floor":24},{"not_picked":["Beam Cell","Ball Lightning"],"picked":"Auto Shields+1","floor":28},{"not_picked":["Beam Cell","Lockon+1","Blizzard"],"picked":"SKIP","floor":29},{"not_picked":["Cold Snap","Blizzard","Steam Power+1"],"picked":"SKIP","floor":30},{"not_picked":["Sweeping Beam","Rip and Tear","Melter"],"picked":"SKIP","floor":31}],"player_experience":817440,"relics_obtained":[{"floor":7.0,"key":"Lantern"},{"floor":8.0,"key":"Whetstone"},{"floor":9.0,"key":"Vajra"},{"floor":10.0,"key":"Unceasing Top"},{"floor":14.0,"key":"Torii"},{"floor":20,"key":"Red Mask"},{"floor":24,"key":"Regal Pillow"},{"floor":26,"key":"Turnip"},{"floor":30,"key":"Frozen Egg 2"}],"event_choices":[{"damage_healed":0.0,"max_hp_gain":0.0,"max_hp_loss":0.0,"gold_gain":0.0,"event_name":"Dead Adventurer","player_choice":"Searched \u00271\u0027 times","floor":8.0,"gold_loss":0.0,"damage_taken":0.0},{"damage_healed":0,"gold_gain":0,"player_choice":"Fought Bandits","damage_taken":0,"max_hp_gain":0,"max_hp_loss":0,"event_name":"Masked Bandits","floor":20,"gold_loss":0},{"damage_healed":0,"gold_gain":0,"cards_transformed":["Strike_B","Strike_B"],"player_choice":"Became Test Subject","damage_taken":0,"max_hp_gain":0,"max_hp_loss":0,"event_name":"Drug Dealer","floor":22,"gold_loss":0,"cards_obtained":["Hologram","Rip and Tear"]},{"damage_healed":0,"gold_gain":0,"player_choice":"Rummage","damage_taken":0,"relics_obtained":["WarpedTongs"],"max_hp_gain":0,"max_hp_loss":0,"event_name":"Accursed Blacksmith","floor":27,"gold_loss":0,"cards_obtained":["Pain"]}],"is_beta":false,"boss_relics":[{"not_picked":["Black Star","Runic Dome"],"picked":"Philosopher\u0027s Stone"}],"items_purged_floors":[],"is_endless":false,"potions_floor_spawned":[4,5,10,13,14,20,24,28],"killed_by":"Collector","ascension_level":20}}