{"host":"mtg945c5jssv10ty","time":1609868292,"event":{"mods":["Ascension Unlocker","BaseMod","Downfall","Minty Spire (QoL Compilation)","StSLib","SuperFastMode"],"gold_per_floor":[99,99,99,99,99,132,132,144,144,44,70,70,6,38,54,149,149,149,166,166,166,166,184,184,184,184,184],"floor_reached":26,"playtime":736,"items_purged":[],"score":229,"play_id":"ffb33ffb-62c0-48db-b83d-82c76104bd69","local_time":"20210105123812","is_ascension_mode":true,"campfire_choices":[{"floor":1,"key":"RECALL"},{"floor":10,"key":"REST"},{"floor":12,"key":"REST"},{"data":"bronze:AlphaBuild","floor":18,"key":"SMITH"},{"data":"bronze:OilSpill","floor":25,"key":"SMITH"}],"circlet_count":0,"master_deck":["bronze:Strike","bronze:Defend","bronze:Defend","bronze:Defend","bronze:Defend","bronze:Replicate+1","bronze:Goto+1","bronze:FineTuning","bronze:OilSpill+1","bronze:ForLoop","bronze:CloningBeam","bronze:HardenedForm","bronze:Fortify","bronze:OilSpill+1","bronze:Optimize","bronze:Shell","bronze:AlphaBuild+1","bronze:ChildClass","bronze:OilSpill"],"relics":["bronze:BronzeCore","downfall:HeartsMalice","Question Card","Matryoshka","downfall:HeartBlessingRed","Pen Nib","Shuriken","Coffee Dripper","Bag of Marbles","Strawberry"],"acts_visited":["Exordium","TheCity"],"potions_floor_usage":[13,14,16,19],"damage_taken":[{"damage":0,"enemies":"2 Louse","floor":2,"turns":1},{"damage":0,"enemies":"Cultist","floor":3,"turns":1},{"damage":0,"enemies":"Jaw Worm","floor":5,"turns":1},{"damage":44,"enemies":"3 Sentries","floor":6,"turns":11},{"damage":6,"enemies":"2 Fungi Beasts","floor":8,"turns":4},{"damage":13,"enemies":"Lagavulin","floor":11,"turns":5},{"damage":0,"enemies":"downfall:FleeingMerchant","floor":13,"turns":4},{"damage":14,"enemies":"Gremlin Nob","floor":14,"turns":3},{"damage":7,"enemies":"3 Louse","floor":15,"turns":3},{"damage":21,"enemies":"downfall:Silent","floor":16,"turns":5},{"damage":15,"enemies":"3 Byrds","floor":19,"turns":4},{"damage":31,"enemies":"3 Byrds","floor":22,"turns":5},{"damage":12,"enemies":"Shelled Parasite and Fungi","floor":23,"turns":6},{"damage":25,"enemies":"Gremlin Leader","floor":26,"turns":3}],"seed_played":"-6423895459318012184","potions_obtained":[{"floor":8,"key":"Ancient Potion"},{"floor":11,"key":"ColorlessPotion"},{"floor":15,"key":"CultistPotion"},{"floor":16,"key":"champ:CounterPotion"},{"floor":19,"key":"SpeedPotion"}],"is_trial":false,"path_per_floor":["R","M","M","?","M","E","T","M","?","R","E","R","$","E","M","B",null,"R","M","?","?","?","M","T","R","E"],"character_chosen":"THE_AUTOMATON","items_purchased":["SkillPotion"],"campfire_rested":2,"item_purchase_floors":[13],"current_hp_per_floor":[70,70,70,70,70,26,26,20,20,41,28,49,49,35,28,7,70,70,55,55,55,24,12,19,19,0,0],"gold":184,"neow_bonus":"THREE_ENEMY_KILL","is_daily":false,"chose_seed":false,"campfire_upgraded":2,"win_rate":0.0,"timestamp":1609868292,"path_taken":["R","M","M","?","?","E","T","M","?","R","E","R","$","E","M","BOSS","R","M","?","?","?","M","T","R","E"],"items_purchased_type":["Potion"],"build_version":"2020-12-22","purchased_purges":0,"victory":false,"max_hp_per_floor":[70,70,70,70,70,70,70,70,70,70,70,70,70,70,70,70,70,70,70,70,70,70,70,77,77,77,77],"card_choices":[{"not_picked":["bronze:BugBarrage","bronze:Shield"],"picked":"bronze:FineTuning","floor":2},{"not_picked":["bronze:BronzeOrb","bronze:ChosenStrike"],"picked":"bronze:OilSpill","floor":3},{"not_picked":["bronze:FollowUp","bronze:Return"],"picked":"bronze:ForLoop","floor":5},{"not_picked":["bronze:DarkDash","bronze:CutThrough"],"picked":"bronze:CloningBeam","floor":6},{"not_picked":["bronze:WhirlingStrike","bronze:WildBeam","bronze:Branch"],"picked":"bronze:HardenedForm","floor":8},{"not_picked":["bronze:ItsAFeature","bronze:BuggyMess","bronze:WhirlingStrike"],"picked":"bronze:Fortify","floor":11},{"not_picked":["bronze:Flail","bronze:DigitalCarnage","bronze:BuggyMess"],"picked":"bronze:OilSpill","floor":13},{"not_picked":["bronze:Shield","bronze:DigitalCarnage","bronze:Frontload"],"picked":"bronze:Optimize","floor":14},{"not_picked":["bronze:Break","bronze:WhirlingStrike","bronze:DarkDash"],"picked":"bronze:Shell","floor":15},{"not_picked":["bronze:Break","bronze:ShipIt","bronze:SpaghettiCode"],"picked":"bronze:AlphaBuild","floor":16},{"not_picked":["bronze:WhirlingStrike","bronze:DelayedSlice","bronze:ChosenStrike"],"picked":"bronze:ChildClass","floor":19},{"not_picked":["bronze:FollowUp","bronze:Fortify+1","bronze:CutThrough+1"],"picked":"bronze:OilSpill","floor":23}],"player_experience":188258,"relics_obtained":[{"floor":6,"key":"Question Card"},{"floor":7,"key":"Matryoshka"},{"floor":11,"key":"Pen Nib"},{"floor":14,"key":"Shuriken"},{"floor":24,"key":"Bag of Marbles"},{"floor":24,"key":"Strawberry"}],"event_choices":[{"cards_removed":["bronze:Strike"],"damage_healed":0,"gold_gain":0,"player_choice":"Card Removal","damage_taken":0,"max_hp_gain":0,"max_hp_loss":0,"event_name":"The Cleric","floor":9,"gold_loss":0},{"damage_healed":0,"gold_gain":0,"player_choice":"Ignored","damage_taken":0,"max_hp_gain":0,"max_hp_loss":0,"event_name":"Vampires","floor":20,"gold_loss":0}],"is_beta":false,"boss_relics":[{"not_picked":["Runic Pyramid","Astrolabe"],"picked":"Coffee Dripper"}],"items_purged_floors":[],"is_endless":false,"potions_floor_spawned":[8,11,15,16,19,22],"killed_by":"Gremlin Leader","ascension_level":1}}