{"host":"u7lm8z2rvb4dg2oo","time":1609827095,"event":{"mods":["AchievementEnabler","BaseMod","Colored Map","Colored Powertips","Curses Come First","Googly Eyes","Highlight Path","Minty Spire (QoL Compilation)","Quick Restart","StSLib"],"gold_per_floor":[114,133,58,72,72,99,112,132,158,158,175,200,200,215,215,313,313,333,266,278,18,33,61,61,95,95,95,112,112,127,143,143,241,241,261,277,288,288,288],"floor_reached":38,"playtime":1991,"items_purged":["Strike_P"],"score":617,"play_id":"f5cf00f8-6005-41d4-aaa7-93c8f3a11f24","local_time":"20210105011135","is_ascension_mode":true,"campfire_choices":[{"floor":10.0,"key":"REST"},{"floor":15.0,"key":"REST"},{"data":"Blasphemy","floor":24.0,"key":"SMITH"},{"data":"Establishment","floor":27.0,"key":"SMITH"},{"floor":29.0,"key":"REST"},{"data":"SpiritShield","floor":32.0,"key":"SMITH"}],"circlet_count":0,"master_deck":["Strike_P","Strike_P+1","Defend_P","Defend_P","Defend_P","Defend_P","Eruption","Vigilance","Protect","Tantrum+1","TalkToTheHand","Establishment+1","Blasphemy+1","SandsOfTime","ReachHeaven","SpiritShield+1","Consecrate+1","Protect","CutThroughFate","Vault"],"relics":["PureWater","Oddly Smooth Stone","CaptainsWheel","Whetstone","Omamori","Runic Pyramid","TeardropLocket","MealTicket","Lantern","Bottled Flame","VioletLotus"],"acts_visited":["Exordium","TheCity","TheBeyond"],"potions_floor_usage":[33,33,38],"damage_taken":[{"damage":6.0,"enemies":"Jaw Worm","floor":1.0,"turns":6.0},{"damage":2.0,"enemies":"2 Louse","floor":2.0,"turns":3.0},{"damage":11.0,"enemies":"Small Slimes","floor":4.0,"turns":4.0},{"damage":23.0,"enemies":"3 Sentries","floor":6.0,"turns":8.0},{"damage":0.0,"enemies":"2 Fungi Beasts","floor":7.0,"turns":3.0},{"damage":0.0,"enemies":"Large Slime","floor":8.0,"turns":5.0},{"damage":7.0,"enemies":"Exordium Thugs","floor":11.0,"turns":4.0},{"damage":0.0,"enemies":"Lagavulin","floor":12.0,"turns":4.0},{"damage":0.0,"enemies":"Looter","floor":14.0,"turns":3.0},{"damage":5.0,"enemies":"The Guardian","floor":16.0,"turns":8.0},{"damage":0.0,"enemies":"Chosen","floor":18.0,"turns":4.0},{"damage":0.0,"enemies":"Shell Parasite","floor":20.0,"turns":3.0},{"damage":6.0,"enemies":"3 Cultists","floor":22.0,"turns":4.0},{"damage":10.0,"enemies":"Book of Stabbing","floor":23.0,"turns":4.0},{"damage":3.0,"enemies":"Slavers","floor":25.0,"turns":3.0},{"damage":11.0,"enemies":"Snake Plant","floor":28.0,"turns":4.0},{"damage":12.0,"enemies":"Cultist and Chosen","floor":30.0,"turns":4.0},{"damage":6.0,"enemies":"Chosen and Byrds","floor":31.0,"turns":4.0},{"damage":15,"enemies":"Collector","floor":33,"turns":8},{"damage":11,"enemies":"Orb Walker","floor":35,"turns":2},{"damage":8,"enemies":"3 Shapes","floor":36,"turns":4},{"damage":12,"enemies":"Maw","floor":37,"turns":7},{"damage":35,"enemies":"Jaw Worm Horde","floor":38,"turns":1}],"seed_played":"-1788608583711628528","potions_obtained":[{"floor":8.0,"key":"Weak Potion"},{"floor":11.0,"key":"AttackPotion"},{"floor":12.0,"key":"SpeedPotion"},{"floor":20.0,"key":"Dexterity Potion"},{"floor":28.0,"key":"Weak Potion"},{"floor":30.0,"key":"BlessingOfTheForge"},{"floor":36,"key":"Fire Potion"},{"floor":37,"key":"FearPotion"}],"is_trial":false,"path_per_floor":["M","M","$","M","$","E","M","M","T","R","M","E","?","M","R","B",null,"M","$","M","$","M","E","R","E","T","R","M","R","M","M","R","B",null,"M","M","M","M"],"character_chosen":"WATCHER","items_purchased":["ReachHeaven","TeardropLocket"],"campfire_rested":3,"item_purchase_floors":[19,21],"current_hp_per_floor":[59,57,57,46,46,23,23,23,23,44,37,37,30,30,51,46,66,66,66,66,66,60,50,50,47,47,47,36,57,45,39,39,24,60,49,41,29,0,0],"gold":288,"neow_bonus":"RANDOM_COMMON_RELIC","is_daily":false,"chose_seed":false,"campfire_upgraded":3,"win_rate":0.0,"timestamp":1609827095,"path_taken":["M","M","$","M","$","E","M","M","T","R","M","E","?","M","R","BOSS","M","$","M","$","M","E","R","E","T","R","M","R","M","M","R","BOSS","M","M","M","M"],"items_purchased_type":["Card","Relic"],"build_version":"2020-12-22","purchased_purges":1,"victory":false,"max_hp_per_floor":[72,72,72,72,72,72,72,72,72,72,72,72,72,72,72,72,72,72,72,72,72,72,72,72,72,72,72,72,72,72,72,72,72,72,72,72,72,72,72],"card_choices":[{"not_picked":["CrushJoints","Perseverance","Crescendo"],"picked":"SKIP","floor":1.0},{"not_picked":["Prostrate","Worship"],"picked":"Protect","floor":2.0},{"not_picked":["JustLucky","SandsOfTime"],"picked":"Tantrum","floor":4.0},{"not_picked":["Halt","EmptyBody"],"picked":"TalkToTheHand","floor":6.0},{"not_picked":["SashWhip","Halt","FlyingSleeves"],"picked":"SKIP","floor":7.0},{"not_picked":["PathToVictory","Swivel","ClearTheMind"],"picked":"SKIP","floor":8.0},{"not_picked":["FlurryOfBlows","Consecrate","Study"],"picked":"SKIP","floor":11.0},{"not_picked":["Fasting2","Adaptation"],"picked":"Establishment","floor":12.0},{"not_picked":["Crescendo","Pray","SashWhip"],"picked":"SKIP","floor":14.0},{"not_picked":["Ragnarok","Wish"],"picked":"Blasphemy","floor":16.0},{"not_picked":["FlyingSleeves","Halt"],"picked":"SandsOfTime","floor":18.0},{"not_picked":["Vengeance","FlurryOfBlows"],"picked":"SpiritShield","floor":20.0},{"not_picked":["CrushJoints","SignatureMove+1"],"picked":"Consecrate+1","floor":22.0},{"not_picked":["Adaptation","CrushJoints"],"picked":"Protect","floor":23.0},{"not_picked":["Prostrate","EmptyFist+1"],"picked":"CutThroughFate","floor":25.0},{"not_picked":["FlyingSleeves+1","CrushJoints","Pray"],"picked":"SKIP","floor":28.0},{"not_picked":["Meditate+1","Vengeance","Study"],"picked":"SKIP","floor":30.0},{"not_picked":["PathToVictory","EmptyBody","FlurryOfBlows"],"picked":"SKIP","floor":31.0},{"not_picked":["Omniscience","Judgement"],"picked":"Vault","floor":33},{"not_picked":["Worship+1","Crescendo","Halt"],"picked":"SKIP","floor":35},{"not_picked":["FlurryOfBlows+1","Crescendo","Indignation+1"],"picked":"SKIP","floor":36},{"not_picked":["Wallop","Evaluate+1","EmptyBody+1"],"picked":"SKIP","floor":37}],"player_experience":1070161,"relics_obtained":[{"floor":6.0,"key":"CaptainsWheel"},{"floor":9.0,"key":"Whetstone"},{"floor":12.0,"key":"Omamori"},{"floor":23.0,"key":"MealTicket"},{"floor":25.0,"key":"Lantern"},{"floor":26.0,"key":"Bottled Flame"}],"event_choices":[{"cards_removed":["Strike_P"],"damage_healed":0.0,"max_hp_gain":0.0,"max_hp_loss":0.0,"gold_gain":0.0,"event_name":"Golden Wing","player_choice":"Card Removal","floor":13.0,"gold_loss":0.0,"damage_taken":7.0}],"is_beta":false,"boss_relics":[{"not_picked":["SlaversCollar","HolyWater"],"picked":"Runic Pyramid"},{"not_picked":["Pandora\u0027s Box","Cursed Key"],"picked":"VioletLotus"}],"items_purged_floors":[3],"is_endless":false,"potions_floor_spawned":[8,11,12,20,28,30,36,37],"killed_by":"Jaw Worm Horde","ascension_level":7}}