{"host":"vumwfieg2b2mnrfl","time":1609874770,"event":{"mods":["AchievementEnabler","BaseMod","Minty Spire (QoL Compilation)","Rare Cards Sparkle","Relic Stats"],"gold_per_floor":[110,110,110,87,12,12,40,54,54,80,80,102,112,112,112,189,189,208,218,218,218,143,143,158,193,193,193,193,525,540,553,553,553,553],"floor_reached":33,"playtime":1057,"items_purged":["Decay"],"score":553,"play_id":"ad3981d1-5a71-4eed-a0d1-a6f2bea41081","local_time":"20210105132610","is_ascension_mode":true,"campfire_choices":[{"data":"Armaments","floor":6.0,"key":"SMITH"},{"data":"Demon Form","floor":11.0,"key":"SMITH"},{"data":"Flame Barrier","floor":15.0,"key":"SMITH"},{"floor":23.0,"key":"REST"},{"floor":28,"key":"REST"},{"floor":32,"key":"REST"}],"circlet_count":0,"master_deck":["AscendersBane","Strike_R","Strike_R","Defend_R","Defend_R","Defend_R+1","Bash","Heavy Blade","Bludgeon","Armaments+1","Sword Boomerang","Demon Form+1","Flame Barrier+1","Flame Barrier+1","Reaper","Headbutt","Pummel","Flame Barrier+1","Battle Trance","Hemokinesis","Bloodletting","Anger+1"],"relics":["Burning Blood","NeowsBlessing","Incense Burner","Pear","Turnip","Odd Mushroom","Kunai","Sozu","War Paint","Mummified Hand","Old Coin"],"acts_visited":["Exordium","TheCity"],"potions_floor_usage":[],"damage_taken":[{"damage":0.0,"enemies":"Jaw Worm","floor":1.0,"turns":1.0},{"damage":0.0,"enemies":"3 Sentries","floor":7.0,"turns":2.0},{"damage":0.0,"enemies":"Cultist","floor":8.0,"turns":1.0},{"damage":16.0,"enemies":"Lagavulin","floor":10.0,"turns":7.0},{"damage":18.0,"enemies":"The Mushroom Lair","floor":12.0,"turns":5.0},{"damage":0.0,"enemies":"2 Louse","floor":13.0,"turns":1.0},{"damage":38.0,"enemies":"Slime Boss","floor":16.0,"turns":14.0},{"damage":1.0,"enemies":"Spheric Guardian","floor":18.0,"turns":5.0},{"damage":0.0,"enemies":"Chosen","floor":19.0,"turns":4.0},{"damage":77.0,"enemies":"Masked Bandits","floor":20.0,"turns":7.0},{"damage":34.0,"enemies":"Centurion and Healer","floor":24.0,"turns":9.0},{"damage":33.0,"enemies":"Gremlin Leader","floor":25.0,"turns":7.0},{"damage":24,"enemies":"Book of Stabbing","floor":29,"turns":6},{"damage":11,"enemies":"Snake Plant","floor":30,"turns":4},{"damage":3,"enemies":"Sentry and Sphere","floor":31,"turns":4},{"damage":61,"enemies":"Collector","floor":33,"turns":3}],"seed_played":"7269312974701193696","potions_obtained":[{"floor":8.0,"key":"Fire Potion"},{"floor":12.0,"key":"Explosive Potion"},{"floor":16.0,"key":"SmokeBomb"}],"is_trial":false,"path_per_floor":["M","?","$","$","?","R","E","M","T","E","R","?","M","T","R","B",null,"M","M","?","?","$","R","M","E","T","?","R","E","M","M","R","B"],"character_chosen":"IRONCLAD","items_purchased":["Armaments"],"campfire_rested":3,"item_purchase_floors":[4],"current_hp_per_floor":[74,74,74,74,74,74,75,75,85,75,75,63,69,69,69,37,73,78,84,13,13,13,38,36,31,31,31,56,38,33,36,61,0,0],"gold":553,"neow_bonus":"THREE_ENEMY_KILL","is_daily":false,"chose_seed":false,"campfire_upgraded":3,"win_rate":0.0,"timestamp":1609874770,"path_taken":["M","?","?","$","?","R","E","M","T","E","R","?","M","?","R","BOSS","M","M","?","?","?","R","?","E","T","?","R","E","M","M","R","BOSS"],"items_purchased_type":["Card"],"build_version":"2020-12-22","purchased_purges":1,"victory":false,"max_hp_per_floor":[75,75,75,75,75,75,75,75,85,85,85,85,85,85,85,85,85,85,85,85,85,85,85,85,85,85,85,85,85,85,85,85,85,85],"relic_stats":{"Sozu":3,"counters":[16,80],"Mummified Hand":[4],"Turnip":[23],"Kunai":[5],"War Paint":["Flame Barrier","Defend_R"],"obtain_stats":[{"Sozu":17,"Pear":9,"NeowsBlessing":0,"Mummified Hand":26,"Turnip":10,"Incense Burner":7,"Kunai":14,"Odd Mushroom":12,"War Paint":25,"Burning Blood":0,"Old Coin":29},{"Sozu":7,"Pear":3,"NeowsBlessing":0,"Mummified Hand":12,"Turnip":4,"Incense Burner":2,"Kunai":6,"Odd Mushroom":5,"War Paint":12,"Burning Blood":0,"Old Coin":13},{"Sozu":31,"Pear":4,"NeowsBlessing":0,"Mummified Hand":63,"Turnip":11,"Incense Burner":3,"Kunai":17,"Odd Mushroom":16,"War Paint":63,"Burning Blood":0,"Old Coin":69}],"Burning Blood":79},"card_choices":[{"not_picked":["Iron Wave","Clash"],"picked":"Heavy Blade","floor":1.0},{"not_picked":["Body Slam","Burning Pact"],"picked":"Sword Boomerang","floor":7.0},{"not_picked":["Havoc","Wild Strike","Rage"],"picked":"SKIP","floor":8.0},{"not_picked":["Pommel Strike","Flame Barrier"],"picked":"Demon Form","floor":10.0},{"not_picked":["Whirlwind","Perfected Strike"],"picked":"Flame Barrier","floor":12.0},{"not_picked":["Twin Strike","Searing Blow"],"picked":"Flame Barrier","floor":13.0},{"not_picked":["Impervious","Juggernaut"],"picked":"Reaper","floor":16.0},{"not_picked":["Intimidate+1","Evolve"],"picked":"Headbutt","floor":18.0},{"not_picked":["Wild Strike","Flex"],"picked":"Pummel","floor":19.0},{"not_picked":["Pommel Strike+1","Flex+1"],"picked":"Flame Barrier+1","floor":24.0},{"not_picked":["Feed","Dropkick"],"picked":"Battle Trance","floor":25.0},{"not_picked":["Bloodletting","Flex","Power Through"],"picked":"SKIP","floor":29},{"not_picked":["Thunderclap+1","Rage","Infernal Blade"],"picked":"SKIP","floor":30},{"not_picked":["Sword Boomerang","Warcry"],"picked":"Anger+1","floor":31}],"player_experience":366650,"relics_obtained":[{"floor":7.0,"key":"Incense Burner"},{"floor":9.0,"key":"Pear"},{"floor":10.0,"key":"Turnip"},{"floor":12.0,"key":"Odd Mushroom"},{"floor":14.0,"key":"Kunai"},{"floor":25.0,"key":"War Paint"},{"floor":26.0,"key":"Mummified Hand"},{"floor":29,"key":"Old Coin"}],"event_choices":[{"damage_healed":0.0,"max_hp_gain":0.0,"max_hp_loss":0.0,"gold_gain":0.0,"cards_transformed":["Strike_R"],"event_name":"Transmorgrifier","player_choice":"Transformed","floor":2.0,"gold_loss":0.0,"damage_taken":0.0,"cards_obtained":["Bludgeon"]},{"cards_removed":["Defend_R"],"damage_healed":0.0,"max_hp_gain":0.0,"max_hp_loss":0.0,"gold_gain":0.0,"event_name":"The Cleric","player_choice":"Card Removal","floor":5.0,"gold_loss":75.0,"damage_taken":0.0},{"damage_healed":0.0,"max_hp_gain":0.0,"max_hp_loss":0.0,"gold_gain":0.0,"event_name":"Mushrooms","player_choice":"Fought Mushrooms","floor":12.0,"gold_loss":0.0,"damage_taken":0.0},{"damage_healed":0.0,"max_hp_gain":0.0,"max_hp_loss":0.0,"gold_gain":0.0,"event_name":"Masked Bandits","player_choice":"Fought Bandits","floor":20.0,"gold_loss":0.0,"damage_taken":0.0},{"damage_healed":0.0,"max_hp_gain":0.0,"max_hp_loss":0.0,"gold_gain":0.0,"event_name":"Forgotten Altar","player_choice":"Smashed Altar","floor":21.0,"gold_loss":0.0,"damage_taken":0.0,"cards_obtained":["Decay"]},{"damage_healed":0.0,"max_hp_gain":0.0,"max_hp_loss":0.0,"gold_gain":0.0,"cards_transformed":["Strike_R","Strike_R"],"event_name":"Drug Dealer","player_choice":"Became Test Subject","floor":27.0,"gold_loss":0.0,"damage_taken":0.0,"cards_obtained":["Hemokinesis","Bloodletting"]}],"is_beta":false,"boss_relics":[{"not_picked":["Velvet Choker","Tiny House"],"picked":"Sozu"}],"items_purged_floors":[22],"is_endless":false,"potions_floor_spawned":[8,12,16,20,24,25,31],"killed_by":"Collector","ascension_level":15}}