{"host":"yiit85oc4oi3nqs8","time":1609840685,"event":{"mods":["AchievementEnabler","BaseMod","Better Third Choice","Block Reminder","DeckTracker","Highlight Path","Keyboard Shortcuts","Minty Spire (QoL Compilation)","MonsterHotkey","Quick Restart","Random Character Button","Relic Stats","StSLib"],"gold_per_floor":[109,124,124,138,158,168,168,243,168,168,25,25,25,35,35,106,106,86,102,113,123,138,138,149,23,34,34,34,108,108,122,172,172,172,186,186,14,14,34,49,49,49,49,49,49,49,76,76,76,76,76,76,76],"floor_reached":52,"playtime":1735,"items_purged":["Strike_G","Strike_G"],"score":731,"play_id":"888418d6-93c6-4b4d-a028-2b4def37cf0d","local_time":"20210105185805","is_ascension_mode":true,"campfire_choices":[{"data":"Blade Dance","floor":12.0,"key":"SMITH"},{"data":"Accuracy","floor":13.0,"key":"SMITH"},{"data":"Acrobatics","floor":27,"key":"SMITH"},{"data":"Neutralize","floor":28,"key":"SMITH"},{"data":"Cloak And Dagger","floor":42,"key":"SMITH"},{"data":"Ghostly","floor":43,"key":"SMITH"},{"data":"A Thousand Cuts","floor":46,"key":"SMITH"},{"data":"Terror","floor":48,"key":"SMITH"},{"floor":51,"key":"REST"}],"circlet_count":0,"master_deck":["AscendersBane","Defend_G","Defend_G","Defend_G","Defend_G","Survivor","Neutralize+1","Envenom+1","Flying Knee","Acrobatics+1","Blade Dance+1","Terror+1","Accuracy+1","Night Terror","Escape Plan","Finisher","A Thousand Cuts+1","Night Terror+1","Dodge and Roll+1","Tools of the Trade+1","Cloak And Dagger+1","Ghostly","Ghostly","Ghostly+1"],"relics":["Ring of the Snake","The Courier","Meat on the Bone","Bottled Tornado","Membership Card","Astrolabe","MealTicket","Shuriken","Shovel","Mercury Hourglass","Letter Opener"],"acts_visited":["Exordium","TheCity"],"potions_floor_usage":[29,31,52],"damage_taken":[{"damage":3.0,"enemies":"Cultist","floor":1.0,"turns":4.0},{"damage":11.0,"enemies":"Jaw Worm","floor":2.0,"turns":4.0},{"damage":10.0,"enemies":"Small Slimes","floor":4.0,"turns":5.0},{"damage":15.0,"enemies":"Exordium Thugs","floor":5.0,"turns":5.0},{"damage":9.0,"enemies":"3 Louse","floor":6.0,"turns":4.0},{"damage":6.0,"enemies":"Red Slaver","floor":14.0,"turns":3.0},{"damage":1.0,"enemies":"Looter","floor":19.0,"turns":3.0},{"damage":0.0,"enemies":"2 Fungi Beasts","floor":20.0,"turns":2.0},{"damage":0.0,"enemies":"Large Slime","floor":21.0,"turns":4.0},{"damage":6,"enemies":"Exordium Thugs","floor":22,"turns":4},{"damage":0,"enemies":"2 Fungi Beasts","floor":24,"turns":2},{"damage":0,"enemies":"Large Slime","floor":26,"turns":3},{"damage":42,"enemies":"Slime Boss","floor":29,"turns":7},{"damage":19,"enemies":"2 Thieves","floor":31,"turns":4},{"damage":0,"enemies":"Chosen","floor":35,"turns":4},{"damage":0,"enemies":"Snecko","floor":39,"turns":2},{"damage":3,"enemies":"Snake Plant","floor":40,"turns":4},{"damage":22,"enemies":"Book of Stabbing","floor":47,"turns":3},{"damage":41,"enemies":"Gremlin Leader","floor":52,"turns":2}],"seed_played":"6532259300156126976","potions_obtained":[{"floor":1.0,"key":"ColorlessPotion"},{"floor":18.0,"key":"SmokeBomb"},{"floor":19.0,"key":"Swift Potion"},{"floor":20.0,"key":"SteroidPotion"},{"floor":29,"key":"LiquidMemories"}],"is_trial":false,"path_per_floor":["M","M","?","M","M","M","?","?","$","?","$","R","R","M","?","T","T","?","M","M","M","M","$","M","?","M","R","R","B",null,"M","?","?","?","M","?","$","$","M","M","?","R","R","$","$","R","E","R","T","T","R","E"],"character_chosen":"THE_SILENT","items_purchased":["Accuracy","Membership Card","MealTicket","Shuriken"],"campfire_rested":1,"item_purchase_floors":[11,25,37,37],"current_hp_per_floor":[56,45,45,35,20,11,33,22,22,22,22,22,22,16,16,16,16,16,27,39,39,45,45,45,45,45,45,45,15,53,34,34,34,34,34,33,33,33,33,30,30,30,30,33,33,33,23,23,23,23,32,0,0],"gold":76,"neow_bonus":"ONE_RANDOM_RARE_CARD","is_daily":false,"chose_seed":false,"campfire_upgraded":8,"win_rate":0.0,"timestamp":1609840685,"path_taken":["M","M","?","M","?","M","?","?","$","?","$","R","R","?","?","T","T","?","M","?","M","M","?","M","?","M","R","R","BOSS","M","?","?","?","M","?","$","$","?","M","?","R","R","$","$","R","E","R","T","T","R","E"],"items_purchased_type":["Card","Relic","Relic","Relic"],"build_version":"2020-12-22","purchased_purges":2,"victory":false,"max_hp_per_floor":[66,66,66,66,66,66,66,66,66,66,66,66,66,66,66,66,66,66,66,66,66,66,66,66,66,66,66,66,66,66,66,66,66,66,66,33,33,33,33,33,33,33,33,33,33,33,33,33,33,33,33,33,33],"relic_stats":{"Shovel":0,"counters":[19,69],"Shuriken":[8],"Astrolabe":["Night Terror","Dodge and Roll","Tools of the Trade"],"MealTicket":3,"Letter Opener":[0],"obtain_stats":[{"Shovel":47,"Shuriken":37,"Astrolabe":30,"MealTicket":37,"The Courier":10,"Membership Card":25,"Letter Opener":50,"Bottled Tornado":17,"Ring of the Snake":0,"Meat on the Bone":16,"Mercury Hourglass":49},{"Shovel":18,"Shuriken":15,"Astrolabe":13,"MealTicket":15,"The Courier":5,"Membership Card":11,"Letter Opener":18,"Bottled Tornado":6,"Ring of the Snake":0,"Meat on the Bone":6,"Mercury Hourglass":18},{"Shovel":67,"Shuriken":58,"Astrolabe":50,"MealTicket":58,"The Courier":22,"Membership Card":40,"Letter Opener":67,"Bottled Tornado":25,"Ring of the Snake":0,"Meat on the Bone":25,"Mercury Hourglass":67}],"Ring of the Snake":[38],"Meat on the Bone":60,"Mercury Hourglass":[12]},"card_choices":[{"not_picked":["Outmaneuver","Backflip"],"picked":"Flying Knee","floor":1.0},{"not_picked":["Deadly Poison","Deflect"],"picked":"Acrobatics","floor":2.0},{"not_picked":["Predator","Sucker Punch"],"picked":"Blade Dance","floor":4.0},{"not_picked":["Slice","Distraction"],"picked":"Terror","floor":5.0},{"not_picked":["Bane","Slice","Prepared"],"picked":"SKIP","floor":6.0},{"not_picked":["Outmaneuver","Sucker Punch"],"picked":"Night Terror","floor":14.0},{"not_picked":["Flying Knee","Sucker Punch","Skewer"],"picked":"SKIP","floor":19.0},{"not_picked":["Acrobatics","Blade Dance"],"picked":"Escape Plan","floor":20.0},{"not_picked":["Dagger Throw","Deadly Poison","Poisoned Stab"],"picked":"SKIP","floor":21.0},{"not_picked":["Flechettes","Prepared"],"picked":"Finisher","floor":22},{"not_picked":["Concentrate","Sucker Punch","Dash"],"picked":"SKIP","floor":24},{"not_picked":["Slice","Dagger Throw","Doppelganger"],"picked":"SKIP","floor":26},{"not_picked":["Die Die Die","Corpse Explosion"],"picked":"A Thousand Cuts","floor":29},{"not_picked":["Dodge and Roll","Backflip","Quick Slash"],"picked":"SKIP","floor":31},{"not_picked":["Setup","Acrobatics"],"picked":"Cloak And Dagger","floor":35},{"not_picked":["Slice","Terror","Backstab"],"picked":"SKIP","floor":39},{"not_picked":["Expertise","Deadly Poison","Sucker Punch"],"picked":"SKIP","floor":40},{"not_picked":["Flying Knee","Concentrate","Blur+1"],"picked":"SKIP","floor":47}],"player_experience":451019,"relics_obtained":[{"floor":16.0,"key":"Meat on the Bone"},{"floor":17.0,"key":"Bottled Tornado"},{"floor":47,"key":"Shovel"},{"floor":49,"key":"Mercury Hourglass"},{"floor":50,"key":"Letter Opener"}],"event_choices":[{"damage_healed":0.0,"max_hp_gain":0.0,"max_hp_loss":0.0,"gold_gain":0.0,"event_name":"Accursed Blacksmith","player_choice":"Forge","floor":3.0,"gold_loss":0.0,"damage_taken":0.0,"cards_upgraded":["Envenom"]},{"damage_healed":22.0,"max_hp_gain":0.0,"max_hp_loss":0.0,"gold_gain":0.0,"event_name":"Big Fish","player_choice":"Banana","floor":7.0,"gold_loss":0.0,"damage_taken":0.0},{"damage_healed":0.0,"max_hp_gain":0.0,"max_hp_loss":0.0,"gold_gain":75.0,"event_name":"betterThird:BetterGoop","player_choice":"Gold","floor":8.0,"gold_loss":0.0,"damage_taken":11.0},{"damage_healed":0.0,"max_hp_gain":0.0,"max_hp_loss":0.0,"gold_gain":0.0,"event_name":"WeMeetAgain","player_choice":"Gave Potion","floor":10.0,"gold_loss":0.0,"damage_taken":0.0,"relics_obtained":["The Courier"]},{"damage_healed":0.0,"max_hp_gain":0.0,"max_hp_loss":0.0,"gold_gain":0.0,"event_name":"The Woman in Blue","player_choice":"Bought 1 Potion","floor":18.0,"gold_loss":0.0,"damage_taken":0.0},{"damage_healed":0,"gold_gain":50,"player_choice":"Steal","damage_taken":0,"max_hp_gain":0,"max_hp_loss":0,"event_name":"betterThird:BetterNest","floor":32,"gold_loss":0},{"cards_removed":["Defend_G"],"damage_healed":0,"gold_gain":0,"player_choice":"Elegance","damage_taken":0,"max_hp_gain":0,"max_hp_loss":0,"event_name":"betterThird:BetterWriting","floor":33,"gold_loss":0},{"damage_healed":0,"gold_gain":0,"player_choice":"Ignored","damage_taken":0,"max_hp_gain":0,"max_hp_loss":0,"event_name":"Vampires","floor":34,"gold_loss":0},{"damage_healed":0,"gold_gain":0,"player_choice":"Became a Ghost","damage_taken":0,"max_hp_gain":0,"max_hp_loss":33,"event_name":"Ghosts","floor":36,"gold_loss":0,"cards_obtained":["Ghostly","Ghostly","Ghostly"]}],"is_beta":false,"boss_relics":[{"not_picked":["Pandora\u0027s Box","SacredBark"],"picked":"Astrolabe"}],"items_purged_floors":[9,11],"is_endless":false,"potions_floor_spawned":[1,19,20,21,29],"killed_by":"Gremlin Leader","ascension_level":19}}