{"host":"0t11pkp2julks910","time":1609882812,"event":{"mods":["Astrologer","Bard","BaseMod","BetterRewards","Colored Map","Curses Come First","Downfall","Friendly Minions","GungeonMod","Hermit","Hubris","Infinite Spire","Minty Spire (QoL Compilation)","Replay The Spire","Robot Space Explorer","Shop Mod","Somnambulant","StSLib","The Blackbeard","The Bug Knight","The Construct","The Cursed","The Disciple","The Forsaken","The Hierophant","The Jungle","The Marked","The Mystic","The Necromancer","The Poker Player","The Problem Sleuth","The Runesmith","[IsaacMod]????"],"gold_per_floor":[117,417,417,475,475,475,490,490,513,529,564,580,580,596,596,692,692,711,723,738,738,738,773,788,788,788,788,788],"floor_reached":27,"playtime":1439,"items_purged":[],"score":308,"play_id":"2d542e79-d618-4b3b-a8ce-69d14f5d3f30","local_time":"20210105134012","is_ascension_mode":false,"campfire_choices":[{"data":"astrologer:RejectReality","floor":6,"key":"SMITH"},{"data":"astrologer:StarOfChange","floor":8,"key":"SMITH"},{"data":"astrologer:NorthStar","floor":13,"key":"SMITH"},{"floor":15,"key":"RECALL"},{"data":"astrologer:Premonition","floor":25,"key":"SMITH"}],"circlet_count":0,"master_deck":["astrologer:NorthStar+1","astrologer:TheFool+1","astrologer:RejectReality+1","astrologer:TheEmperor","astrologer:StarOfChange+1","astrologer:TheSun","astrologer:Glimpse","astrologer:Premonition+1","astrologer:StarOfChange","Ghostly","Ghostly","Ghostly","Ghostly","Ghostly","astrologer:TheSun","astrologer:Fate","astrologer:Conjunction","astrologer:Still","astrologer:SolarFlare","astrologer:SolarFlare","astrologer:Sunrise","astrologer:Novile+1"],"relics":["champ:ChampionCrown","HushsDoor","DoctorsRemote","Iron Hammer","infinitespire:Cubic Diamond","DemoMod:MemoryAlloy","SacredBark","Pandora\u0027s Box","Pondfish Scales","Oddly Smooth Stone","Boot"],"acts_visited":["Exordium","TheCity"],"potions_floor_usage":[11,16,20,20,24],"damage_taken":[{"damage":2,"enemies":"Jaw Worm","floor":1,"turns":3},{"damage":0,"enemies":"Small Slimes","floor":7,"turns":4},{"damage":0,"enemies":"Cultist","floor":10,"turns":3},{"damage":0,"enemies":"Gremlin Nob","floor":11,"turns":3},{"damage":1,"enemies":"Red Slaver","floor":12,"turns":4},{"damage":0,"enemies":"2 Fungi Beasts","floor":14,"turns":4},{"damage":1,"enemies":"Fading Forest","floor":16,"turns":11},{"damage":2,"enemies":"Chosen","floor":18,"turns":6},{"damage":18,"enemies":"Shell Parasite","floor":19,"turns":4},{"damage":32,"enemies":"3 Cultists","floor":20,"turns":4},{"damage":0,"enemies":"Gremlin Leader","floor":23,"turns":8},{"damage":0,"enemies":"Centurion and Healer","floor":24,"turns":7},{"damage":18,"enemies":"Book of Stabbing","floor":27,"turns":6}],"seed_played":"7416585239094549699","potions_obtained":[{"floor":1,"key":"Fire Potion"},{"floor":4,"key":"Flashbang"},{"floor":7,"key":"BlessingOfTheForge"},{"floor":14,"key":"AttackPotion"},{"floor":23,"key":"AttackPotion"}],"is_trial":false,"path_per_floor":["M","?","?","?","?","R","M","R","T","M","E","M","R","M","R","B",null,"M","M","M","?","AVR","E","M","R","T","E"],"character_chosen":"ASTROLOGER","items_purchased":[],"campfire_rested":0,"item_purchase_floors":[],"current_hp_per_floor":[68,68,68,68,68,68,68,68,68,68,68,67,67,67,67,66,70,68,50,18,18,18,18,18,18,18,0,0],"gold":788,"neow_bonus":"RANDOM_EVENT","is_daily":false,"chose_seed":false,"campfire_upgraded":4,"win_rate":0.0,"timestamp":1609882812,"path_taken":["M","?","?","?","?","R","M","R","T","M","E","M","R","M","R","BOSS","M","M","M","?","AVR","E","M","R","T","E"],"items_purchased_type":[],"build_version":"2020-12-22","purchased_purges":0,"victory":false,"max_hp_per_floor":[70,70,70,70,70,70,70,70,70,70,70,70,70,70,70,70,70,70,70,70,35,35,35,35,35,35,35,35],"card_choices":[{"not_picked":["astrologer:MeteorShower","astrologer:FrozenStar"],"picked":"astrologer:RejectReality","floor":1},{"not_picked":["astrologer:Justice","astrologer:Eclipse"],"picked":"astrologer:StarOfChange","floor":7},{"not_picked":["astrologer:CrystalBall","astrologer:Divination","astrologer:ReadTheStars"],"picked":"SKIP","floor":10},{"not_picked":["astrologer:MeteorShower","astrologer:Observe"],"picked":"astrologer:TheSun","floor":11},{"not_picked":["astrologer:Moonlight","astrologer:Prestidigitation"],"picked":"astrologer:Glimpse","floor":12},{"not_picked":["astrologer:TheEmperor","astrologer:MeteorShower","astrologer:Sunrise"],"picked":"SKIP","floor":14},{"not_picked":["astrologer:Fate","astrologer:TheMagician"],"picked":"astrologer:Premonition","floor":16},{"not_picked":["astrologer:Conjunction+1","astrologer:FadingStar+1"],"picked":"astrologer:StarOfChange","floor":18},{"not_picked":["astrologer:Still","astrologer:ReadTheStars","astrologer:FrozenStar"],"picked":"SKIP","floor":19},{"not_picked":["astrologer:Observe","astrologer:TheEmperor","astrologer:Premeditation"],"picked":"SKIP","floor":20},{"not_picked":["astrologer:Stardust","astrologer:Moonlight"],"picked":"astrologer:Novile+1","floor":23},{"not_picked":["astrologer:TheHangedMan","astrologer:TheDevil+1","astrologer:TheStar"],"picked":"SKIP","floor":24}],"player_experience":308764,"relics_obtained":[{"floor":4,"key":"Iron Hammer"},{"floor":11,"key":"DemoMod:MemoryAlloy"},{"floor":23,"key":"Oddly Smooth Stone"},{"floor":26,"key":"Boot"}],"event_choices":[{"damage_healed":0,"gold_gain":0,"cards_transformed":["astrologer:Strike"],"player_choice":"Transformed","damage_taken":0,"max_hp_gain":0,"max_hp_loss":0,"event_name":"Transmorgrifier","floor":3,"gold_loss":0,"cards_obtained":["astrologer:TheEmperor"]},{"damage_healed":0,"gold_gain":0,"player_choice":"Became a Ghost","damage_taken":0,"max_hp_gain":0,"max_hp_loss":35,"event_name":"Ghosts","floor":21,"gold_loss":0,"cards_obtained":["Ghostly","Ghostly","Ghostly","Ghostly","Ghostly"]}],"is_beta":false,"boss_relics":[{"not_picked":["Ectoplasm","ReplayTheSpireMod:DimensionalGlitch"],"picked":"SacredBark"},{"not_picked":[]}],"items_purged_floors":[],"is_endless":false,"potions_floor_spawned":[1,7,10,14,23],"killed_by":"Book of Stabbing","ascension_level":0}}