{"host":"ynimr9ugvc6f046i","time":1609857853,"event":{"mods":["2.2 Compatiblity","BaseMod","Colored Map","DeckTracker","Highlight Path","Keyboard Shortcuts","Minty Spire (QoL Compilation)","Permanent Neow","Quick Restart","StSLib","SuperFastMode"],"gold_per_floor":[116,136,136,61,80,80,80,114,114,114,128,128,128,147,147,225,225,240,274,224,224,243,276,276,308,360,360,389,407,425,447,447,524,524,547,572,572,522,535,568,113,113,113],"floor_reached":42,"playtime":1181,"items_purged":["Pain","Strike_P","Conclude","Defend_P"],"score":1114,"play_id":"8f4bae07-f889-4c55-83c4-fe280889de85","local_time":"20210105234413","is_ascension_mode":true,"campfire_choices":[{"data":"Eruption","floor":6.0,"key":"SMITH"},{"data":"Adaptation","floor":10.0,"key":"SMITH"},{"floor":13.0,"key":"REST"},{"data":"EmptyFist","floor":15.0,"key":"SMITH"},{"floor":24.0,"key":"REST"},{"floor":27.0,"key":"REST"},{"floor":32.0,"key":"REST"}],"circlet_count":0,"master_deck":["AscendersBane","Defend_P","Defend_P","Eruption+1","Vigilance","FlurryOfBlows","Adaptation+1","EmptyFist+1","WheelKick","InnerPeace","FlurryOfBlows","WaveOfTheHand","Study+1","TalkToTheHand","Adaptation"],"relics":["PureWater","WarpedTongs","White Beast Statue","Smiling Mask","Fusion Hammer","Red Mask","CeramicFish","Lantern","Ginger","VioletLotus","Girya","Mercury Hourglass","Medical Kit","Potion Belt"],"acts_visited":["Exordium","TheCity","TheBeyond"],"potions_floor_usage":[42],"damage_taken":[{"damage":2.0,"enemies":"Small Slimes","floor":1.0,"turns":3.0},{"damage":7.0,"enemies":"Cultist","floor":2.0,"turns":3.0},{"damage":0.0,"enemies":"Jaw Worm","floor":5.0,"turns":2.0},{"damage":33.0,"enemies":"3 Sentries","floor":8.0,"turns":9.0},{"damage":1.0,"enemies":"2 Fungi Beasts","floor":11.0,"turns":2.0},{"damage":0.0,"enemies":"3 Louse","floor":14.0,"turns":3.0},{"damage":0.0,"enemies":"Slime Boss","floor":16.0,"turns":3.0},{"damage":1.0,"enemies":"3 Byrds","floor":18.0,"turns":3.0},{"damage":0.0,"enemies":"Masked Bandits","floor":19.0,"turns":3.0},{"damage":0.0,"enemies":"Spheric Guardian","floor":22.0,"turns":3.0},{"damage":20.0,"enemies":"Book of Stabbing","floor":23.0,"turns":4.0},{"damage":45.0,"enemies":"Gremlin Leader","floor":25.0,"turns":5.0},{"damage":3.0,"enemies":"Book of Stabbing","floor":28.0,"turns":3.0},{"damage":6.0,"enemies":"Centurion and Healer","floor":29.0,"turns":3.0},{"damage":0.0,"enemies":"Chosen and Byrds","floor":31.0,"turns":3.0},{"damage":5.0,"enemies":"Champ","floor":33.0,"turns":6.0},{"damage":20.0,"enemies":"Orb Walker","floor":35.0,"turns":4.0},{"damage":0.0,"enemies":"Mind Bloom Boss Battle","floor":36.0,"turns":5.0},{"damage":8.0,"enemies":"3 Darklings","floor":39.0,"turns":4.0},{"damage":8.0,"enemies":"Giant Head","floor":40.0,"turns":5.0},{"damage":29,"enemies":"Reptomancer","floor":42,"turns":2}],"seed_played":"-8062936472969172757","potions_obtained":[{"floor":2.0,"key":"AttackPotion"},{"floor":8.0,"key":"BlessingOfTheForge"},{"floor":11.0,"key":"Weak Potion"},{"floor":16.0,"key":"SkillPotion"},{"floor":18.0,"key":"BottledMiracle"},{"floor":19.0,"key":"BottledMiracle"},{"floor":23.0,"key":"DuplicationPotion"},{"floor":25.0,"key":"DistilledChaos"},{"floor":28.0,"key":"Ambrosia"},{"floor":29.0,"key":"Regen Potion"},{"floor":33.0,"key":"Energy Potion"},{"floor":35.0,"key":"BottledMiracle"},{"floor":40.0,"key":"SkillPotion"}],"is_trial":false,"path_per_floor":["M","M","?","$","M","R","$","E","T","R","M","?","R","M","R","B",null,"M","?","$","?","M","E","R","E","T","R","E","M","?","M","R","B",null,"M","?","?","$","M","E","$","E"],"character_chosen":"WATCHER","items_purchased":["Medical Kit","Adaptation","Potion Belt"],"campfire_rested":4,"item_purchase_floors":[41,41,41],"current_hp_per_floor":[59,52,52,52,52,52,52,19,19,19,18,11,31,31,31,31,59,58,58,58,58,58,38,58,13,13,33,30,24,24,24,44,54,65,45,45,45,45,37,29,29,0,0],"gold":113,"neow_bonus":"REMOVE_CARD","is_daily":false,"chose_seed":false,"campfire_upgraded":3,"win_rate":0.0,"timestamp":1609857853,"path_taken":["M","M","?","?","M","R","$","E","T","R","?","?","R","M","R","BOSS","M","?","$","?","M","E","R","E","T","R","E","M","?","M","R","BOSS","M","?","?","$","M","E","$","E"],"items_purchased_type":["Relic","Card","Relic"],"build_version":"2020-12-22","purchased_purges":4,"victory":false,"max_hp_per_floor":[68,68,68,68,68,68,68,68,68,68,68,68,68,68,68,68,68,68,68,68,68,68,68,68,68,68,68,68,68,68,68,68,68,68,68,68,68,68,68,68,68,68,68],"card_choices":[{"not_picked":["Wallop","WindmillStrike"],"picked":"FlurryOfBlows","floor":1.0},{"not_picked":["FlyingSleeves","CutThroughFate","SignatureMove"],"picked":"SKIP","floor":2.0},{"not_picked":["Weave","Conclude"],"picked":"Adaptation","floor":5.0},{"not_picked":["DeceiveReality","Crescendo"],"picked":"EmptyFist","floor":8.0},{"not_picked":["Wireheading","FlyingSleeves"],"picked":"WheelKick","floor":11.0},{"not_picked":["CutThroughFate","EmptyFist"],"picked":"InnerPeace","floor":14.0},{"not_picked":["ThirdEye","Fasting2+1","FlyingSleeves"],"picked":"SKIP","floor":18.0},{"not_picked":["PathToVictory","Protect"],"picked":"FlurryOfBlows","floor":22.0},{"not_picked":["Judgement","ThirdEye","ClearTheMind"],"picked":"SKIP","floor":23.0},{"not_picked":["BowlingBash","SandsOfTime","ClearTheMind"],"picked":"SKIP","floor":25.0},{"not_picked":["FearNoEvil","Halt","Study"],"picked":"SKIP","floor":28.0},{"not_picked":["Evaluate","Halt","CutThroughFate"],"picked":"SKIP","floor":29.0},{"not_picked":["PathToVictory","Evaluate"],"picked":"Study+1","floor":31.0},{"not_picked":["Perseverance+1","ReachHeaven"],"picked":"TalkToTheHand","floor":35.0},{"not_picked":["CrushJoints","Evaluate","Swivel+1"],"picked":"SKIP","floor":39.0},{"not_picked":["Fasting2","WheelKick","EmptyBody+1"],"picked":"SKIP","floor":40.0}],"player_experience":361507,"relics_obtained":[{"floor":8.0,"key":"White Beast Statue"},{"floor":9.0,"key":"Smiling Mask"},{"floor":19.0,"key":"Red Mask"},{"floor":23.0,"key":"CeramicFish"},{"floor":25.0,"key":"Lantern"},{"floor":28.0,"key":"Ginger"},{"floor":36.0,"key":"Girya"},{"floor":40.0,"key":"Mercury Hourglass"}],"event_choices":[{"damage_healed":0.0,"max_hp_gain":0.0,"max_hp_loss":0.0,"gold_gain":0.0,"event_name":"Accursed Blacksmith","player_choice":"Rummage","floor":3.0,"gold_loss":0.0,"damage_taken":0.0,"relics_obtained":["WarpedTongs"],"cards_obtained":["Pain"]},{"cards_removed":["Strike_P"],"damage_healed":0.0,"max_hp_gain":0.0,"max_hp_loss":0.0,"gold_gain":0.0,"event_name":"Golden Wing","player_choice":"Card Removal","floor":12.0,"gold_loss":0.0,"damage_taken":7.0},{"damage_healed":0.0,"max_hp_gain":0.0,"max_hp_loss":0.0,"gold_gain":0.0,"event_name":"Masked Bandits","player_choice":"Fought Bandits","floor":19.0,"gold_loss":0.0,"damage_taken":0.0},{"damage_healed":0.0,"max_hp_gain":0.0,"max_hp_loss":0.0,"gold_gain":0.0,"event_name":"The Mausoleum","player_choice":"Ignored","floor":21.0,"gold_loss":0.0,"damage_taken":0.0},{"damage_healed":0.0,"max_hp_gain":0.0,"max_hp_loss":0.0,"gold_gain":0.0,"cards_transformed":["Strike_P","Defend_P"],"event_name":"Drug Dealer","player_choice":"Became Test Subject","floor":30.0,"gold_loss":0.0,"damage_taken":0.0,"cards_obtained":["WaveOfTheHand","Conclude"]},{"damage_healed":0.0,"max_hp_gain":0.0,"max_hp_loss":0.0,"gold_gain":0.0,"event_name":"MindBloom","player_choice":"Fight","floor":36.0,"gold_loss":0.0,"damage_taken":0.0},{"damage_healed":0.0,"max_hp_gain":0.0,"max_hp_loss":0.0,"gold_gain":0.0,"event_name":"Match and Keep!","player_choice":"0 cards matched","floor":37.0,"gold_loss":0.0,"damage_taken":0.0,"cards_obtained":[]}],"is_beta":false,"boss_relics":[{"not_picked":["Velvet Choker","Runic Dome"],"picked":"Fusion Hammer"},{"not_picked":["SacredBark","Black Star"],"picked":"VioletLotus"}],"items_purged_floors":[4,20,38,41],"is_endless":false,"potions_floor_spawned":[2,8,11,14,16,18,19,22,23,25,28,29,31,33,35,36,39,40],"killed_by":"Reptomancer","ascension_level":20}}