{"host":"fhwr1fuluf6086fh","time":1609873086,"event":{"mods":["2.2 Compatiblity","Act Like it!","BaseMod","Elementarium","Hermit","Minty Spire (QoL Compilation)","Robot Space Explorer","StSLib","The Blue Laboratory","The Caster","The Dragon Tamer","The Factory","The Hierophant","TheLocksmith"],"gold_per_floor":[12,12,32,46,321,354,0,0,0,0,18,61,79,115,115,208,208,227,251,251,251,272,272,308,331,331,331,48,48,8,48,48,137,137,153,174,199,214,214,214,247,247,247,265,265,299,313,8,8,8],"floor_reached":51,"playtime":5490,"items_purged":["Regret","Shame"],"score":1287,"play_id":"2046785e-3777-418d-81c7-b73eb2819224","local_time":"20210105135806","is_ascension_mode":true,"campfire_choices":[{"data":"Armaments","floor":8,"key":"SMITH"},{"floor":10,"key":"REST"},{"data":"Armaments","floor":15,"key":"SMITH"},{"floor":23,"key":"REST"},{"data":"Transmutation","floor":29,"key":"SMITH"},{"floor":32,"key":"REST"},{"floor":40,"key":"REST"},{"floor":45,"key":"REST"},{"floor":49,"key":"REST"}],"circlet_count":0,"master_deck":["AscendersBane","Strike_R","Strike_R","Strike_R","Strike_R","Strike_R","Defend_R","Defend_R","Defend_R","Defend_R","Bash","Bludgeon","Armaments+1","Battle Trance","Flame Barrier","Corruption","Reckless Charge","Armaments","Thunderclap","Impervious","Battle Trance","Armaments+1","Impervious","Pommel Strike","Shrug It Off","Writhe","Metallicize","Anger","Second Wind","J.A.X.","Transmutation+1","Reckless Charge","Evolve","Double Tap","CurseOfTheBell","Thunderclap","Feel No Pain","Anger","Rage+1","Chrysalis+1","Fiend Fire","Doubt","Spot Weakness+1","Flame Barrier+1","Intimidate+1"],"relics":["Burning Blood","Golden Idol","Gremlin Horn","Chemical X","Oddly Smooth Stone","Ornamental Fan","Potion Belt","Cursed Key","Unceasing Top","Enchiridion","Bronze Scales","Meat on the Bone","Toy Ornithopter","Calling Bell","Smiling Mask","Toxic Egg 2","Mango","Singing Bowl","Bag of Marbles","Pen Nib","Lizard Tail"],"acts_visited":["Exordium","TheCity","TheBeyond"],"potions_floor_usage":[6,16,22,31,37,47,50,50,50,50],"damage_taken":[{"damage":9,"enemies":"Jaw Worm","floor":1,"turns":3},{"damage":0,"enemies":"Small Slimes","floor":3,"turns":4},{"damage":0,"enemies":"Cultist","floor":4,"turns":3},{"damage":22,"enemies":"Lagavulin","floor":6,"turns":10},{"damage":1,"enemies":"3 Louse","floor":11,"turns":4},{"damage":4,"enemies":"3 Sentries","floor":12,"turns":7},{"damage":0,"enemies":"Large Slime","floor":13,"turns":4},{"damage":7,"enemies":"Lagavulin","floor":14,"turns":7},{"damage":0,"enemies":"Slime Boss","floor":16,"turns":7},{"damage":33,"enemies":"Shell Parasite","floor":18,"turns":8},{"damage":8,"enemies":"Chosen","floor":19,"turns":7},{"damage":0,"enemies":"Snake Plant","floor":22,"turns":5},{"damage":33,"enemies":"Slavers","floor":24,"turns":6},{"damage":0,"enemies":"Shelled Parasite and Fungi","floor":25,"turns":4},{"damage":16,"enemies":"Gremlin Leader","floor":31,"turns":7},{"damage":37,"enemies":"Automaton","floor":33,"turns":8},{"damage":5,"enemies":"Orb Walker","floor":35,"turns":3},{"damage":35,"enemies":"3 Darklings","floor":36,"turns":7},{"damage":41,"enemies":"Transient","floor":37,"turns":5},{"damage":10,"enemies":"Sphere and 2 Shapes","floor":38,"turns":3},{"damage":36,"enemies":"Nemesis","floor":41,"turns":11},{"damage":50,"enemies":"Spire Growth","floor":44,"turns":4},{"damage":20,"enemies":"Giant Head","floor":46,"turns":8},{"damage":14,"enemies":"Transient","floor":47,"turns":5},{"damage":12,"enemies":"Donu and Deca","floor":50,"turns":8}],"seed_played":"2931044140037541218","potions_obtained":[{"floor":4,"key":"SpeedPotion"},{"floor":14,"key":"blueLaboratory:NullPotion"},{"floor":16,"key":"blueLaboratory:BottledHope"},{"floor":18,"key":"blueLaboratory:HorrorPotion"},{"floor":22,"key":"blueLaboratory:HorrorPotion"},{"floor":33,"key":"blueLaboratory:NullPotion"},{"floor":35,"key":"blueLaboratory:EntrenchedPotion"},{"floor":37,"key":"BlessingOfTheForge"},{"floor":42,"key":"Strength Potion"},{"floor":47,"key":"SteroidPotion"}],"is_trial":false,"path_per_floor":["M","?","M","M","?","E","$","R","T","R","M","E","M","E","R","B",null,"M","M","?","?","M","R","E","M","T","?","$","R","$","E","R","B",null,"M","M","M","M","?","R","E","?","T","M","R","E","M","$","R","B",null],"character_chosen":"IRONCLAD","items_purchased":["Chemical X","Reckless Charge","Armaments","Transmutation","Reckless Charge","Lizard Tail"],"campfire_rested":6,"item_purchase_floors":[7,7,7,28,30,48],"current_hp_per_floor":[69,49,55,61,61,45,45,45,45,69,74,76,80,79,79,80,80,53,51,51,35,41,65,38,44,44,44,44,44,44,46,70,51,87,88,59,41,49,49,77,59,59,59,27,55,53,62,62,90,94],"gold":8,"neow_bonus":"THREE_RARE_CARDS","is_daily":false,"chose_seed":false,"campfire_upgraded":3,"win_rate":0.0,"timestamp":1609873086,"path_taken":["M","?","M","M","?","E","$","R","T","R","M","E","M","E","R","BOSS","M","M","?","?","M","R","E","M","T","?","$","R","$","E","R","BOSS","M","M","M","M","?","R","E","?","T","?","R","E","M","$","R","BOSS"],"items_purchased_type":["Relic","Card","Card","Card","Card","Relic"],"build_version":"2020-12-22","purchased_purges":2,"victory":true,"max_hp_per_floor":[80,80,80,80,80,80,80,80,80,80,80,80,80,80,80,80,80,80,80,80,80,80,80,80,80,80,80,80,80,80,80,80,80,94,94,94,94,94,94,94,94,94,94,94,94,94,94,94,94,94],"card_choices":[{"not_picked":["Feed","Offering"],"picked":"Bludgeon","floor":0},{"not_picked":["Uppercut","Shrug It Off"],"picked":"Armaments","floor":1},{"not_picked":["Rampage","Thunderclap"],"picked":"Battle Trance","floor":3},{"not_picked":["True Grit","Pummel"],"picked":"Flame Barrier","floor":4},{"not_picked":["Sentinel","Combust"],"picked":"Corruption","floor":6},{"not_picked":["Headbutt","Clothesline"],"picked":"Thunderclap","floor":11},{"not_picked":["Flex","Heavy Blade"],"picked":"Impervious","floor":12},{"not_picked":["Clothesline","Armaments"],"picked":"Battle Trance","floor":13},{"not_picked":["Perfected Strike","Limit Break"],"picked":"Armaments","floor":14},{"not_picked":["Brutality","Juggernaut"],"picked":"Impervious","floor":16},{"not_picked":["Perfected Strike","Warcry"],"picked":"Pommel Strike","floor":18},{"not_picked":["True Grit","Pummel"],"picked":"Shrug It Off","floor":19},{"not_picked":["Iron Wave+1","Rampage+1"],"picked":"Metallicize","floor":22},{"not_picked":["Pommel Strike","Shrug It Off"],"picked":"Anger","floor":24},{"not_picked":["Brutality","Flex"],"picked":"Second Wind","floor":25},{"not_picked":["Dark Embrace","Havoc"],"picked":"Evolve","floor":31},{"not_picked":["Juggernaut","Limit Break"],"picked":"Double Tap","floor":33},{"not_picked":["Heavy Blade","Carnage"],"picked":"Thunderclap","floor":35},{"not_picked":["Twin Strike","Clothesline"],"picked":"Feel No Pain","floor":36},{"not_picked":["Warcry+1","Sword Boomerang"],"picked":"Anger","floor":37},{"not_picked":["Heavy Blade","Headbutt"],"picked":"Rage+1","floor":38},{"not_picked":["Impatience+1","Dramatic Entrance"],"picked":"Chrysalis+1","floor":39},{"not_picked":["Hemokinesis","Combust"],"picked":"Fiend Fire","floor":41},{"not_picked":["Headbutt","Cleave"],"picked":"Spot Weakness+1","floor":44},{"not_picked":["Wild Strike","Dropkick"],"picked":"Flame Barrier+1","floor":46},{"not_picked":["Havoc+1","Rupture"],"picked":"Intimidate+1","floor":47}],"player_experience":1078334,"relics_obtained":[{"floor":6,"key":"Gremlin Horn"},{"floor":9,"key":"Oddly Smooth Stone"},{"floor":12,"key":"Ornamental Fan"},{"floor":14,"key":"Potion Belt"},{"floor":21,"key":"Enchiridion"},{"floor":24,"key":"Bronze Scales"},{"floor":26,"key":"Meat on the Bone"},{"floor":31,"key":"Toy Ornithopter"},{"floor":34,"key":"Smiling Mask"},{"floor":34,"key":"Toxic Egg 2"},{"floor":34,"key":"Mango"},{"floor":41,"key":"Singing Bowl"},{"floor":43,"key":"Bag of Marbles"},{"floor":46,"key":"Pen Nib"}],"event_choices":[{"damage_healed":0,"gold_gain":0,"player_choice":"Take Damage","damage_taken":20,"relics_obtained":["Golden Idol"],"max_hp_gain":0,"max_hp_loss":0,"event_name":"Golden Idol","floor":2,"gold_loss":0},{"damage_healed":0,"gold_gain":275,"player_choice":"Desecrate","damage_taken":0,"max_hp_gain":0,"max_hp_loss":0,"event_name":"Golden Shrine","floor":5,"gold_loss":0,"cards_obtained":["Regret"]},{"damage_healed":0,"gold_gain":0,"player_choice":"Opened","damage_taken":0,"relics_obtained":["Unceasing Top"],"max_hp_gain":0,"max_hp_loss":0,"event_name":"The Mausoleum","floor":20,"gold_loss":0,"cards_obtained":["Writhe"]},{"damage_healed":0,"gold_gain":0,"player_choice":"Obtained Book","damage_taken":16,"max_hp_gain":0,"max_hp_loss":0,"event_name":"Cursed Tome","floor":21,"gold_loss":0},{"damage_healed":0,"gold_gain":0,"player_choice":"Obtain J.A.X.","damage_taken":0,"max_hp_gain":0,"max_hp_loss":0,"event_name":"Drug Dealer","floor":27,"gold_loss":0,"cards_obtained":["J.A.X."]},{"damage_healed":0,"gold_gain":0,"player_choice":"Memory 1","damage_taken":0,"max_hp_gain":0,"max_hp_loss":0,"event_name":"SensoryStone","floor":39,"gold_loss":0},{"damage_healed":0,"gold_gain":0,"player_choice":"Got Potions","damage_taken":0,"max_hp_gain":0,"max_hp_loss":0,"event_name":"Lab","floor":42,"gold_loss":0}],"is_beta":false,"boss_relics":[{"not_picked":["SlaversCollar","SacredBark"],"picked":"Cursed Key"},{"not_picked":["Snecko Eye","Velvet Choker"],"picked":"Calling Bell"}],"items_purged_floors":[7,28],"is_endless":false,"potions_floor_spawned":[4,14,16,18,22,33,35,37,47],"ascension_level":13}}