{"host":"1hv1kueuvc4r3rdp","time":1609830370,"event":{"mods":["AchievementEnabler","BaseMod","DeckTracker","Highlight Path","Minty Spire (QoL Compilation)","Permanent Neow","StSLib"],"gold_per_floor":[116,133,146,166,178,205,305,305,305,325,336,351,351,386,386,483,483],"floor_reached":16,"playtime":877,"items_purged":[],"score":232,"play_id":"67d190e7-515e-466f-aaf3-d78acd2e3d34","local_time":"20210105010610","is_ascension_mode":true,"campfire_choices":[{"floor":8,"key":"REST"},{"floor":13,"key":"REST"},{"floor":15,"key":"REST"}],"circlet_count":0,"master_deck":["Strike_B","Strike_B","Strike_B","Strike_B","Defend_B","Defend_B","Defend_B","Defend_B","Zap","Dualcast","Doom and Gloom","Barrage","Compile Driver","Chill","Ball Lightning","Glacier","Genetic Algorithm","Machine Learning","Turbo"],"relics":["Cracked Core","Pen Nib","Unceasing Top","Ginger"],"acts_visited":["Exordium"],"potions_floor_usage":[12],"damage_taken":[{"damage":2,"enemies":"Jaw Worm","floor":1,"turns":3},{"damage":1,"enemies":"Cultist","floor":2,"turns":4},{"damage":1,"enemies":"2 Louse","floor":3,"turns":3},{"damage":8,"enemies":"Red Slaver","floor":4,"turns":4},{"damage":22,"enemies":"Exordium Thugs","floor":5,"turns":4},{"damage":13,"enemies":"3 Sentries","floor":6,"turns":7},{"damage":10,"enemies":"3 Louse","floor":10,"turns":3},{"damage":9,"enemies":"Looter","floor":11,"turns":3},{"damage":0,"enemies":"Gremlin Gang","floor":12,"turns":4},{"damage":23,"enemies":"Lagavulin","floor":14,"turns":7},{"damage":40,"enemies":"Hexaghost","floor":16,"turns":12}],"seed_played":"6155751421674061920","potions_obtained":[{"floor":2,"key":"EssenceOfSteel"},{"floor":3,"key":"PotionOfCapacity"},{"floor":4,"key":"SteroidPotion"},{"floor":14,"key":"Weak Potion"}],"is_trial":false,"path_per_floor":["M","M","M","M","M","E","?","R","T","M","M","M","R","E","R","B"],"character_chosen":"DEFECT","items_purchased":[],"campfire_rested":3,"item_purchase_floors":[],"current_hp_per_floor":[66,65,64,56,34,21,21,43,43,33,24,24,46,23,45,5,5],"gold":483,"neow_bonus":"THREE_CARDS","is_daily":false,"chose_seed":false,"campfire_upgraded":0,"win_rate":0.0,"timestamp":1609830370,"path_taken":["M","M","M","M","M","E","?","R","T","M","M","M","R","E","R","BOSS"],"items_purchased_type":[],"build_version":"2020-12-22","purchased_purges":0,"victory":false,"max_hp_per_floor":[75,75,75,75,75,75,75,75,75,75,75,75,75,75,75,75,75],"card_choices":[{"not_picked":["Compile Driver","Lockon"],"picked":"Doom and Gloom","floor":0},{"not_picked":["Stack","Doom and Gloom"],"picked":"Barrage","floor":1},{"not_picked":["Turbo","Gash"],"picked":"Compile Driver","floor":2},{"not_picked":["Sweeping Beam","Cold Snap"],"picked":"Chill","floor":3},{"not_picked":["Steam Power","Steam","Tempest"],"picked":"SKIP","floor":4},{"not_picked":["Steam","Steam Power"],"picked":"Ball Lightning","floor":5},{"not_picked":["Compile Driver","Reprogram"],"picked":"Glacier","floor":6},{"not_picked":["Steam","Coolheaded"],"picked":"Genetic Algorithm","floor":10},{"not_picked":["Chaos","Hologram"],"picked":"Machine Learning","floor":11},{"not_picked":["Stack","Self Repair"],"picked":"Turbo","floor":12},{"not_picked":["Consume","Coolheaded","Steam"],"picked":"SKIP","floor":14}],"player_experience":1137992,"relics_obtained":[{"floor":6,"key":"Pen Nib"},{"floor":9,"key":"Unceasing Top"},{"floor":14,"key":"Ginger"}],"event_choices":[{"damage_healed":0,"gold_gain":100,"player_choice":"Pray","damage_taken":0,"max_hp_gain":0,"max_hp_loss":0,"event_name":"Golden Shrine","floor":7,"gold_loss":0}],"is_beta":false,"boss_relics":[],"items_purged_floors":[],"is_endless":false,"potions_floor_spawned":[2,3,4,14,16],"killed_by":"Hexaghost","ascension_level":8}}