{"host":"zjxcc3u4aqpoowwq","time":1609830309,"event":{"mods":["100% Spire Juice","2.2 Compatiblity","AchievementEnabler","BaseMod","Better Third Choice","CapriCore","Colored Map","Keyboard Shortcuts","Minty Spire (QoL Compilation)","StSLib"],"gold_per_floor":[110,110,120,130,83,83,8,8,8,38,61,61,100,120,120,251,251,272,295,295,313,412,52,88,88,113,137,17,70,70,85,85,213,213,236,79,79,79,79,79,115,115,139,163,163,181,181,2,2,2],"floor_reached":51,"playtime":1937,"items_purged":["Moonworks:Strike"],"score":748,"play_id":"9276af5c-f715-4390-bfe1-25ac11c596a5","local_time":"20210105160509","is_ascension_mode":true,"campfire_choices":[{"floor":6.0,"key":"DIG"},{"floor":12.0,"key":"DIG"},{"floor":15.0,"key":"DIG"},{"floor":23.0,"key":"DIG"},{"floor":25.0,"key":"REST"},{"floor":28.0,"key":"DIG"},{"floor":30.0,"key":"REST"},{"floor":32.0,"key":"DIG"},{"floor":40.0,"key":"DIG"},{"floor":42.0,"key":"DIG"},{"floor":45.0,"key":"DIG"},{"floor":49,"key":"REST"}],"circlet_count":0,"master_deck":["Moonworks:Defend","Moonworks:Defend","Moonworks:Ambush+1","Moonworks:LongDistanceShot","Moonworks:BindingChains","Moonworks:JonathanRush","Moonworks:JonathanRush","Moonworks:SealedMemories","Moonworks:CloudOfSeagulls","Moonworks:DevilHand+1","Moonworks:WeAreWaruda","Moonworks:SelfDestruct+1","Moonworks:AccelHyper+1","Moonworks:DeployBits+1","Moonworks:MiracleWalker","Moonworks:RagingMadness+1","Moonworks:BackdoorTrade","Moonworks:CompletionReward+1","Moonworks:WindyEnchantment+1","Moonworks:CrystalBarrier","Moonworks:JonathanRush","Violence","Moonworks:JonathanRush+1","Moonworks:CloudOfSeagulls+1","Moonworks:CloudOfSeagulls","Madness","Madness","Moonworks:JonathanRush","Dark Shackles"],"relics":["Moonworks:BrokenBomb","Moonworks:Homemark","Shovel","MealTicket","Golden Idol","Tiny Chest","Mercury Hourglass","Toy Ornithopter","Boot","The Courier","Astrolabe","Omamori","WingedGreaves","Potion Belt","Whetstone","Akabeko","Juzu Bracelet","Philosopher\u0027s Stone","Bottled Lightning","Anchor","Ancient Tea Set","White Beast Statue","Regal Pillow","Happy Flower"],"acts_visited":["Exordium","TheCity","TheBeyond"],"potions_floor_usage":[50,50,50,50,50],"damage_taken":[{"damage":5.0,"enemies":"Jaw Worm","floor":1.0,"turns":4.0},{"damage":1.0,"enemies":"Cultist","floor":3.0,"turns":4.0},{"damage":2.0,"enemies":"Small Slimes","floor":4.0,"turns":3.0},{"damage":1.0,"enemies":"2 Fungi Beasts","floor":11.0,"turns":3.0},{"damage":8.0,"enemies":"Gremlin Nob","floor":13.0,"turns":5.0},{"damage":0.0,"enemies":"Looter","floor":14.0,"turns":3.0},{"damage":20.0,"enemies":"Hexaghost","floor":16.0,"turns":8.0},{"damage":8.0,"enemies":"2 Thieves","floor":18.0,"turns":4.0},{"damage":10.0,"enemies":"Spheric Guardian","floor":19.0,"turns":5.0},{"damage":10.0,"enemies":"Shelled Parasite and Fungi","floor":21.0,"turns":6.0},{"damage":28.0,"enemies":"Gremlin Leader","floor":24.0,"turns":6.0},{"damage":18.0,"enemies":"Snecko","floor":27.0,"turns":5.0},{"damage":14.0,"enemies":"Chosen and Byrds","floor":31.0,"turns":5.0},{"damage":27.0,"enemies":"Automaton","floor":33.0,"turns":8.0},{"damage":4.0,"enemies":"Orb Walker","floor":35.0,"turns":3.0},{"damage":23.0,"enemies":"Giant Head","floor":41.0,"turns":6.0},{"damage":0.0,"enemies":"3 Shapes","floor":44.0,"turns":3.0},{"damage":13.0,"enemies":"Sphere and 2 Shapes","floor":46.0,"turns":3.0},{"damage":82,"enemies":"Time Eater","floor":50,"turns":9}],"seed_played":"5549781333516063993","potions_obtained":[{"floor":1.0,"key":"LiquidBronze"},{"floor":11.0,"key":"Block Potion"},{"floor":14.0,"key":"Explosive Potion"},{"floor":16.0,"key":"EntropicBrew"},{"floor":24.0,"key":"Regen Potion"},{"floor":35.0,"key":"Explosive Potion"},{"floor":41.0,"key":"ColorlessPotion"},{"floor":44.0,"key":"SkillPotion"},{"floor":46.0,"key":"Weak Potion"}],"is_trial":false,"path_per_floor":["M","?","M","M","$","R","$","?","T","?","M","R","E","M","R","B",null,"M","M","?","M","?","R","E","R","T","M","R","T","R","M","R","B",null,"M","$","?","?","T","R","E","R","T","M","R","M","?","$","R","B",null],"character_chosen":"THE_STARBREAKER","items_purchased":["Moonworks:JonathanRush","Moonworks:JonathanRush","Moonworks:JonathanRush","Regen Potion","Dark Shackles"],"campfire_rested":3,"item_purchase_floors":[5,36,48,48,48],"current_hp_per_floor":[37,37,36,34,34,34,49,34,34,34,33,33,30,30,30,10,60,52,42,42,32,32,32,9,27,27,9,9,9,27,27,27,25,60,56,60,60,60,60,60,42,42,42,47,47,34,26,41,60,8],"gold":2,"neow_bonus":"ONE_RARE_RELIC","is_daily":false,"chose_seed":false,"campfire_upgraded":0,"win_rate":0.0,"timestamp":1609830309,"path_taken":["M","?","?","M","?","R","$","?","T","?","M","R","E","M","R","BOSS","M","M","?","M","?","R","E","R","T","M","R","?","R","?","R","BOSS","M","$","?","?","?","R","E","R","T","M","R","M","?","$","R","BOSS"],"items_purchased_type":["Card","Card","Card","Potion","Card"],"build_version":"2020-12-22","purchased_purges":1,"victory":true,"max_hp_per_floor":[60,60,60,60,60,60,60,60,60,60,60,60,60,60,60,60,60,60,60,60,60,60,60,60,60,60,60,60,60,60,60,60,60,60,60,60,60,60,60,60,60,60,60,60,60,60,60,60,60,60],"card_choices":[{"not_picked":["Moonworks:MiracleRedBeanIceCream","Moonworks:Bloodlust","Moonworks:EvilSpyWorkPreparation"],"picked":"SKIP","floor":1.0},{"not_picked":["Moonworks:DeployBits","Moonworks:Assault"],"picked":"Moonworks:BindingChains","floor":3.0},{"not_picked":["Moonworks:ImmovableObject","Moonworks:EvilSpyWorkPreparation"],"picked":"Moonworks:JonathanRush","floor":4.0},{"not_picked":["Moonworks:ForcedRevival","Moonworks:FullSpeedAlicianrone"],"picked":"Moonworks:SealedMemories","floor":11.0},{"not_picked":["Moonworks:CompletionReward","Moonworks:BigMagnum"],"picked":"Moonworks:CloudOfSeagulls","floor":13.0},{"not_picked":["Moonworks:UnpaidWork","Moonworks:Assault"],"picked":"Moonworks:DevilHand","floor":14.0},{"not_picked":["Moonworks:SinkOrSwim","Moonworks:RocketCannon"],"picked":"Moonworks:WeAreWaruda","floor":16.0},{"not_picked":["Moonworks:EvilSpyWorkPreparation","Moonworks:Dinner+1"],"picked":"Moonworks:MiracleWalker","floor":18.0},{"not_picked":["Moonworks:ImOnFire","Moonworks:Assault+1","Moonworks:SakisCookie"],"picked":"SKIP","floor":19.0},{"not_picked":["Moonworks:Assault","Moonworks:LulusLuckyEgg"],"picked":"Moonworks:RagingMadness+1","floor":21.0},{"not_picked":["Moonworks:SelfDestruct","Moonworks:LulusLuckyEgg"],"picked":"Moonworks:BackdoorTrade","floor":24.0},{"not_picked":["Moonworks:Assault+1","Moonworks:IndiscriminateFireSupport+1"],"picked":"Moonworks:CompletionReward+1","floor":27.0},{"not_picked":["Moonworks:CloudOfSeagulls","Moonworks:EvilSpyWorkPreparation+1"],"picked":"Moonworks:WindyEnchantment+1","floor":31.0},{"not_picked":["Moonworks:SinkOrSwim","Moonworks:Wanted"],"picked":"Moonworks:CrystalBarrier","floor":33.0},{"not_picked":["Moonworks:BeyondHell+1","Moonworks:IndiscriminateFireSupport","Moonworks:WindyEnchantment"],"picked":"SKIP","floor":35.0},{"not_picked":["Dramatic Entrance","Forethought"],"picked":"Violence","floor":38.0},{"not_picked":["Moonworks:ImOnFire","Moonworks:EvilSpyWorkPreparation+1"],"picked":"Moonworks:JonathanRush+1","floor":41.0},{"not_picked":["Moonworks:ImOnFire+1","Moonworks:Flamethrower"],"picked":"Moonworks:CloudOfSeagulls+1","floor":44.0},{"not_picked":["Moonworks:BigMagnum+1","Moonworks:ReproductionOfRecords+1"],"picked":"Moonworks:CloudOfSeagulls","floor":46.0}],"player_experience":816316,"relics_obtained":[{"floor":6.0,"key":"MealTicket"},{"floor":9.0,"key":"Tiny Chest"},{"floor":12.0,"key":"Toy Ornithopter"},{"floor":13.0,"key":"Boot"},{"floor":15.0,"key":"The Courier"},{"floor":23.0,"key":"Omamori"},{"floor":24.0,"key":"WingedGreaves"},{"floor":26.0,"key":"Potion Belt"},{"floor":28.0,"key":"Whetstone"},{"floor":29.0,"key":"Akabeko"},{"floor":32.0,"key":"Juzu Bracelet"},{"floor":39.0,"key":"Bottled Lightning"},{"floor":40.0,"key":"Anchor"},{"floor":41.0,"key":"Ancient Tea Set"},{"floor":42.0,"key":"White Beast Statue"},{"floor":43.0,"key":"Regal Pillow"},{"floor":45.0,"key":"Happy Flower"}],"event_choices":[{"cards_removed":["Moonworks:Strike"],"damage_healed":0.0,"max_hp_gain":0.0,"max_hp_loss":0.0,"gold_gain":0.0,"event_name":"Purifier","player_choice":"Purged","floor":2.0,"gold_loss":0.0,"damage_taken":0.0},{"damage_healed":0.0,"max_hp_gain":0.0,"max_hp_loss":0.0,"gold_gain":0.0,"event_name":"Golden Idol","player_choice":"Take Damage","floor":8.0,"gold_loss":0.0,"damage_taken":15.0,"relics_obtained":["Golden Idol"]},{"damage_healed":0.0,"max_hp_gain":0.0,"max_hp_loss":0.0,"gold_gain":30.0,"event_name":"Dead Adventurer","player_choice":"Searched \u00272\u0027 times","floor":10.0,"gold_loss":0.0,"damage_taken":0.0,"relics_obtained":["Mercury Hourglass"]},{"cards_removed":["Moonworks:Strike"],"damage_healed":0.0,"max_hp_gain":0.0,"max_hp_loss":0.0,"gold_gain":0.0,"event_name":"betterThird:BetterWriting","player_choice":"Elegance","floor":20.0,"gold_loss":0.0,"damage_taken":0.0},{"damage_healed":0.0,"max_hp_gain":0.0,"max_hp_loss":0.0,"gold_gain":99.0,"event_name":"betterThird:BetterNest","player_choice":"Steal","floor":22.0,"gold_loss":0.0,"damage_taken":0.0},{"damage_healed":0.0,"max_hp_gain":0.0,"max_hp_loss":0.0,"gold_gain":0.0,"event_name":"Mysterious Sphere","player_choice":"Ignored","floor":37.0,"gold_loss":0.0,"damage_taken":0.0},{"damage_healed":0.0,"max_hp_gain":0.0,"max_hp_loss":0.0,"gold_gain":0.0,"event_name":"SensoryStone","player_choice":"Memory 1","floor":38.0,"gold_loss":0.0,"damage_taken":0.0},{"damage_healed":0.0,"max_hp_gain":0.0,"max_hp_loss":0.0,"gold_gain":0.0,"event_name":"Winding Halls","player_choice":"Embrace Madness","floor":47.0,"gold_loss":0.0,"damage_taken":8.0,"cards_obtained":["Madness","Madness"]}],"is_beta":false,"boss_relics":[{"not_picked":["Snecko Eye","SacredBark"],"picked":"Astrolabe"},{"not_picked":["Coffee Dripper","Sozu"],"picked":"Philosopher\u0027s Stone"}],"items_purged_floors":[7],"is_endless":false,"potions_floor_spawned":[1,11,14,16,19,24,35,41,44,46],"ascension_level":1}}