{"host":"fdmexzkyss3ff9bv","time":1609860565,"event":{"mods":["BaseMod","Beaked The Cultist","BetterRewards","Downfall","Glutton Mod","Halation","Hubris","Infinite Spire","Minty Spire (QoL Compilation)","Replay The Spire","StSLib","The Animator","The Blackbeard","The Bug Knight","The Construct","The Mystic","The Servant 0.9.4","The Witch"],"gold_per_floor":[113,113,132,132,482,482,508,508,508,508,526,285,313,323,323,323,323],"floor_reached":16,"playtime":847,"items_purged":["Normality"],"score":133,"play_id":"1dec63b6-4f83-42df-b01c-af99d2589e73","local_time":"20210105162925","is_ascension_mode":false,"campfire_choices":[{"floor":6,"key":"REST"},{"floor":15,"key":"DIG"}],"circlet_count":0,"master_deck":["Strike_G","Strike_G","Strike_G","Strike_G","Strike_G","Defend_G","Defend_G","Defend_G","Defend_G","Defend_G","Survivor","Neutralize","Cloak And Dagger","Pain","Distraction","CommonCold","hubris:Lust","Noxious Fumes+1","Calculated Gamble","Cloak And Dagger+1","Distraction","Noxious Fumes"],"relics":["Ring of the Snake","NeowsBlessing","WarpedTongs","hubris:EvacipatedBox","Chameleon Ring","halation:AfternoonTea","Eternal Feather","Ring of Greed","Old Coin","Smiling Mask","Ring of Hypnosis","Pet Ghost","infinitespire:FocusingShard","halation:Jellyphish","Regal Pillow","halation:LettersToHer","InkBottle"],"acts_visited":["Exordium"],"potions_floor_usage":[13],"damage_taken":[{"damage":0,"enemies":"Jaw Worm","floor":1,"turns":1},{"damage":0,"enemies":"Cultist","floor":3,"turns":1},{"damage":1,"enemies":"Gremlin Nob","floor":7,"turns":1},{"damage":31,"enemies":"infinitespire:Voidling","floor":11,"turns":5},{"damage":19,"enemies":"3 Sentries","floor":13,"turns":5},{"damage":20,"enemies":"2 Fungi Beasts","floor":14,"turns":3},{"damage":6,"enemies":"Hexaghost","floor":16,"turns":1}],"seed_played":"-6832228586227185088","potions_obtained":[{"floor":10,"key":"FairyPotion"},{"floor":10,"key":"ColorlessPotion"},{"floor":11,"key":"PowerPotion"},{"floor":14,"key":"BlessingOfTheForge"}],"is_trial":false,"path_per_floor":["M","?","M","$","?","R","E","?","T","R","M","$","E","M","R","B"],"character_chosen":"THE_SILENT","items_purchased":["hubris:EvacipatedBox","Chameleon Ring","halation:AfternoonTea","Eternal Feather","halation:Jellyphish","Cloak And Dagger+1"],"campfire_rested":1,"item_purchase_floors":[4,4,4,4,12,12],"current_hp_per_floor":[70,70,70,10,10,40,39,39,39,48,17,17,29,9,21,15,15],"gold":323,"neow_bonus":"THREE_ENEMY_KILL","is_daily":false,"chose_seed":false,"campfire_upgraded":0,"win_rate":0.0,"timestamp":1609860565,"path_taken":["M","?","?","?","?","R","E","?","T","R","?","$","E","M","R","BOSS"],"items_purchased_type":["Relic","Relic","Relic","Relic","Relic","Card"],"build_version":"2020-12-13","purchased_purges":1,"victory":false,"max_hp_per_floor":[70,70,70,70,70,70,70,70,70,70,70,70,70,70,70,70,70],"card_choices":[{"not_picked":["Blade Dance","Dodge and Roll"],"picked":"Cloak And Dagger","floor":1},{"not_picked":["Eviscerate","ReplayTheSpireMod:Shiv Toss"],"picked":"Distraction","floor":3},{"not_picked":["All Out Attack","PiercingWail"],"picked":"Noxious Fumes","floor":7},{"not_picked":["Sucker Punch","Acrobatics"],"picked":"Calculated Gamble","floor":11},{"not_picked":["hubris:SlightOfHand","Prepared"],"picked":"Distraction","floor":13},{"not_picked":["Accuracy","Backstab"],"picked":"Noxious Fumes","floor":14}],"player_experience":66069,"relics_obtained":[{"floor":5,"key":"Ring of Greed"},{"floor":5,"key":"Old Coin"},{"floor":5,"key":"Smiling Mask"},{"floor":5,"key":"Ring of Hypnosis"},{"floor":7,"key":"Pet Ghost"},{"floor":9,"key":"infinitespire:FocusingShard"},{"floor":13,"key":"Regal Pillow"},{"floor":15,"key":"halation:LettersToHer"}],"event_choices":[{"damage_healed":0,"gold_gain":0,"player_choice":"Rummage","damage_taken":0,"relics_obtained":["WarpedTongs"],"max_hp_gain":0,"max_hp_loss":0,"event_name":"Accursed Blacksmith","floor":2,"gold_loss":0,"cards_obtained":["Pain"]},{"damage_healed":0,"gold_gain":0,"player_choice":"Upgraded","damage_taken":0,"max_hp_gain":0,"max_hp_loss":0,"event_name":"Upgrade Shrine","floor":8,"gold_loss":0,"cards_upgraded":["Noxious Fumes"]}],"is_beta":false,"boss_relics":[],"items_purged_floors":[12],"is_endless":false,"potions_floor_spawned":[11,14],"killed_by":"Hexaghost","ascension_level":0}}