{"host":"rylkjufw9dlhr07b","time":1609811025,"event":{"mods":["AchievementEnabler","BaseMod","Better Note","BetterRewards","Hubris","Minty Spire (QoL Compilation)","Quick Restart","Replay The Spire","StSLib"],"gold_per_floor":[18,76,91,91,91,91,91,109,164,164,195,195,226,239,239,418,418,534,534,534,549,563,563,563,591,591,591,591,56,56,56,56,75,75,75,75],"floor_reached":35,"playtime":1200,"items_purged":["Strike_R"],"score":939,"play_id":"a812fff9-a9de-4e1e-a78a-117bcfe95aab","local_time":"20210105024345","is_ascension_mode":true,"campfire_choices":[{"floor":7.0,"key":"REST"},{"data":"Armaments","floor":12.0,"key":"SMITH"},{"data":"ReplayTheSpireMod:Limb From Limb","floor":15.0,"key":"SMITH"},{"data":"Flame Barrier","floor":23,"key":"SMITH"},{"floor":27,"key":"REST"},{"data":"Inflame","floor":32,"key":"SMITH"},{"data":"Heavy Blade","floor":34,"key":"SMITH"}],"circlet_count":0,"master_deck":["AscendersBane","Strike_R","Strike_R","Strike_R","Defend_R","Defend_R","Defend_R","Defend_R","Bash","Heavy Blade+1","Heavy Blade","Flex","Flex","Armaments+1","Inflame","Carnage","Disarm","Shrug It Off","Clash","Clash","ReplayTheSpireMod:Limb From Limb+1","Shrug It Off","Clash","Clash","Offering","Inflame+1","Flame Barrier+1","Finesse+1","Finesse+1","Metallicize+1","Pommel Strike+1"],"relics":["Burning Blood","BargainBundle","ReplayTheSpireMod:TigerMarble","hubris:EmptyBottle","Omamori","Cauldron","hubris:BottledRain","hubris:Icosahedron","Centennial Puzzle","Oddly Smooth Stone","hubris:GlazedTorus","ReplayTheSpireMod:DimensionalGlitch","WarpedTongs","Blue Doll","Shuriken","Molten Egg 2","Frozen Egg 2"],"acts_visited":["Exordium","TheCity"],"potions_floor_usage":[25,25,29,29],"damage_taken":[{"damage":0.0,"enemies":"Small Slimes","floor":1.0,"turns":2.0},{"damage":0.0,"enemies":"Jaw Worm","floor":3.0,"turns":3.0},{"damage":2.0,"enemies":"Cultist","floor":8.0,"turns":4.0},{"damage":3.0,"enemies":"Gremlin Nob","floor":11.0,"turns":3.0},{"damage":0.0,"enemies":"3 Sentries","floor":13.0,"turns":6.0},{"damage":0.0,"enemies":"Blue Slaver","floor":14.0,"turns":3.0},{"damage":0.0,"enemies":"Slime Boss","floor":16.0,"turns":4.0},{"damage":4.0,"enemies":"2 Thieves","floor":18.0,"turns":4.0},{"damage":22.0,"enemies":"Chosen","floor":21.0,"turns":4.0},{"damage":18,"enemies":"Snake Plant","floor":22,"turns":2},{"damage":9,"enemies":"Slavers","floor":25,"turns":3},{"damage":10,"enemies":"Centurion and Healer","floor":33,"turns":5},{"damage":64,"enemies":"hubris:MusketHawk","floor":35,"turns":6}],"seed_played":"-1742611501394286407","potions_obtained":[{"floor":0.0,"key":"SteroidPotion"},{"floor":0.0,"key":"Block Potion"},{"floor":8.0,"key":"SkillPotion"},{"floor":21.0,"key":"Strength Potion"}],"is_trial":false,"path_per_floor":["M","?","M","T","$","?","R","M","T","?","E","R","E","M","R","B",null,"M","?","?","M","M","R","?","E","T","R","?","$","PTL","PTL","R","M","R","B"],"character_chosen":"IRONCLAD","items_purchased":["Heavy Blade","BargainBundle","ReplayTheSpireMod:TigerMarble","Swift Potion","Milkshake","Flex","Armaments","hubris:EmptyBottle","Inflame","Omamori","Carnage","Cauldron","Disarm","Finesse+1","Frozen Egg 2","Metallicize+1","Fruit Juice"],"campfire_rested":2,"item_purchase_floors":[0,0,0,0,0,0,0,0,0,0,0,0,0,29,29,29,29],"current_hp_per_floor":[30,30,36,36,36,36,58,62,62,62,65,65,71,75,75,75,75,74,74,74,56,41,41,41,35,35,57,57,67,67,67,67,60,60,0,0],"gold":75,"neow_bonus":"","is_daily":false,"chose_seed":false,"campfire_upgraded":5,"win_rate":0.0,"timestamp":1609811025,"path_taken":["M","?","M","?","?","?","R","?","T","?","E","R","E","M","R","BOSS","M","?","?","?","M","R","?","E","T","R","?","?","PTL","PTL","R","M","R","BOSS"],"items_purchased_type":["Card","Relic","Relic","Potion","Potion","Card","Card","Relic","Card","Relic","Card","Relic","Card","Card","Relic","Card","Potion"],"build_version":"2020-12-22","purchased_purges":1,"victory":false,"max_hp_per_floor":[75,75,75,75,75,75,75,75,75,75,75,75,75,75,75,75,75,75,75,75,75,75,75,75,75,75,75,75,85,85,85,85,85,85,85,85],"card_choices":[{"not_picked":["Abandon","Heavy Blade"],"picked":"Shrug It Off","floor":1.0},{"not_picked":["Rampage","Warcry"],"picked":"Clash","floor":3.0},{"not_picked":["Anger","Searing Blow"],"picked":"Clash","floor":8.0},{"not_picked":["Hemokinesis","hubris:ReadiedAction"],"picked":"Shrug It Off","floor":11.0},{"not_picked":["Double Tap","Shrug It Off"],"picked":"Clash","floor":13.0},{"not_picked":["Twin Strike","Evolve"],"picked":"Clash","floor":14.0},{"not_picked":["Brutality","Replay:Many Hands"],"picked":"Offering","floor":16.0},{"not_picked":["Twin Strike","Uppercut+1"],"picked":"Inflame","floor":18.0},{"not_picked":["Heavy Blade","Warcry"],"picked":"Flame Barrier","floor":21.0},{"not_picked":["Body Slam","Twin Strike","Abandon"],"picked":"SKIP","floor":22},{"not_picked":["Brutality","Entrench","Perfected Strike"],"picked":"SKIP","floor":25},{"not_picked":["Replay:Undeath\u0027s Touch+1","ReplayTheSpireMod:Strike From Hell+1"],"picked":"Pommel Strike+1","floor":33}],"player_experience":516239,"relics_obtained":[{"floor":4.0,"key":"hubris:BottledRain"},{"floor":9.0,"key":"Centennial Puzzle"},{"floor":11.0,"key":"Oddly Smooth Stone"},{"floor":13.0,"key":"hubris:GlazedTorus"},{"floor":25,"key":"Blue Doll"},{"floor":26,"key":"Shuriken"}],"event_choices":[{"damage_healed":0.0,"max_hp_gain":0.0,"max_hp_loss":0.0,"gold_gain":58.0,"event_name":"Golden Wing","player_choice":"Gained Gold","floor":2.0,"gold_loss":0.0,"damage_taken":0.0},{"damage_healed":0.0,"max_hp_gain":0.0,"max_hp_loss":0.0,"gold_gain":0.0,"cards_transformed":["Strike_R"],"event_name":"Living Wall","player_choice":"Change","floor":10.0,"gold_loss":0.0,"damage_taken":0.0,"cards_obtained":["ReplayTheSpireMod:Limb From Limb"]},{"damage_healed":0.0,"max_hp_gain":0.0,"max_hp_loss":0.0,"gold_gain":0.0,"event_name":"Accursed Blacksmith","player_choice":"Rummage","floor":19.0,"gold_loss":0.0,"damage_taken":0.0,"relics_obtained":["WarpedTongs"],"cards_obtained":["Pain"]},{"damage_healed":0.0,"max_hp_gain":0.0,"max_hp_loss":0.0,"gold_gain":0.0,"event_name":"N\u0027loth","player_choice":"Ignored","floor":20.0,"gold_loss":0.0,"damage_taken":0.0},{"cards_removed":["Armaments"],"damage_healed":0,"gold_gain":0,"player_choice":"Take \u0026 Give","damage_taken":0,"max_hp_gain":0,"max_hp_loss":0,"event_name":"betterNote:BetterNote","floor":24,"gold_loss":0,"cards_obtained":["Finesse"]}],"is_beta":false,"boss_relics":[{"not_picked":["Sozu","Runic Dome"],"picked":"ReplayTheSpireMod:DimensionalGlitch"}],"items_purged_floors":[0],"is_endless":false,"potions_floor_spawned":[1,3,8,14,21],"killed_by":"hubris:MusketHawk","ascension_level":18}}