{"host":"Brown Brick","time":1609882567,"event":{"mods":["BaseMod","Melee Mod","Minty Spire (QoL Compilation)","Rare Cards Sparkle","Relic Stats","Robot Space Explorer","StSLib","The Marked","Unceasing Turn Reminder","everything is the same but u backflip on backflip"],"gold_per_floor":[109,109,184,204,217,217,217,217,217,250,268,312,330,330,330,449,449,473,473,494,494,519,519,555,555,579,335,355,100,121,162,162,285,285,305,123,147,168,231,231,272,272,345,345,345],"floor_reached":44,"playtime":2893,"items_purged":["Injury"],"score":535,"play_id":"6b5f57c8-2754-4c9c-b7dc-8c0128ae21b1","local_time":"20210105223607","is_ascension_mode":true,"campfire_choices":[{"data":"theMarked:TakeOffHeels","floor":6.0,"key":"SMITH"},{"floor":8.0,"key":"REST"},{"data":"theMarked:SoldierOfQuellstein","floor":15.0,"key":"SMITH"},{"floor":23.0,"key":"REST"},{"floor":25.0,"key":"REST"},{"floor":32.0,"key":"REST"},{"floor":40.0,"key":"RECALL"}],"circlet_count":0,"master_deck":["theMarked:Strike","theMarked:Strike","theMarked:Strike+1","theMarked:Strike","theMarked:Strike+1","theMarked:Defend","theMarked:Defend","theMarked:Defend","theMarked:Defend","theMarked:SoldierOfQuellstein+1","theMarked:TakeOffHeels+1","theMarked:ParalyzingBlade","theMarked:ElementalBlade","theMarked:BindingBlade","CurseOfTheBell","theMarked:EmpowerWeapon","theMarked:HeightenedSenses","theMarked:SoldierOfQuellstein","theMarked:AttractMetal","theMarked:Improvise+1","Flash of Steel","theMarked:BindingBlade","Panache","Deep Breath","Finesse","theMarked:ElectricStrings+1","Pain"],"relics":["theMarked:ArtifactOfAir","Golden Idol","Lizard Tail","Centennial Puzzle","StrikeDummy","Calling Bell","Art of War","Letter Opener","Ginger","theMarked:DemonDagger","Toy Ornithopter","Ancient Tea Set","theMarked:SpiritSword","Thread and Needle","Bag of Marbles","WarpedTongs"],"acts_visited":["Exordium","TheCity","TheBeyond"],"potions_floor_usage":[44,44],"damage_taken":[{"damage":0.0,"enemies":"Small Slimes","floor":1.0,"turns":4.0},{"damage":0.0,"enemies":"Cultist","floor":4.0,"turns":3.0},{"damage":2.0,"enemies":"Jaw Worm","floor":5.0,"turns":3.0},{"damage":22.0,"enemies":"3 Sentries","floor":10.0,"turns":8.0},{"damage":0.0,"enemies":"Blue Slaver","floor":11.0,"turns":6.0},{"damage":13.0,"enemies":"Lagavulin","floor":12.0,"turns":5.0},{"damage":5.0,"enemies":"3 Louse","floor":13.0,"turns":2.0},{"damage":18.0,"enemies":"The Guardian","floor":16.0,"turns":12.0},{"damage":7.0,"enemies":"Chosen","floor":18.0,"turns":4.0},{"damage":22.0,"enemies":"Shell Parasite","floor":20.0,"turns":6.0},{"damage":36.0,"enemies":"Shelled Parasite and Fungi","floor":22.0,"turns":7.0},{"damage":12.0,"enemies":"Slavers","floor":24.0,"turns":6.0},{"damage":20.0,"enemies":"Snecko","floor":28.0,"turns":4.0},{"damage":18.0,"enemies":"Snake Plant","floor":30.0,"turns":2.0},{"damage":5.0,"enemies":"Book of Stabbing","floor":31.0,"turns":3.0},{"damage":77.0,"enemies":"Automaton","floor":33.0,"turns":9.0},{"damage":7.0,"enemies":"3 Darklings","floor":35.0,"turns":3.0},{"damage":6.0,"enemies":"3 Shapes","floor":37.0,"turns":2.0},{"damage":14.0,"enemies":"Maw","floor":38.0,"turns":5.0},{"damage":28.0,"enemies":"2 Orb Walkers","floor":39.0,"turns":3.0},{"damage":12.0,"enemies":"Reptomancer","floor":41.0,"turns":4.0},{"damage":29,"enemies":"Nemesis","floor":44,"turns":2}],"seed_played":"9184931970141167623","potions_obtained":[{"floor":4.0,"key":"BlessingOfTheForge"},{"floor":5.0,"key":"Regen Potion"},{"floor":13.0,"key":"Swift Potion"},{"floor":18.0,"key":"SteroidPotion"},{"floor":20.0,"key":"Fruit Juice"},{"floor":24.0,"key":"Dexterity Potion"},{"floor":37.0,"key":"PowerPotion"},{"floor":41.0,"key":"AttackPotion"}],"is_trial":false,"path_per_floor":["M","?","?","M","M","R","?","R","T","E","M","E","M","?","R","B",null,"M","?","M","?","M","R","E","R","T","$","M","$","M","E","R","B",null,"M","$","M","M","?","R","E","?","T","E"],"character_chosen":"THE_DEFAULT","items_purchased":["Flash of Steel","Regen Potion","Panache","Deep Breath","Fruit Juice","Finesse"],"campfire_rested":4,"item_purchase_floors":[27,27,29,29,36,36],"current_hp_per_floor":[49,35,28,28,26,26,26,47,47,40,40,27,22,22,22,4,70,63,63,46,46,10,32,20,42,42,42,22,22,14,14,36,26,75,68,68,72,58,30,30,18,18,18,0,0],"gold":345,"neow_bonus":"THREE_RARE_CARDS","is_daily":false,"chose_seed":false,"campfire_upgraded":2,"win_rate":0.0,"timestamp":1609882567,"path_taken":["M","?","?","M","?","R","?","R","T","E","M","E","M","?","R","BOSS","M","?","?","?","M","R","E","R","T","$","M","?","M","E","R","BOSS","M","$","M","M","?","R","E","?","T","E"],"items_purchased_type":["Card","Potion","Card","Card","Potion","Card"],"build_version":"2020-12-18","purchased_purges":1,"victory":false,"max_hp_per_floor":[70,70,70,70,70,70,70,70,70,70,70,70,70,70,70,70,70,70,70,75,75,75,75,75,75,75,75,75,75,75,75,75,75,75,75,75,80,80,80,80,80,80,80,80,80],"relic_stats":{"Lizard Tail":37,"Centennial Puzzle":[51],"counters":[22,103],"Golden Idol":144,"Art of War":[2],"Letter Opener":[221],"Ginger":[9],"obtain_stats":[{"theMarked:DemonDagger":24,"Golden Idol":7,"Thread and Needle":39,"theMarked:SpiritSword":34,"Letter Opener":17,"Ginger":17,"Ancient Tea Set":31,"WarpedTongs":42,"Calling Bell":17,"theMarked:ArtifactOfAir":0,"Lizard Tail":9,"Centennial Puzzle":10,"Art of War":17,"Bag of Marbles":41,"StrikeDummy":12,"Toy Ornithopter":26},{"theMarked:DemonDagger":12,"Golden Idol":3,"Thread and Needle":20,"theMarked:SpiritSword":16,"Letter Opener":8,"Ginger":8,"Ancient Tea Set":15,"WarpedTongs":21,"Calling Bell":8,"theMarked:ArtifactOfAir":0,"Lizard Tail":3,"Centennial Puzzle":4,"Art of War":8,"Bag of Marbles":21,"StrikeDummy":6,"Toy Ornithopter":12},{"theMarked:DemonDagger":66,"Golden Idol":10,"Thread and Needle":97,"theMarked:SpiritSword":84,"Letter Opener":43,"Ginger":43,"Ancient Tea Set":75,"WarpedTongs":101,"Calling Bell":43,"theMarked:ArtifactOfAir":0,"Lizard Tail":10,"Centennial Puzzle":18,"Art of War":43,"Bag of Marbles":101,"StrikeDummy":29,"Toy Ornithopter":66}],"Toy Ornithopter":25,"WarpedTongs":[2]},"card_choices":[{"not_picked":["theMarked:ThrowWeapon","theMarked:Defy"],"picked":"theMarked:TakeOffHeels","floor":0.0},{"not_picked":["theMarked:RepellingDischarge","theMarked:Aftermath","theMarked:Static"],"picked":"SKIP","floor":1.0},{"not_picked":["theMarked:SwordAndMagic","theMarked:MaelstromOfLightning","theMarked:TunnelVision"],"picked":"SKIP","floor":4.0},{"not_picked":["theMarked:WastefulAttack","theMarked:Overthink"],"picked":"theMarked:ParalyzingBlade","floor":5.0},{"not_picked":["theMarked:KeepCalmAndFightOn","theMarked:ResourceFulStrike"],"picked":"theMarked:ElementalBlade","floor":10.0},{"not_picked":["theMarked:WastefulAttack","theMarked:MaelstromOfLightning","theMarked:Parkour"],"picked":"SKIP","floor":11.0},{"not_picked":["theMarked:MuscleMemory","theMarked:WardOff","theMarked:Parkour"],"picked":"SKIP","floor":12.0},{"not_picked":["theMarked:SwordAndMagic","theMarked:ThrowWeapon","theMarked:BanishingStrike"],"picked":"SKIP","floor":13.0},{"not_picked":["theMarked:SuspiciousRaven","theMarked:FavorableWinds"],"picked":"theMarked:BindingBlade","floor":16.0},{"not_picked":["theMarked:ElectricStrings","theMarked:AttractMetal"],"picked":"theMarked:EmpowerWeapon","floor":18.0},{"not_picked":["theMarked:TwofoldDefense","theMarked:Polarize"],"picked":"theMarked:HeightenedSenses","floor":20.0},{"not_picked":["theMarked:Improvise","theMarked:Opportunist"],"picked":"theMarked:AttractMetal","floor":22.0},{"not_picked":["theMarked:HeritageOfTheMarked","theMarked:Electrocute+1"],"picked":"theMarked:Improvise+1","floor":24.0},{"not_picked":["theMarked:SwordAndMagic","theMarked:ResourceFulStrike+1"],"picked":"theMarked:BindingBlade","floor":28.0},{"not_picked":["theMarked:WastefulDefense","theMarked:TunnelVision+1","theMarked:ChainLightning"],"picked":"SKIP","floor":30.0},{"not_picked":["theMarked:ResourceFulStrike+1","theMarked:BanishingStrike+1","theMarked:RepellingDischarge"],"picked":"SKIP","floor":31.0},{"not_picked":["theMarked:Improvise+1","theMarked:WardOff+1","theMarked:RepellingDischarge"],"picked":"SKIP","floor":35.0},{"not_picked":["theMarked:Overcharge+1","theMarked:Frustration+1","theMarked:ReduceFriction+1"],"picked":"SKIP","floor":37.0},{"not_picked":["theMarked:HeritageOfTheMarked+1","theMarked:RepellingDischarge+1","theMarked:WastefulAttack+1"],"picked":"SKIP","floor":38.0},{"not_picked":["theMarked:Reabsorb+1","theMarked:WardOff"],"picked":"theMarked:ElectricStrings+1","floor":41.0}],"player_experience":660759,"relics_obtained":[{"floor":9.0,"key":"Lizard Tail"},{"floor":10.0,"key":"Centennial Puzzle"},{"floor":12.0,"key":"StrikeDummy"},{"floor":17.0,"key":"Art of War"},{"floor":17.0,"key":"Letter Opener"},{"floor":17.0,"key":"Ginger"},{"floor":24.0,"key":"theMarked:DemonDagger"},{"floor":26.0,"key":"Toy Ornithopter"},{"floor":31.0,"key":"Ancient Tea Set"},{"floor":39.0,"key":"Thread and Needle"},{"floor":41.0,"key":"Bag of Marbles"}],"event_choices":[{"damage_healed":0.0,"max_hp_gain":0.0,"max_hp_loss":0.0,"gold_gain":0.0,"event_name":"Shining Light","player_choice":"Entered Light","floor":2.0,"gold_loss":0.0,"damage_taken":14.0,"cards_upgraded":["theMarked:Strike","theMarked:Strike"]},{"damage_healed":0.0,"max_hp_gain":0.0,"max_hp_loss":0.0,"gold_gain":75.0,"event_name":"FaceTrader","player_choice":"Touch","floor":3.0,"gold_loss":0.0,"damage_taken":7.0},{"damage_healed":0.0,"max_hp_gain":0.0,"max_hp_loss":0.0,"gold_gain":0.0,"event_name":"Golden Idol","player_choice":"Take Wound","floor":7.0,"gold_loss":0.0,"damage_taken":0.0,"relics_obtained":["Golden Idol"],"cards_obtained":["Injury"]},{"damage_healed":0.0,"max_hp_gain":0.0,"max_hp_loss":0.0,"gold_gain":0.0,"event_name":"Golden Wing","player_choice":"Ignored","floor":14.0,"gold_loss":0.0,"damage_taken":0.0},{"damage_healed":0.0,"max_hp_gain":0.0,"max_hp_loss":0.0,"gold_gain":0.0,"event_name":"The Woman in Blue","player_choice":"Bought 0 Potions","floor":19.0,"gold_loss":0.0,"damage_taken":0.0},{"damage_healed":0.0,"max_hp_gain":0.0,"max_hp_loss":0.0,"gold_gain":0.0,"event_name":"Match and Keep!","player_choice":"1 cards matched","floor":21.0,"gold_loss":0.0,"damage_taken":0.0,"cards_obtained":["theMarked:SoldierOfQuellstein"]},{"damage_healed":0.0,"max_hp_gain":0.0,"max_hp_loss":0.0,"gold_gain":0.0,"event_name":"Mysterious Sphere","player_choice":"Fight","floor":39.0,"gold_loss":0.0,"damage_taken":0.0},{"damage_healed":0.0,"max_hp_gain":0.0,"max_hp_loss":0.0,"gold_gain":0.0,"event_name":"Accursed Blacksmith","player_choice":"Rummage","floor":42.0,"gold_loss":0.0,"damage_taken":0.0,"relics_obtained":["WarpedTongs"],"cards_obtained":["Pain"]}],"is_beta":true,"boss_relics":[{"not_picked":["theMarked:Eyepatch","Empty Cage"],"picked":"Calling Bell"},{"not_picked":["Busted Crown","Pandora\u0027s Box"],"picked":"theMarked:SpiritSword"}],"items_purged_floors":[27],"is_endless":false,"potions_floor_spawned":[4,5,13,18,20,24,37,41],"killed_by":"Nemesis","ascension_level":2}}