{"host":"e52c7hvho6xny3hd","time":1609849974,"event":{"mods":["AchievementEnabler","BaseMod","Colored Map","DeckTracker","Minty Spire (QoL Compilation)","Permanent Neow","StSLib"],"gold_per_floor":[114,129,149,149,166,166,186,205,205,225,225,175,190,207,207,308,308,326,337,349,368,293,293,325,325,325,337,351,351,383,129,129,226,226,246,263,138,157,0,0,16,16,16,16,35,53,53,53,53,53],"floor_reached":51,"playtime":3161,"items_purged":["Strike_B","Strike_B","Zap"],"score":1006,"play_id":"400eda4f-bc81-4b66-96c6-866b2beb9697","local_time":"20210105213254","is_ascension_mode":true,"campfire_choices":[{"data":"Chill","floor":6.0,"key":"SMITH"},{"data":"Beam Cell","floor":11.0,"key":"SMITH"},{"data":"Self Repair","floor":15.0,"key":"SMITH"},{"data":"Hologram","floor":23.0,"key":"SMITH"},{"data":"BootSequence","floor":25.0,"key":"SMITH"},{"data":"Hologram","floor":29.0,"key":"SMITH"},{"data":"FTL","floor":32.0,"key":"SMITH"},{"data":"Seek","floor":40,"key":"SMITH"},{"data":"Seek","floor":42,"key":"SMITH"},{"data":"Skim","floor":44,"key":"SMITH"},{"data":"All For One","floor":49,"key":"SMITH"}],"circlet_count":0,"master_deck":["AscendersBane","Defend_B","Defend_B","Defend_B","Defend_B","Dualcast","Beam Cell+1","Self Repair+1","FTL+1","Gash","Chill+1","Gash","Cold Snap","Seek+1","Skim+1","All For One+1","BootSequence+1","Hologram+1","Cold Snap+1","Echo Form","Hologram+1","Gash","Seek+1","Coolheaded+1","Defragment+1","Normality","Steam+1"],"relics":["Cracked Core","HornCleat","Black Star","Juzu Bracelet","Bottled Tornado","Eternal Feather","Mango","Blue Candle","DollysMirror","Cursed Key","Red Mask","InkBottle"],"acts_visited":["Exordium","TheCity","TheBeyond"],"potions_floor_usage":[50,50,50],"damage_taken":[{"damage":0.0,"enemies":"Cultist","floor":1.0,"turns":3.0},{"damage":6.0,"enemies":"Jaw Worm","floor":2.0,"turns":4.0},{"damage":6.0,"enemies":"2 Louse","floor":3.0,"turns":2.0},{"damage":5.0,"enemies":"2 Fungi Beasts","floor":5.0,"turns":3.0},{"damage":11.0,"enemies":"Exordium Wildlife","floor":7.0,"turns":7.0},{"damage":8.0,"enemies":"Looter","floor":8.0,"turns":4.0},{"damage":5.0,"enemies":"Large Slime","floor":10.0,"turns":4.0},{"damage":8.0,"enemies":"Exordium Wildlife","floor":13.0,"turns":4.0},{"damage":5.0,"enemies":"Blue Slaver","floor":14.0,"turns":4.0},{"damage":54.0,"enemies":"Slime Boss","floor":16.0,"turns":11.0},{"damage":5.0,"enemies":"Chosen","floor":18.0,"turns":3.0},{"damage":0.0,"enemies":"Spheric Guardian","floor":19.0,"turns":3.0},{"damage":2.0,"enemies":"3 Cultists","floor":20.0,"turns":6.0},{"damage":4.0,"enemies":"Centurion and Healer","floor":21.0,"turns":4.0},{"damage":8.0,"enemies":"Slavers","floor":24.0,"turns":5.0},{"damage":1.0,"enemies":"Chosen and Byrds","floor":27.0,"turns":3.0},{"damage":4.0,"enemies":"3 Cultists","floor":28.0,"turns":5.0},{"damage":18.0,"enemies":"Book of Stabbing","floor":30.0,"turns":4.0},{"damage":37.0,"enemies":"Automaton","floor":33.0,"turns":7.0},{"damage":0.0,"enemies":"3 Shapes","floor":35.0,"turns":3.0},{"damage":1,"enemies":"Orb Walker","floor":36,"turns":4},{"damage":29,"enemies":"Jaw Worm Horde","floor":38,"turns":4},{"damage":7,"enemies":"Transient","floor":41,"turns":5},{"damage":0,"enemies":"Spire Growth","floor":45,"turns":3},{"damage":14,"enemies":"Jaw Worm Horde","floor":46,"turns":3},{"damage":5,"enemies":"Time Eater","floor":50,"turns":5}],"seed_played":"4017823073948382473","potions_obtained":[{"floor":1.0,"key":"BlessingOfTheForge"},{"floor":5.0,"key":"DuplicationPotion"},{"floor":8.0,"key":"Dexterity Potion"},{"floor":24.0,"key":"EntropicBrew"},{"floor":28.0,"key":"CultistPotion"},{"floor":30.0,"key":"FocusPotion"}],"is_trial":false,"path_per_floor":["M","M","M","?","M","R","M","M","T","M","R","?","M","M","R","B",null,"M","M","M","M","$","R","E","R","T","M","M","R","E","$","R","B",null,"M","M","$","M","?","R","M","R","T","R","M","M","?","$","R","B",null],"character_chosen":"DEFECT","items_purchased":["DollysMirror"],"campfire_rested":0,"item_purchase_floors":[31],"current_hp_per_floor":[68,69,63,68,63,63,59,58,58,60,60,60,59,61,61,17,64,69,79,80,80,80,80,72,72,72,71,77,80,86,86,94,67,87,94,94,94,75,75,90,93,94,94,94,94,80,80,80,94,89],"gold":53,"neow_bonus":"TRANSFORM_CARD","is_daily":false,"chose_seed":false,"campfire_upgraded":11,"win_rate":0.0,"timestamp":1609849974,"path_taken":["M","?","M","?","M","R","M","M","T","M","R","?","M","M","R","BOSS","M","M","M","M","$","R","E","R","T","M","M","R","E","$","R","BOSS","M","M","$","M","?","R","M","R","T","R","M","M","?","?","R","BOSS"],"items_purchased_type":["Relic"],"build_version":"2020-12-22","purchased_purges":3,"victory":true,"max_hp_per_floor":[75,75,75,80,80,80,80,80,80,80,80,80,80,80,80,80,80,80,80,80,80,80,80,80,80,80,80,80,80,94,94,94,94,94,94,94,94,94,94,94,94,94,94,94,94,94,94,94,94,94],"card_choices":[{"not_picked":["Coolheaded","Cold Snap"],"picked":"Self Repair","floor":1.0},{"not_picked":["Leap","Turbo"],"picked":"FTL","floor":2.0},{"not_picked":["Lockon","Conserve Battery"],"picked":"Gash","floor":3.0},{"not_picked":["Stack","Beam Cell"],"picked":"Chill","floor":5.0},{"not_picked":["Cold Snap","Heatsinks"],"picked":"Gash","floor":7.0},{"not_picked":["Beam Cell","Rebound"],"picked":"Cold Snap","floor":8.0},{"not_picked":["Leap","Double Energy"],"picked":"Seek","floor":10.0},{"not_picked":["Blizzard","Force Field","Rebound"],"picked":"SKIP","floor":13.0},{"not_picked":["Blizzard","Conserve Battery"],"picked":"Skim","floor":14.0},{"not_picked":["Fission","Amplify"],"picked":"All For One","floor":16.0},{"not_picked":["Aggregate","Lockon","Blizzard+1"],"picked":"SKIP","floor":18.0},{"not_picked":["Skim","Capacitor+1"],"picked":"BootSequence","floor":19.0},{"not_picked":["Aggregate","Self Repair"],"picked":"Hologram","floor":20.0},{"not_picked":["Hologram","Turbo"],"picked":"Cold Snap+1","floor":21.0},{"not_picked":["Self Repair","Rebound"],"picked":"Echo Form","floor":24.0},{"not_picked":["Streamline","Hologram","Lockon"],"picked":"SKIP","floor":27.0},{"not_picked":["Hello World","Self Repair"],"picked":"Hologram","floor":28.0},{"not_picked":["Streamline","Barrage","All For One"],"picked":"SKIP","floor":30.0},{"not_picked":["Fission","Multi-Cast"],"picked":"Seek","floor":33.0},{"not_picked":["Redo+1","Go for the Eyes"],"picked":"Coolheaded+1","floor":35.0},{"not_picked":["Reprogram","Steam+1"],"picked":"Defragment+1","floor":36},{"not_picked":["Amplify","Streamline+1","Turbo+1"],"picked":"SKIP","floor":38},{"not_picked":["Capacitor+1","Auto Shields","Barrage+1"],"picked":"SKIP","floor":41},{"not_picked":["Capacitor","Loop+1","Skim"],"picked":"SKIP","floor":45},{"not_picked":["Turbo+1","Aggregate"],"picked":"Steam+1","floor":46}],"player_experience":629169,"relics_obtained":[{"floor":9.0,"key":"HornCleat"},{"floor":24.0,"key":"Juzu Bracelet"},{"floor":24.0,"key":"Bottled Tornado"},{"floor":26.0,"key":"Eternal Feather"},{"floor":30.0,"key":"Mango"},{"floor":30.0,"key":"Blue Candle"},{"floor":43,"key":"InkBottle"}],"event_choices":[{"damage_healed":0.0,"max_hp_gain":5.0,"max_hp_loss":0.0,"gold_gain":0.0,"event_name":"Big Fish","player_choice":"Donut","floor":4.0,"gold_loss":0.0,"damage_taken":0.0},{"cards_removed":["Strike_B"],"damage_healed":0.0,"max_hp_gain":0.0,"max_hp_loss":0.0,"gold_gain":0.0,"event_name":"The Cleric","player_choice":"Card Removal","floor":12.0,"gold_loss":50.0,"damage_taken":0.0},{"damage_healed":0,"gold_gain":0,"player_choice":"Paid","damage_taken":0,"relics_obtained":["Red Mask"],"max_hp_gain":0,"max_hp_loss":0,"event_name":"Tomb of Lord Red Mask","floor":39,"gold_loss":157},{"damage_healed":0,"gold_gain":0,"player_choice":"Memory 1","damage_taken":0,"max_hp_gain":0,"max_hp_loss":0,"event_name":"SensoryStone","floor":47,"gold_loss":0}],"is_beta":false,"boss_relics":[{"not_picked":["Busted Crown","Coffee Dripper"],"picked":"Black Star"},{"not_picked":["Snecko Eye","Nuclear Battery"],"picked":"Cursed Key"}],"items_purged_floors":[22,31,37],"is_endless":false,"potions_floor_spawned":[1,5,8,13,16,19,24,27,28,30,38,41,45,46],"ascension_level":10}}