{"host":"dntw6kil9p09eemm","time":1609849759,"event":{"mods":["Alarm Clock","Aspiration","BaseMod","Colored Powertips","Downfall","Hermit","Hubris","Minty Spire (QoL Compilation)","Permanent Neow","Replay The Spire","Shop Mod","StSLib","The Runesmith"],"gold_per_floor":[114,114,114,114,133,133,161,181,207,207,207,153,178,47,47,146,146,166,186,285,296,313,340,245,195,195,195,195,211,221,221,171,269,269,289,307,246,246,246,196,206,234,234,251,201,213,163,15,15,15],"floor_reached":51,"playtime":3670,"items_purged":["Slimebound:Defend_Slimebound"],"score":778,"play_id":"a990e6c4-899e-4f2f-979e-a09e08f3a08e","local_time":"20210105212919","is_ascension_mode":false,"campfire_choices":[{"data":"Slimebound:CorrosiveSpit","floor":6.0,"key":"SMITH"},{"data":"Slimebound:Split","floor":10.0,"key":"SMITH"},{"data":"Slimebound:PrepareCrush","floor":15.0,"key":"SMITH"},{"floor":25.0,"key":"REST"},{"data":"Slimebound:LeadByExample","floor":32.0,"key":"SMITH"},{"floor":40.0,"key":"REST"},{"floor":45.0,"key":"REST"},{"floor":47.0,"key":"REST"},{"floor":49,"key":"REST"}],"circlet_count":1,"master_deck":["Slimebound:Strike_Slimebound","Slimebound:Tackle","Slimebound:Defend_Slimebound","Slimebound:Defend_Slimebound","Slimebound:Defend_Slimebound","Slimebound:Split+1","Slimebound:CorrosiveSpit+1","Slimebound:MegaLick","Slimebound:PrepareCrush+1","Slimebound:LevelUp","Slimebound:SplitMire","Slimebound:SplitBruiser","Slimebound:HungryTackle+1","Slimebound:Gluttony","Slimebound:Recycling","Slimebound:Recollect+1","Slimebound:LeadByExample+1","Slimebound:Darklings","Slimebound:HauntingLick+1","Slimebound:AcidTongue+1","Slimebound:SplitAcid+1","Slimebound:OozeBath"],"relics":["Slimebound:AbsorbEndCombat","aspiration:Lifesprig","hubris:Towel","Nunchaku","Strawberry","Slimebound:GreedOozeRelic","hubris:Spice","MerchantsRug","Busted Crown","hubris:SphereOfDissonance","Circlet","ReplayFunnel","hubris:BottledRain"],"acts_visited":["Exordium","TheCity","TheBeyond"],"potions_floor_usage":[50,50],"damage_taken":[{"damage":5.0,"enemies":"Jaw Worm","floor":1.0,"turns":4.0},{"damage":19.0,"enemies":"Small Slimes","floor":5.0,"turns":3.0},{"damage":33.0,"enemies":"3 Sentries","floor":7.0,"turns":7.0},{"damage":15.0,"enemies":"2 Louse","floor":8.0,"turns":3.0},{"damage":21.0,"enemies":"Replay:BlueRogue","floor":13.0,"turns":3.0},{"damage":66.0,"enemies":"Fading Forest","floor":16.0,"turns":11.0},{"damage":33.0,"enemies":"3 Byrds","floor":18.0,"turns":4.0},{"damage":12.0,"enemies":"Spheric Guardian","floor":19.0,"turns":3.0},{"damage":46.0,"enemies":"Cultist and Chosen","floor":21.0,"turns":4.0},{"damage":49.0,"enemies":"Chosen and Byrds","floor":22.0,"turns":5.0},{"damage":67.0,"enemies":"Slavers","floor":23.0,"turns":4.0},{"damage":22.0,"enemies":"Snake Plant","floor":29.0,"turns":3.0},{"damage":12.0,"enemies":"Cultist and Chosen","floor":30.0,"turns":3.0},{"damage":41.0,"enemies":"Colosseum Slavers","floor":31.0,"turns":3.0},{"damage":68.0,"enemies":"hubris:MusketHawk","floor":33.0,"turns":5.0},{"damage":51.0,"enemies":"3 Darklings","floor":35.0,"turns":5.0},{"damage":54.0,"enemies":"Orb Walker","floor":36.0,"turns":4.0},{"damage":58.0,"enemies":"Maw","floor":41.0,"turns":5.0},{"damage":64.0,"enemies":"Reptomancer","floor":42.0,"turns":4.0},{"damage":57.0,"enemies":"Spire Growth","floor":44.0,"turns":3.0},{"damage":39.0,"enemies":"4 Shapes","floor":46.0,"turns":3.0},{"damage":119,"enemies":"hubris:GrandSnecko","floor":50,"turns":6}],"seed_played":"-7903321983828298886","potions_obtained":[{"floor":7.0,"key":"BlessingOfTheForge"},{"floor":8.0,"key":"Dexterity Potion"},{"floor":16.0,"key":"Ancient Potion"},{"floor":18.0,"key":"Weak Potion"},{"floor":29.0,"key":"AttackPotion"},{"floor":35.0,"key":"AttackPotion"},{"floor":39.0,"key":"PowerPotion"},{"floor":39.0,"key":"BlessingOfTheForge"},{"floor":44.0,"key":"Adrenaline Potion"},{"floor":46.0,"key":"Milkshake"}],"is_trial":false,"path_per_floor":["M","?","?","?","M","R","E","M","T","R","?","$","E","$","R","B",null,"M","M","?","M","M","E","$","R","T","?","$","M","M","?","R","B",null,"M","M","$","?","?","R","M","E","T","M","R","M","R","$","R","B",null],"character_chosen":"SLIMEBOUND","items_purchased":["Slimebound:HungryTackle+1","MerchantsRug","Slimebound:LeadByExample","Slimebound:AcidTongue+1","Slimebound:OozeBath"],"campfire_rested":5,"item_purchase_floors":[12,14,24,37,48],"current_hp_per_floor":[60,60,60,60,49,49,40,41,48,48,48,48,51,51,51,75,75,66,74,74,69,54,31,31,53,53,53,53,43,59,54,54,64,83,78,52,52,52,52,76,75,35,35,18,40,33,55,55,75,27],"gold":15,"neow_bonus":"RANDOM_COMMON_RELIC","is_daily":false,"chose_seed":false,"campfire_upgraded":4,"win_rate":0.0,"timestamp":1609849759,"path_taken":["M","?","?","?","M","R","E","?","T","R","?","$","E","$","R","BOSS","M","M","?","M","M","E","$","R","T","?","?","?","M","?","R","BOSS","M","M","$","?","?","R","M","E","T","M","R","?","R","$","R","BOSS"],"items_purchased_type":["Card","Relic","Card","Card","Card"],"build_version":"2020-12-22","purchased_purges":1,"victory":true,"max_hp_per_floor":[60,60,60,60,60,60,60,60,67,67,67,67,75,75,75,75,75,75,75,75,75,75,75,75,75,75,75,75,75,75,75,75,75,83,83,83,83,83,83,83,75,75,75,75,75,75,75,75,75,75],"card_choices":[{"not_picked":["Slimebound:DivideAndConquer","Slimebound:Schlurp"],"picked":"Slimebound:MegaLick","floor":1.0},{"not_picked":["Slimebound:SplitLeeching","Slimebound:SlimeSpikes"],"picked":"Slimebound:LevelUp","floor":5.0},{"not_picked":["Slimebound:SplitAcid","Slimebound:LevelUp"],"picked":"Slimebound:SplitMire","floor":7.0},{"not_picked":["Slimebound:PressTheAttack","Slimebound:ViciousTackle"],"picked":"Slimebound:SplitBruiser","floor":8.0},{"not_picked":["Slimebound:SamplingLick","Slimebound:RollThrough"],"picked":"Slimebound:Gluttony","floor":13.0},{"not_picked":["Slimebound:LeechLife","Slimebound:Darklings"],"picked":"Slimebound:Recycling","floor":16.0},{"not_picked":[],"picked":"Slimebound:Recollect+1","floor":18.0},{"not_picked":["Slimebound:SlimeBrawl"],"picked":"SKIP","floor":19.0},{"not_picked":["Slimebound:RollThrough"],"picked":"SKIP","floor":21.0},{"not_picked":["Slimebound:Gluttony"],"picked":"SKIP","floor":22.0},{"not_picked":["Slimebound:DivideAndConquer"],"picked":"SKIP","floor":23.0},{"not_picked":["Slimebound:Gluttony"],"picked":"SKIP","floor":29.0},{"not_picked":["Slimebound:ServeAndProtect"],"picked":"SKIP","floor":30.0},{"not_picked":[],"picked":"Slimebound:Darklings","floor":33.0},{"not_picked":["Slimebound:DivideAndConquer"],"picked":"SKIP","floor":35.0},{"not_picked":[],"picked":"Slimebound:HauntingLick+1","floor":36.0},{"not_picked":[],"picked":"hubris:SpiceAddiction","floor":41.0},{"not_picked":["Slimebound:Darklings"],"picked":"SKIP","floor":42.0},{"not_picked":["Slimebound:Nibble"],"picked":"SKIP","floor":44.0},{"not_picked":[],"picked":"Slimebound:SplitAcid+1","floor":46.0}],"player_experience":567970,"relics_obtained":[{"floor":7.0,"key":"Nunchaku"},{"floor":9.0,"key":"Strawberry"},{"floor":13.0,"key":"hubris:Spice"},{"floor":23.0,"key":"hubris:SphereOfDissonance"},{"floor":26.0,"key":"Dead Branch"},{"floor":42.0,"key":"ReplayFunnel"},{"floor":43.0,"key":"hubris:BottledRain"}],"event_choices":[{"damage_healed":0.0,"max_hp_gain":0.0,"max_hp_loss":0.0,"gold_gain":0.0,"cards_transformed":["Slimebound:Strike_Slimebound"],"event_name":"Living Wall","player_choice":"Change","floor":3.0,"gold_loss":0.0,"damage_taken":0.0,"cards_obtained":["Slimebound:PrepareCrush"]},{"cards_removed":["Slimebound:Strike_Slimebound"],"damage_healed":0.0,"max_hp_gain":0.0,"max_hp_loss":0.0,"gold_gain":0.0,"event_name":"Purifier","player_choice":"Purged","floor":4.0,"gold_loss":0.0,"damage_taken":0.0},{"damage_healed":0.0,"max_hp_gain":0.0,"max_hp_loss":0.0,"gold_gain":99.0,"event_name":"Nest","player_choice":"Stole From Cult","floor":20.0,"gold_loss":0.0,"damage_taken":0.0},{"damage_healed":0.0,"max_hp_gain":0.0,"max_hp_loss":0.0,"gold_gain":0.0,"event_name":"Colosseum","player_choice":"Fight","floor":31.0,"gold_loss":0.0,"damage_taken":0.0},{"damage_healed":0.0,"max_hp_gain":0.0,"max_hp_loss":0.0,"gold_gain":0.0,"event_name":"Colosseum","player_choice":"Fled From Nobs","floor":31.0,"gold_loss":0.0,"damage_taken":0.0},{"damage_healed":0.0,"max_hp_gain":0.0,"max_hp_loss":0.0,"gold_gain":0.0,"event_name":"Lab","player_choice":"Got Potions","floor":39.0,"gold_loss":0.0,"damage_taken":0.0}],"is_beta":false,"boss_relics":[{"not_picked":["Abe\u0027s Treasure","Philosopher\u0027s Stone"],"picked":"Busted Crown"},{"not_picked":["hubris:VirtuousBlindfold","Fusion Hammer"],"picked":"hubris:Spice"}],"items_purged_floors":[24],"is_endless":false,"potions_floor_spawned":[7,8,16,18,29,31,35,44,46],"ascension_level":0}}