{"host":"8w54i48wcuneocjq","time":1609867802,"event":{"mods":["2.2 Compatiblity","AchievementEnabler","BaseMod","DeckTracker","Minty Spire (QoL Compilation)","Random Character Button","Rare Cards Sparkle"],"gold_per_floor":[115,85,97,109,119,119,119,130,153,163,163,181,181,216,216,319,369,382,382,382],"floor_reached":19,"playtime":951,"items_purged":[],"score":221,"play_id":"feee8bc7-00cf-4a42-947d-90753a61aab7","local_time":"20210105183002","is_ascension_mode":false,"campfire_choices":[{"floor":6,"key":"REST"},{"data":"Eruption","floor":11,"key":"SMITH"},{"data":"Consecrate","floor":13,"key":"SMITH"},{"data":"Prostrate","floor":15,"key":"SMITH"}],"circlet_count":0,"master_deck":["Strike_P","Strike_P","Strike_P","Strike_P","Defend_P","Defend_P","Defend_P","Eruption+1","Vigilance","Prostrate+1","Protect","Prostrate","Consecrate+1","CarveReality+1","Worship","CutThroughFate","Establishment","DeceiveReality","BattleHymn"],"relics":["PureWater","Dream Catcher","Lantern","Juzu Bracelet","Tiny House"],"acts_visited":["Exordium","TheCity"],"potions_floor_usage":[5,16,16,16],"damage_taken":[{"damage":0,"enemies":"2 Louse","floor":1,"turns":3},{"damage":3,"enemies":"Cultist","floor":3,"turns":6},{"damage":0,"enemies":"Small Slimes","floor":4,"turns":6},{"damage":15,"enemies":"Exordium Wildlife","floor":5,"turns":9},{"damage":0,"enemies":"Looter","floor":8,"turns":3},{"damage":0,"enemies":"Red Slaver","floor":10,"turns":4},{"damage":0,"enemies":"Lots of Slimes","floor":12,"turns":2},{"damage":5,"enemies":"Lagavulin","floor":14,"turns":7},{"damage":0,"enemies":"Slime Boss","floor":16,"turns":4},{"damage":23,"enemies":"3 Byrds","floor":18,"turns":7},{"damage":10,"enemies":"Spheric Guardian","floor":19,"turns":3}],"seed_played":"4178789669124934077","potions_obtained":[{"floor":1,"key":"StancePotion"},{"floor":2,"key":"Dexterity Potion"},{"floor":2,"key":"EntropicBrew"},{"floor":8,"key":"SkillPotion"}],"is_trial":false,"path_per_floor":["M","?","M","M","M","R","?","M","T","M","R","M","R","E","R","B",null,"M","M"],"character_chosen":"WATCHER","items_purchased":[],"campfire_rested":1,"item_purchase_floors":[],"current_hp_per_floor":[72,72,69,69,54,72,65,65,65,65,65,65,65,60,60,60,77,54,44,44],"gold":382,"neow_bonus":"RANDOM_COMMON_RELIC","is_daily":false,"chose_seed":false,"campfire_upgraded":3,"win_rate":0.0,"timestamp":1609867802,"path_taken":["M","?","M","?","?","R","?","M","T","M","R","M","R","E","R","BOSS","M","M"],"items_purchased_type":[],"build_version":"2020-12-22","purchased_purges":0,"victory":false,"max_hp_per_floor":[72,72,72,72,72,72,72,72,72,72,72,72,72,72,72,72,77,77,77,77],"card_choices":[{"not_picked":["TalkToTheHand","Halt"],"picked":"Prostrate","floor":1},{"not_picked":["CutThroughFate","EmptyBody"],"picked":"Protect","floor":3},{"not_picked":["Consecrate","SashWhip"],"picked":"Prostrate","floor":4},{"not_picked":["WaveOfTheHand","Study","PathToVictory"],"picked":"SKIP","floor":5},{"not_picked":["Meditate","EmptyBody"],"picked":"Consecrate","floor":6},{"not_picked":["WheelKick","MasterReality"],"picked":"CarveReality","floor":8},{"not_picked":["Nirvana","Consecrate","WreathOfFlame"],"picked":"SKIP","floor":10},{"not_picked":["FlyingSleeves","JustLucky"],"picked":"Worship","floor":12},{"not_picked":["SashWhip","EmptyBody"],"picked":"CutThroughFate","floor":14},{"not_picked":["Judgement","Ragnarok"],"picked":"Establishment","floor":16},{"not_picked":["Nirvana","CutThroughFate"],"picked":"DeceiveReality","floor":17},{"not_picked":["Halt","Wallop"],"picked":"BattleHymn","floor":18}],"player_experience":19674,"relics_obtained":[{"floor":9,"key":"Lantern"},{"floor":14,"key":"Juzu Bracelet"}],"event_choices":[{"damage_healed":0,"gold_gain":0,"player_choice":"Bought 2 Potions","damage_taken":0,"max_hp_gain":0,"max_hp_loss":0,"event_name":"The Woman in Blue","floor":2,"gold_loss":0},{"cards_removed":["Defend_P"],"damage_healed":0,"gold_gain":0,"player_choice":"Card Removal","damage_taken":7,"max_hp_gain":0,"max_hp_loss":0,"event_name":"Golden Wing","floor":7,"gold_loss":0}],"is_beta":false,"boss_relics":[{"not_picked":["Busted Crown","Coffee Dripper"],"picked":"Tiny House"}],"items_purged_floors":[],"is_endless":false,"potions_floor_spawned":[1,8,18],"killed_by":"Spheric Guardian","ascension_level":0}}