{"host":"7gewg82ormp6yt4e","time":1609854423,"event":{"mods":["BaseMod","Block Reminder","Colored Map","Colored Powertips","DeckTracker","Highlight Path","Minty Spire (QoL Compilation)","Relic Stats","StSLib","ojb\u0027s Info Mod"],"gold_per_floor":[111,211,49,66,83,117,117,142,166,197,212,212,41,51,51,124,124,135,135,135,135,135,135,154,154,154,170,170,185,205,218,218,296,296,311,22,33,33,33,59,59,91,117,129,129,0,0,26,26,26,26,26,26,4,37,37,37],"floor_reached":56,"playtime":4885,"items_purged":["Defend_B"],"score":1956,"play_id":"02e81a6e-c682-4dd2-9a95-b55263fed40a","local_time":"20210105224703","is_ascension_mode":true,"campfire_choices":[{"data":"Defragment","floor":7.0,"key":"SMITH"},{"floor":12.0,"key":"REST"},{"data":"Reinforced Body","floor":15.0,"key":"SMITH"},{"data":"Zap","floor":23.0,"key":"SMITH"},{"data":"Electrodynamics","floor":25.0,"key":"SMITH"},{"data":"Bite","floor":32.0,"key":"SMITH"},{"floor":41.0,"key":"RECALL"},{"data":"Turbo","floor":45.0,"key":"SMITH"},{"data":"Echo Form","floor":47.0,"key":"SMITH"},{"data":"Creative AI","floor":49.0,"key":"SMITH"},{"data":"Loop","floor":53.0,"key":"SMITH"}],"circlet_count":0,"master_deck":["AscendersBane","Defend_B","Defend_B","Defend_B","Zap+1","Dualcast","Electrodynamics+1","Defragment+1","Turbo+1","Skim","Core Surge","Reinforced Body+1","Glacier","Glacier","White Noise","Echo Form+1","Redo+1","Machine Learning","Auto Shields","Bite+1","Bite","Bite","Bite","Bite","Doubt","Recycle+1","Reinforced Body+1","Conserve Battery+1","Multi-Cast+1","Doom and Gloom+1","Capacitor+1","Darkness+1","Darkness+1","Madness+1","Madness+1","Hologram+1","Decay","Apotheosis+1","Loop+1","Creative AI+1","Recycle+1","Chill+1"],"relics":["Cracked Core","Chemical X","Toy Ornithopter","Ancient Tea Set","MealTicket","Potion Belt","Cursed Key","Enchiridion","Toxic Egg 2","Runic Pyramid","Membership Card","Gambling Chip","Boot","Bag of Preparation","Darkstone Periapt","Centennial Puzzle"],"acts_visited":["Exordium","TheCity","TheBeyond","TheEnding"],"potions_floor_usage":[],"damage_taken":[{"damage":1.0,"enemies":"Cultist","floor":1.0,"turns":3.0},{"damage":0.0,"enemies":"Small Slimes","floor":4.0,"turns":2.0},{"damage":2.0,"enemies":"Jaw Worm","floor":5.0,"turns":3.0},{"damage":10.0,"enemies":"3 Sentries","floor":6.0,"turns":3.0},{"damage":15.0,"enemies":"Lagavulin","floor":8.0,"turns":6.0},{"damage":10.0,"enemies":"3 Sentries","floor":10.0,"turns":4.0},{"damage":0.0,"enemies":"Looter","floor":11.0,"turns":2.0},{"damage":0.0,"enemies":"3 Louse","floor":14.0,"turns":3.0},{"damage":15.0,"enemies":"The Guardian","floor":16.0,"turns":16.0},{"damage":22.0,"enemies":"3 Byrds","floor":18.0,"turns":3.0},{"damage":2.0,"enemies":"Chosen","floor":24.0,"turns":4.0},{"damage":40.0,"enemies":"Shelled Parasite and Fungi","floor":27.0,"turns":7.0},{"damage":19.0,"enemies":"Snake Plant","floor":29.0,"turns":5.0},{"damage":10.0,"enemies":"Snecko","floor":30.0,"turns":6.0},{"damage":0.0,"enemies":"Sentry and Sphere","floor":31.0,"turns":4.0},{"damage":50.0,"enemies":"Automaton","floor":33.0,"turns":13.0},{"damage":0.0,"enemies":"3 Shapes","floor":35.0,"turns":2.0},{"damage":0.0,"enemies":"Orb Walker","floor":37.0,"turns":5.0},{"damage":35.0,"enemies":"Giant Head","floor":40.0,"turns":11.0},{"damage":0.0,"enemies":"Reptomancer","floor":42.0,"turns":5.0},{"damage":2.0,"enemies":"3 Darklings","floor":44.0,"turns":3.0},{"damage":43.0,"enemies":"Nemesis","floor":48.0,"turns":13.0},{"damage":6.0,"enemies":"Donu and Deca","floor":50.0,"turns":8.0},{"damage":28.0,"enemies":"Time Eater","floor":51.0,"turns":14.0},{"damage":31,"enemies":"Shield and Spear","floor":55,"turns":7},{"damage":54,"enemies":"The Heart","floor":56,"turns":9}],"seed_played":"7746987774158430481","potions_obtained":[{"floor":4.0,"key":"Fruit Juice"},{"floor":5.0,"key":"DistilledChaos"},{"floor":8.0,"key":"Fire Potion"},{"floor":10.0,"key":"Energy Potion"},{"floor":18.0,"key":"AttackPotion"},{"floor":24.0,"key":"Ancient Potion"},{"floor":29.0,"key":"Explosive Potion"},{"floor":31.0,"key":"SteroidPotion"},{"floor":37.0,"key":"ColorlessPotion"},{"floor":40.0,"key":"Regen Potion"}],"is_trial":false,"path_per_floor":["M","?","$","M","M","E","R","E","T","E","M","R","$","M","R","B",null,"M","?","?","$","?","R","M","R","T","M","?","M","M","M","R","B",null,"M","$","M","?","?","E","R","E","T","M","R","$","R","E","R","B","B",null,"R","$","E","B"],"character_chosen":"DEFECT","items_purchased":["Chemical X","Potion Belt","Membership Card","Capacitor","Darkness+1","Apotheosis+1","Loop","Recycle+1"],"campfire_rested":1,"item_purchase_floors":[3,13,36,36,36,46,46,54],"current_hp_per_floor":[63,63,63,63,61,51,51,36,36,31,31,63,76,76,76,61,72,50,50,29,44,44,44,50,50,50,47,47,44,50,53,53,34,48,48,53,53,43,43,33,33,53,53,53,53,53,53,53,53,53,43,51,51,53,36,0,0],"gold":37,"neow_bonus":"ONE_RANDOM_RARE_CARD","is_daily":false,"chose_seed":false,"campfire_upgraded":9,"win_rate":0.0,"timestamp":1609854423,"path_taken":["M","?","$","M","M","E","R","E","T","E","?","R","$","M","R","BOSS","M","?","?","?","?","R","M","R","T","M","?","?","M","M","R","BOSS","M","$","M","?","?","E","R","E","T","?","R","$","R","E","R","BOSS","BOSS","R","$","E","BOSS"],"items_purchased_type":["Relic","Relic","Relic","Card","Card","Card","Card","Card"],"build_version":"2020-12-22","purchased_purges":1,"victory":false,"max_hp_per_floor":[71,71,71,71,71,71,71,71,71,71,71,76,76,76,76,76,76,76,76,76,76,53,53,53,53,53,53,53,53,53,53,53,53,53,53,53,53,53,53,53,53,53,53,53,53,53,53,53,53,53,53,53,53,53,53,53,53],"relic_stats":{"Darkstone Periapt":0,"Centennial Puzzle":[3],"counters":[26,161],"Gambling Chip":[23],"MealTicket":35,"Bag of Preparation":[12],"Chemical X":[56],"Cursed Key":2,"Boot":[0],"obtain_stats":[{"Potion Belt":13,"Darkstone Periapt":48,"Enchiridion":20,"Bag of Preparation":43,"Ancient Tea Set":8,"Cursed Key":17,"Boot":42,"Centennial Puzzle":55,"Gambling Chip":40,"MealTicket":10,"Chemical X":3,"Membership Card":36,"Toxic Egg 2":26,"Cracked Core":0,"Toy Ornithopter":6,"Runic Pyramid":34},{"Potion Belt":7,"Darkstone Periapt":22,"Enchiridion":10,"Bag of Preparation":20,"Ancient Tea Set":5,"Cursed Key":9,"Boot":20,"Centennial Puzzle":25,"Gambling Chip":19,"MealTicket":6,"Chemical X":1,"Membership Card":17,"Toxic Egg 2":11,"Cracked Core":0,"Toy Ornithopter":4,"Runic Pyramid":16},{"Potion Belt":23,"Darkstone Periapt":123,"Enchiridion":45,"Bag of Preparation":107,"Ancient Tea Set":17,"Cursed Key":42,"Boot":107,"Centennial Puzzle":152,"Gambling Chip":102,"MealTicket":21,"Chemical X":3,"Membership Card":86,"Toxic Egg 2":49,"Cracked Core":0,"Toy Ornithopter":11,"Runic Pyramid":84}],"Toy Ornithopter":38},"card_choices":[{"not_picked":["Compile Driver","Reprogram"],"picked":"Defragment","floor":1.0},{"not_picked":["Rebound","Heatsinks"],"picked":"Turbo","floor":4.0},{"not_picked":["Coolheaded","Chaos"],"picked":"Skim","floor":5.0},{"not_picked":["Coolheaded","Ball Lightning"],"picked":"Core Surge","floor":6.0},{"not_picked":["Stack","Cold Snap"],"picked":"Reinforced Body","floor":8.0},{"not_picked":["Beam Cell","Gash"],"picked":"Glacier","floor":10.0},{"not_picked":["Beam Cell","Undo"],"picked":"Glacier","floor":11.0},{"not_picked":["Gash","Rebound"],"picked":"White Noise","floor":14.0},{"not_picked":["Hyperbeam","Buffer"],"picked":"Echo Form","floor":16.0},{"not_picked":["Beam Cell","Storm+1"],"picked":"Redo+1","floor":18.0},{"not_picked":["Fusion","Conserve Battery","BootSequence"],"picked":"SKIP","floor":24.0},{"not_picked":["Fusion","Conserve Battery","BootSequence"],"picked":"SKIP","floor":24.0},{"not_picked":["Consume+1","Ball Lightning"],"picked":"Recycle+1","floor":27.0},{"not_picked":["Heatsinks","Steam+1","Static Discharge"],"picked":"SKIP","floor":29.0},{"not_picked":["Auto Shields+1","Gash"],"picked":"Conserve Battery+1","floor":30.0},{"not_picked":["Beam Cell","Barrage","Conserve Battery+1"],"picked":"SKIP","floor":31.0},{"not_picked":["Echo Form","Rainbow+1"],"picked":"Multi-Cast+1","floor":33.0},{"not_picked":["Leap+1","Coolheaded+1"],"picked":"Doom and Gloom+1","floor":35.0},{"not_picked":["Coolheaded+1","Compile Driver+1"],"picked":"Darkness+1","floor":37.0},{"not_picked":["Cold Snap","Skim+1"],"picked":"Hologram+1","floor":40.0},{"not_picked":["Steam+1","Stack+1","Steam Power+1"],"picked":"SKIP","floor":42.0},{"not_picked":["Heatsinks","Scrape","Hello World"],"picked":"SKIP","floor":44.0},{"not_picked":["Fusion+1","Scrape+1"],"picked":"Creative AI","floor":48.0},{"not_picked":["Beam Cell","Skim+1"],"picked":"Chill+1","floor":55}],"player_experience":2470453,"relics_obtained":[{"floor":6.0,"key":"Toy Ornithopter"},{"floor":8.0,"key":"Ancient Tea Set"},{"floor":10.0,"key":"MealTicket"},{"floor":20.0,"key":"Enchiridion"},{"floor":26.0,"key":"Toxic Egg 2"},{"floor":40.0,"key":"Gambling Chip"},{"floor":42.0,"key":"Boot"},{"floor":43.0,"key":"Bag of Preparation"},{"floor":48.0,"key":"Darkstone Periapt"},{"floor":55,"key":"Centennial Puzzle"}],"event_choices":[{"damage_healed":0.0,"max_hp_gain":0.0,"max_hp_loss":0.0,"gold_gain":100.0,"event_name":"Wheel of Change","player_choice":"Gold","floor":2.0,"gold_loss":0.0,"damage_taken":0.0},{"damage_healed":0.0,"max_hp_gain":0.0,"max_hp_loss":0.0,"gold_gain":0.0,"cards_transformed":["Strike_B","Strike_B"],"event_name":"Drug Dealer","player_choice":"Became Test Subject","floor":19.0,"gold_loss":0.0,"damage_taken":0.0,"cards_obtained":["Machine Learning","Auto Shields"]},{"damage_healed":0.0,"max_hp_gain":0.0,"max_hp_loss":0.0,"gold_gain":0.0,"event_name":"Cursed Tome","player_choice":"Obtained Book","floor":20.0,"gold_loss":0.0,"damage_taken":21.0},{"damage_healed":0.0,"max_hp_gain":0.0,"max_hp_loss":23.0,"gold_gain":0.0,"event_name":"Vampires","player_choice":"Became a vampire","floor":22.0,"gold_loss":0.0,"damage_taken":0.0,"cards_obtained":["Bite","Bite","Bite","Bite","Bite"]},{"damage_healed":0.0,"max_hp_gain":0.0,"max_hp_loss":0.0,"gold_gain":0.0,"event_name":"The Library","player_choice":"Read","floor":28.0,"gold_loss":0.0,"damage_taken":0.0,"cards_obtained":["Reinforced Body"]},{"damage_healed":0.0,"max_hp_gain":0.0,"max_hp_loss":0.0,"gold_gain":0.0,"event_name":"Winding Halls","player_choice":"Embrace Madness","floor":38.0,"gold_loss":0.0,"damage_taken":10.0,"cards_obtained":["Madness","Madness"]},{"damage_healed":0.0,"max_hp_gain":0.0,"max_hp_loss":0.0,"gold_gain":0.0,"event_name":"Upgrade Shrine","player_choice":"Upgraded","floor":39.0,"gold_loss":0.0,"damage_taken":0.0,"cards_upgraded":["Capacitor"]}],"is_beta":false,"boss_relics":[{"not_picked":["Sozu","Velvet Choker"],"picked":"Cursed Key"},{"not_picked":["Tiny House","Black Star"],"picked":"Runic Pyramid"}],"items_purged_floors":[36],"is_endless":false,"potions_floor_spawned":[4,5,8,10,18,24,29,31,37,40],"killed_by":"The Heart","ascension_level":20}}