{"host":"78zdngn0u28jm0pp","time":1609818160,"event":{"mods":["BaseMod","Jorbs\u0027s Wanderer Trilogy","Minty Spire (QoL Compilation)","Permanent Neow","Quick Restart","Relic Stats","StSLib","Unceasing Turn Reminder"],"gold_per_floor":[115,115,193,208,226,226,238,269,269,284,284,284,224,299,299,299,299],"floor_reached":16,"playtime":427,"items_purged":["Strike_G"],"score":250,"play_id":"f320c650-bab7-439d-9adb-e7d8bdc5e10e","local_time":"20210104204240","is_ascension_mode":true,"campfire_choices":[{"data":"Neutralize","floor":6.0,"key":"SMITH"},{"data":"Blade Dance","floor":12,"key":"SMITH"},{"data":"Dagger Throw","floor":15,"key":"SMITH"}],"circlet_count":0,"master_deck":["AscendersBane","Strike_G","Strike_G","Strike_G","Defend_G","Defend_G","Defend_G","Defend_G","Defend_G","Survivor","Neutralize+1","Blade Dance+1","Dagger Throw+1","Backstab","Slice","Backstab"],"relics":["Ring of the Snake","Ninja Scroll","Ancient Tea Set","Toy Ornithopter","The Courier"],"acts_visited":["Exordium"],"potions_floor_usage":[8,8,16],"damage_taken":[{"damage":0.0,"enemies":"2 Louse","floor":1.0,"turns":5.0},{"damage":0.0,"enemies":"Jaw Worm","floor":4.0,"turns":3.0},{"damage":0.0,"enemies":"Cultist","floor":5.0,"turns":2.0},{"damage":3,"enemies":"Large Slime","floor":7,"turns":6},{"damage":0,"enemies":"Gremlin Nob","floor":8,"turns":2},{"damage":0,"enemies":"2 Fungi Beasts","floor":10,"turns":2},{"damage":28,"enemies":"Hexaghost","floor":16,"turns":10}],"seed_played":"8301928852450815717","potions_obtained":[{"floor":0.0,"key":"Fruit Juice"},{"floor":0.0,"key":"Poison Potion"},{"floor":5.0,"key":"SpeedPotion"},{"floor":7,"key":"AttackPotion"},{"floor":8,"key":"Weak Potion"}],"is_trial":false,"path_per_floor":["M","?","T","M","M","R","M","E","T","M","?","R","$","?","R","B"],"character_chosen":"THE_SILENT","items_purchased":[],"campfire_rested":0,"item_purchase_floors":[],"current_hp_per_floor":[64,57,57,57,57,57,54,54,54,54,49,49,49,38,38,15,15],"gold":299,"neow_bonus":"THREE_SMALL_POTIONS","is_daily":false,"chose_seed":false,"campfire_upgraded":3,"win_rate":0.0,"timestamp":1609818160,"path_taken":["M","?","?","M","?","R","M","E","T","M","?","R","$","?","R","BOSS"],"items_purchased_type":[],"build_version":"2020-12-22","purchased_purges":1,"victory":false,"max_hp_per_floor":[71,71,71,71,71,71,71,71,71,71,71,71,71,71,71,71,71],"relic_stats":{"counters":[7,30],"obtain_stats":[{"Ninja Scroll":3,"The Courier":11,"Ancient Tea Set":8,"Toy Ornithopter":9,"Ring of the Snake":0},{"Ninja Scroll":1,"The Courier":6,"Ancient Tea Set":5,"Toy Ornithopter":5,"Ring of the Snake":0},{"Ninja Scroll":5,"The Courier":20,"Ancient Tea Set":18,"Toy Ornithopter":18,"Ring of the Snake":0}],"Toy Ornithopter":5,"Ring of the Snake":[14]},"card_choices":[{"not_picked":["Distraction","Caltrops"],"picked":"Blade Dance","floor":1.0},{"not_picked":["Predator","Outmaneuver"],"picked":"Dagger Throw","floor":4.0},{"not_picked":["Escape Plan","Flying Knee"],"picked":"Backstab","floor":5.0},{"not_picked":["Deflect","Dagger Throw"],"picked":"Slice","floor":7},{"not_picked":["Prepared","Skewer"],"picked":"Backstab","floor":8},{"not_picked":["Outmaneuver","Predator","Accuracy"],"picked":"SKIP","floor":10}],"player_experience":752059,"relics_obtained":[{"floor":3.0,"key":"Ninja Scroll"},{"floor":8,"key":"Ancient Tea Set"},{"floor":9,"key":"Toy Ornithopter"}],"event_choices":[{"cards_removed":["Strike_G"],"damage_healed":0.0,"max_hp_gain":0.0,"max_hp_loss":0.0,"gold_gain":0.0,"event_name":"Golden Wing","player_choice":"Card Removal","floor":2.0,"gold_loss":0.0,"damage_taken":7.0},{"damage_healed":0,"gold_gain":0,"player_choice":"Success","damage_taken":5,"relics_obtained":["The Courier"],"max_hp_gain":0,"max_hp_loss":0,"event_name":"Scrap Ooze","floor":11,"gold_loss":0},{"damage_healed":0,"gold_gain":75,"player_choice":"Gather Gold","damage_taken":11,"max_hp_gain":0,"max_hp_loss":0,"event_name":"World of Goop","floor":14,"gold_loss":0}],"is_beta":false,"boss_relics":[],"items_purged_floors":[13],"is_endless":false,"potions_floor_spawned":[5,7,8],"killed_by":"Hexaghost","ascension_level":20}}