{"host":"6qo42zgaknezulyg","time":1609855761,"event":{"mods":["2.2 Compatiblity","BaseMod","Colored Map","Downfall","Keyboard Shortcuts","Minty Spire (QoL Compilation)","Permanent Neow","Quick Restart","StSLib","SuperFastMode"],"gold_per_floor":[99,119,135,135,150,150,177,177,193,226,226,257,257,257,273,369,369,369,389,405,405,125,225,225,239,239,249,249,249,261,271,284,385,385,385,401,401,138,150,150,176,195,195,30,30,20,20,20,38,38],"floor_reached":51,"playtime":2764,"items_purged":["bronze:Strike","Normality","Writhe"],"score":962,"play_id":"89d1ada4-aa7f-4dd6-a5b6-381e3263eb5c","local_time":"20210105230921","is_ascension_mode":true,"campfire_choices":[{"floor":1.0,"key":"REST"},{"data":"bronze:InfiniteBeams","floor":6.0,"key":"SMITH"},{"floor":11.0,"key":"REST"},{"data":"bronze:SpaghettiCode","floor":18.0,"key":"SMITH"},{"floor":26.0,"key":"REST"},{"data":"bronze:DonuBeam","floor":28.0,"key":"SMITH"},{"data":"bronze:Format","floor":35.0,"key":"SMITH"},{"floor":40.0,"key":"REST"},{"floor":43,"key":"REST"},{"data":"bronze:Library","floor":45,"key":"SMITH"}],"circlet_count":0,"master_deck":["bronze:Defend","bronze:Defend","bronze:Defend","bronze:Defend","bronze:Replicate","bronze:Goto","bronze:InfiniteBeams+1","bronze:CloningBeam","bronze:ForceShield","bronze:Return","bronze:ChildClass","bronze:TinkerersToolbox","bronze:WhirlingStrike","bronze:ForLoop","bronze:SpaghettiCode+1","bronze:FollowUp","bronze:Boost","bronze:Boost","bronze:DonuBeam+1","bronze:Branch","bronze:ChildClass","Clumsy","Decay","bronze:Frontload+1","bronze:Format+1","bronze:Frontload+1","bronze:Format","bronze:Repair+1","bronze:Library+1","bronze:Branch+1","bronze:Boost+1","bronze:Flail+1","bronze:ChildClass","bronze:ChildClass+1"],"relics":["bronze:BronzeCore","bronze:Mallet","MealTicket","Boot","Vajra","bronze:ElectromagneticCoil","Dream Catcher","HornCleat","Cursed Key","Runic Dome","Orrery","Omamori","sneckomod:BlankCard","Orichalcum"],"acts_visited":["Exordium","TheCity","TheBeyond"],"potions_floor_usage":[50,50],"damage_taken":[{"damage":0.0,"enemies":"Small Slimes","floor":2.0,"turns":3.0},{"damage":3.0,"enemies":"Jaw Worm","floor":3.0,"turns":4.0},{"damage":8.0,"enemies":"2 Louse","floor":5.0,"turns":3.0},{"damage":6.0,"enemies":"Blue Slaver","floor":9.0,"turns":3.0},{"damage":20.0,"enemies":"3 Sentries","floor":10.0,"turns":9.0},{"damage":7.0,"enemies":"Lagavulin","floor":12.0,"turns":6.0},{"damage":0.0,"enemies":"Lots of Slimes","floor":15.0,"turns":2.0},{"damage":27.0,"enemies":"downfall:Ironclad","floor":16.0,"turns":7.0},{"damage":2.0,"enemies":"3 Byrds","floor":19.0,"turns":5.0},{"damage":18.0,"enemies":"Snecko","floor":20.0,"turns":5.0},{"damage":0.0,"enemies":"downfall:FleeingMerchant","floor":22.0,"turns":4.0},{"damage":13.0,"enemies":"downfall:FleeingMerchant","floor":23.0,"turns":6.0},{"damage":0.0,"enemies":"Chosen and Byrds","floor":25.0,"turns":1.0},{"damage":0.0,"enemies":"Centurion and Healer","floor":27.0,"turns":4.0},{"damage":1.0,"enemies":"Snake Plant","floor":30.0,"turns":4.0},{"damage":5.0,"enemies":"3 Cultists","floor":31.0,"turns":4.0},{"damage":2.0,"enemies":"Centurion and Healer","floor":32.0,"turns":8.0},{"damage":47.0,"enemies":"downfall:Defect","floor":33.0,"turns":8.0},{"damage":24.0,"enemies":"3 Darklings","floor":36.0,"turns":6.0},{"damage":0.0,"enemies":"downfall:FleeingMerchant","floor":38.0,"turns":4.0},{"damage":4.0,"enemies":"3 Shapes","floor":39.0,"turns":3.0},{"damage":29,"enemies":"Sphere and 2 Shapes","floor":42,"turns":6},{"damage":0,"enemies":"downfall:FleeingMerchant","floor":44,"turns":4},{"damage":0,"enemies":"downfall:FleeingMerchant","floor":46,"turns":2},{"damage":3,"enemies":"Jaw Worm Horde","floor":49,"turns":3},{"damage":4,"enemies":"downfall:Silent","floor":50,"turns":6}],"seed_played":"-1738141810539503598","potions_obtained":[{"floor":2.0,"key":"Weak Potion"},{"floor":5.0,"key":"Regen Potion"},{"floor":9.0,"key":"Energy Potion"},{"floor":12.0,"key":"EntropicBrew"},{"floor":19.0,"key":"Weak Potion"},{"floor":21.0,"key":"CultistPotion"},{"floor":25.0,"key":"CultistPotion"},{"floor":36.0,"key":"Energy Potion"}],"is_trial":false,"path_per_floor":["R","M","M","?","M","R","T","?","M","E","R","E","?","?","M","B",null,"R","M","M","?","$","?","T","M","R","M","R","?","M","M","M","B",null,"R","M","?","$","M","R","T","M","R","?","R","$","?","?","M","B",null],"character_chosen":"THE_AUTOMATON","items_purchased":["bronze:Boost","Dream Catcher","Orrery","sneckomod:BlankCard","bronze:Frontload","bronze:ChildClass","Orichalcum"],"campfire_rested":5,"item_purchase_floors":[22,22,38,44,46,46,46],"current_hp_per_floor":[66,66,63,60,52,52,52,52,46,41,62,55,55,55,55,28,60,60,58,40,40,55,42,42,42,63,63,63,63,62,57,55,8,55,55,31,31,46,52,70,70,51,70,70,70,70,70,70,70,70],"gold":38,"neow_bonus":"REMOVE_TWO","is_daily":false,"chose_seed":false,"campfire_upgraded":5,"win_rate":0.0,"timestamp":1609855761,"path_taken":["R","M","M","?","M","R","T","?","M","E","R","E","?","?","M","BOSS","R","M","M","?","$","?","T","M","R","M","R","?","M","M","M","BOSS","R","M","?","$","M","R","T","?","R","?","R","$","?","?","M","BOSS"],"items_purchased_type":["Card","Relic","Relic","Relic","Card","Card","Relic"],"build_version":"2020-12-22","purchased_purges":3,"victory":true,"max_hp_per_floor":[70,70,70,70,70,70,70,70,70,70,70,70,70,70,70,70,70,70,70,70,70,70,70,70,70,70,70,70,70,70,70,70,70,70,70,70,70,70,70,70,70,70,70,70,70,70,70,70,70,70],"card_choices":[{"not_picked":["bronze:Philosophize","bronze:BitShift"],"picked":"bronze:InfiniteBeams","floor":2.0},{"not_picked":["bronze:Shell","bronze:Turbo"],"picked":"bronze:CloningBeam","floor":3.0},{"not_picked":["bronze:Refactor","bronze:Shield"],"picked":"bronze:ForceShield","floor":5.0},{"not_picked":["bronze:Overheat","bronze:BuggyMess"],"picked":"bronze:Return","floor":9.0},{"not_picked":["bronze:ForLoop","bronze:CloningBeam"],"picked":"bronze:ChildClass","floor":10.0},{"not_picked":["bronze:Overheat","bronze:Branch"],"picked":"bronze:TinkerersToolbox","floor":12.0},{"not_picked":["bronze:WildBeam","bronze:CutThrough"],"picked":"bronze:ForLoop","floor":15.0},{"not_picked":["bronze:AlphaBuild","bronze:Hardcode"],"picked":"bronze:SpaghettiCode","floor":16.0},{"not_picked":["bronze:DarkDash+1","bronze:BronzeArmor"],"picked":"bronze:FollowUp","floor":19.0},{"not_picked":["bronze:BugBarrage+1","bronze:FollowUp"],"picked":"bronze:Boost","floor":20.0},{"not_picked":["bronze:ChosenStrike","bronze:BitShift+1","bronze:DelayedSlice"],"picked":"SKIP","floor":22.0},{"not_picked":[],"picked":"bronze:DonuBeam","floor":23.0},{"not_picked":["bronze:ClassDefault","bronze:CutThrough"],"picked":"bronze:Branch","floor":23.0},{"not_picked":["bronze:Branch","bronze:Safeguard","bronze:BitShift+1"],"picked":"SKIP","floor":25.0},{"not_picked":["bronze:Shell","bronze:InfiniteBeams"],"picked":"bronze:ChildClass","floor":27.0},{"not_picked":["bronze:WhirlingStrike+1","bronze:Constructor","bronze:DelayedSlice"],"picked":"SKIP","floor":30.0},{"not_picked":["bronze:CutThrough","bronze:BugBarrage"],"picked":"bronze:Frontload+1","floor":31.0},{"not_picked":["bronze:Invalidate","bronze:BronzeOrb","bronze:RecursiveStrike"],"picked":"SKIP","floor":32.0},{"not_picked":["bronze:Mutator","bronze:HardenedForm"],"picked":"bronze:Format","floor":33.0},{"not_picked":["bronze:Invalidate+1","bronze:Backtrace+1"],"picked":"bronze:Frontload+1","floor":36.0},{"not_picked":["bronze:Deprecate","bronze:Return","bronze:Constructor+1"],"picked":"SKIP","floor":38.0},{"not_picked":["bronze:BuggyMess","bronze:Terminator+1"],"picked":"bronze:Format","floor":38.0},{"not_picked":["bronze:Constructor","bronze:Branch"],"picked":"bronze:Repair+1","floor":38.0},{"not_picked":["bronze:ChildClass+1","bronze:OilSpill+1"],"picked":"bronze:Library","floor":38.0},{"not_picked":["bronze:Repulsor+1","bronze:Deprecate"],"picked":"bronze:Branch+1","floor":38.0},{"not_picked":["bronze:DelayedGuard","bronze:ChosenStrike"],"picked":"bronze:Boost+1","floor":39.0},{"not_picked":["bronze:FineTuning","bronze:Iterate+1","bronze:Deprecate"],"picked":"SKIP","floor":42},{"not_picked":["bronze:DelayedSlice","bronze:DelayedGuard+1"],"picked":"bronze:Flail+1","floor":44},{"not_picked":["bronze:Constructor","bronze:AlphaBuild","bronze:BugBarrage"],"picked":"SKIP","floor":46},{"not_picked":["bronze:Invalidate+1","bronze:Shield"],"picked":"bronze:ChildClass+1","floor":49}],"player_experience":1108270,"relics_obtained":[{"floor":7.0,"key":"MealTicket"},{"floor":10.0,"key":"Boot"},{"floor":12.0,"key":"Vajra"},{"floor":24.0,"key":"HornCleat"},{"floor":41.0,"key":"Omamori"}],"event_choices":[{"damage_healed":0.0,"max_hp_gain":0.0,"max_hp_loss":0.0,"gold_gain":0.0,"event_name":"Scrap Ooze","player_choice":"Success","floor":4.0,"gold_loss":0.0,"damage_taken":3.0,"relics_obtained":["bronze:Mallet"]},{"cards_removed":["Normality"],"damage_healed":0.0,"max_hp_gain":0.0,"max_hp_loss":0.0,"gold_gain":0.0,"event_name":"Wheel of Change","player_choice":"Card Removal","floor":37.0,"gold_loss":0.0,"damage_taken":0.0},{"cards_removed":["bronze:Frontload"],"damage_healed":0,"gold_gain":0,"player_choice":"Removed Skill","damage_taken":0,"max_hp_gain":0,"max_hp_loss":0,"event_name":"Falling","floor":47,"gold_loss":0},{"damage_healed":0,"gold_gain":0,"player_choice":"Ignored","damage_taken":0,"max_hp_gain":0,"max_hp_loss":0,"event_name":"Mysterious Sphere","floor":48,"gold_loss":0}],"is_beta":false,"boss_relics":[{"not_picked":["Empty Cage","Tiny House"],"picked":"bronze:ElectromagneticCoil"},{"not_picked":["Velvet Choker","Astrolabe"],"picked":"Runic Dome"}],"items_purged_floors":[22,38,46],"is_endless":false,"potions_floor_spawned":[2,5,9,12,15,19,25,27,30,32,36,39,42],"ascension_level":7}}