{"host":"6jxiafzta1a1kcvk","time":1609837097,"event":{"mods":["Act Like it!","BaseMod","Conspire","Hubris","Jorbs\u0027s Wanderer Trilogy","Minty Spire (QoL Compilation)","Replay The Spire","SIMod","Spicy Shops","StSLib","SuperFastMode","The Hayseed","The Mystic","vexMod"],"gold_per_floor":[118,118,118,130,144,144,172,172,172,198,213,230,250,350,350,452,452,467,486,131,131,131,159,159,177,177,187,187,187,200,219,219,219,219],"floor_reached":33,"playtime":1472,"items_purged":["Defend_TS","Strike_AJ"],"score":279,"play_id":"9f1c3862-1dd6-464f-b4b7-93bdeb995680","local_time":"20210105165817","is_ascension_mode":false,"campfire_choices":[{"floor":6,"key":"REST"},{"floor":8,"key":"REST"},{"floor":15,"key":"REST"},{"floor":24,"key":"REST"},{"floor":28,"key":"REST"},{"floor":32,"key":"REST"}],"circlet_count":0,"master_deck":["Strike_RR","Strike_RD","Defend_PP+1","Defend_FS+1","Defend_AJ","ConcertedEfforts","HarmonyShield","Tornado","Perfectionism","RushToSky+1","RushToSky","GemstoneDetection","RunningOfTheLeaves","SwiftKick","Smile","TakeTheLead","SonicRainbow+1","TasteRainbow+1","FarmExpert+1","FarmExpert+1","MessyAndOrderly+1"],"relics":["The_element_of_harmony","conspire:Boomerang","Replay:Wax Seal","ReplayTheSpireMod:TigerMarble","Black Star","vexMod:PaidLearning","GypsyBard","Turnip","Pondfish Scales"],"acts_visited":["Exordium","TheCity"],"potions_floor_usage":[16,23,33,33,33],"damage_taken":[{"damage":1,"enemies":"Cultist","floor":1,"turns":3},{"damage":1,"enemies":"2 Louse","floor":4,"turns":3},{"damage":0,"enemies":"conspire:RoseBush","floor":5,"turns":2},{"damage":28,"enemies":"3 Sentries","floor":7,"turns":5},{"damage":31,"enemies":"Lagavulin","floor":10,"turns":5},{"damage":3,"enemies":"Exordium Wildlife","floor":11,"turns":2},{"damage":8,"enemies":"Exordium Thugs","floor":12,"turns":4},{"damage":2,"enemies":"Large Slime","floor":13,"turns":4},{"damage":40,"enemies":"Hexaghost","floor":16,"turns":9},{"damage":0,"enemies":"Spheric Guardian","floor":18,"turns":2},{"damage":0,"enemies":"3 Byrds","floor":19,"turns":3},{"damage":54,"enemies":"Book of Stabbing","floor":23,"turns":5},{"damage":1,"enemies":"Centurion and Healer","floor":25,"turns":6},{"damage":23,"enemies":"Sentry and Sphere","floor":27,"turns":4},{"damage":12,"enemies":"Snake Plant","floor":30,"turns":4},{"damage":0,"enemies":"Snecko","floor":31,"turns":3},{"damage":70,"enemies":"hubris:MusketHawk","floor":33,"turns":6}],"seed_played":"-5985813048217165336","potions_obtained":[{"floor":1,"key":"SpeedPotion"},{"floor":10,"key":"Death Potion"},{"floor":11,"key":"Venom Potion"},{"floor":18,"key":"Weak Potion"},{"floor":25,"key":"Swift Potion"}],"is_trial":false,"path_per_floor":["M","?","?","M","M","R","E","R","T","E","M","M","M","?","R","B",null,"M","M","$","?","?","E","R","M","T","M","R","?","M","M","R","B"],"character_chosen":"TWI_CLASS","items_purchased":["vexMod:PaidLearning","MessyAndOrderly+1"],"campfire_rested":6,"item_purchase_floors":[20,20],"current_hp_per_floor":[73,58,58,57,57,74,46,68,68,37,34,26,24,24,46,6,74,74,74,74,74,60,6,29,28,28,5,28,28,16,16,39,0,0],"gold":219,"neow_bonus":"ONE_RARE_RELIC","is_daily":false,"chose_seed":false,"campfire_upgraded":0,"win_rate":0.0,"timestamp":1609837097,"path_taken":["M","?","?","M","M","R","E","R","T","E","M","?","M","?","R","BOSS","M","M","$","?","?","E","R","M","T","M","R","?","?","M","R","BOSS"],"items_purchased_type":["Relic","Card"],"build_version":"2020-12-22","purchased_purges":2,"victory":false,"max_hp_per_floor":[74,74,74,74,74,74,74,74,74,74,74,74,74,74,74,74,74,74,74,74,74,79,79,79,79,79,79,79,79,79,79,79,79,79],"card_choices":[{"not_picked":["CleanLibrary"],"picked":"Tornado","floor":1},{"not_picked":["Winterwrapup","AppleFever"],"picked":"SKIP","floor":1},{"not_picked":["Winterwrapup"],"picked":"RushToSky","floor":4},{"not_picked":["Magic_Beam","Charge"],"picked":"SKIP","floor":4},{"not_picked":["FollowTherRainbow"],"picked":"RushToSky","floor":5},{"not_picked":["Tornado","Whining"],"picked":"SKIP","floor":5},{"not_picked":["KillingWithKindness","RushToSky"],"picked":"SKIP","floor":7},{"not_picked":["Charge","HideCarefully"],"picked":"SKIP","floor":7},{"not_picked":["ServeMeal"],"picked":"GemstoneDetection","floor":10},{"not_picked":["RushToSky","Yay"],"picked":"SKIP","floor":10},{"not_picked":["Return_To_Past"],"picked":"RunningOfTheLeaves","floor":11},{"not_picked":["PartyCana","KillingWithKindness"],"picked":"SKIP","floor":11},{"not_picked":["KillingWithKindness"],"picked":"SwiftKick","floor":12},{"not_picked":["Tornado","AppleFeast"],"picked":"SKIP","floor":12},{"not_picked":["PartyTime"],"picked":"Smile","floor":13},{"not_picked":["Whining","Lasso"],"picked":"SKIP","floor":13},{"not_picked":["Sisterhood"],"picked":"TakeTheLead","floor":16},{"not_picked":["Overwhelming"],"picked":"SonicRainbow","floor":16},{"not_picked":["Tornado+1"],"picked":"TasteRainbow+1","floor":18},{"not_picked":["AllByMyself","AppleFever"],"picked":"SKIP","floor":18},{"not_picked":["FriendOfNature+1"],"picked":"FarmExpert","floor":19},{"not_picked":["CheerUp"],"picked":"FarmExpert+1","floor":19},{"not_picked":["ISayNo","Magictrain"],"picked":"SKIP","floor":23},{"not_picked":["ReinventMyself","Anxiousness+1"],"picked":"SKIP","floor":23},{"not_picked":["BehindTheScene","Whining"],"picked":"SKIP","floor":25},{"not_picked":["Return_To_Past","ServeMeal+1"],"picked":"SKIP","floor":25},{"not_picked":["AppleFeast+1","ServeMeal"],"picked":"SKIP","floor":27},{"not_picked":["ISayNo+1","AllByMyself"],"picked":"SKIP","floor":27},{"not_picked":["MessyAndOrderly","TwentyPercentcooler"],"picked":"SKIP","floor":30},{"not_picked":["Louder+1","Dear_Princess"],"picked":"SKIP","floor":30},{"not_picked":["ReinventMyself","TenInstruments"],"picked":"SKIP","floor":31},{"not_picked":["FollowTherRainbow+1","Tornado+1"],"picked":"SKIP","floor":31}],"player_experience":61507,"relics_obtained":[{"floor":7,"key":"Replay:Wax Seal"},{"floor":10,"key":"ReplayTheSpireMod:TigerMarble"},{"floor":23,"key":"GypsyBard"},{"floor":23,"key":"Turnip"},{"floor":26,"key":"Pondfish Scales"}],"event_choices":[{"damage_healed":0,"gold_gain":0,"player_choice":"Entered Light","damage_taken":15,"max_hp_gain":0,"max_hp_loss":0,"event_name":"Shining Light","floor":2,"gold_loss":0,"cards_upgraded":["Defend_PP","Defend_FS"]},{"damage_healed":0,"gold_gain":0,"cards_transformed":["Strike_TS"],"player_choice":"Transformed","damage_taken":0,"max_hp_gain":0,"max_hp_loss":0,"event_name":"Transmorgrifier","floor":3,"gold_loss":0,"cards_obtained":["Perfectionism"]},{"damage_healed":0,"gold_gain":100,"player_choice":"Pray","damage_taken":0,"max_hp_gain":0,"max_hp_loss":0,"event_name":"Golden Shrine","floor":14,"gold_loss":0},{"damage_healed":0,"gold_gain":0,"player_choice":"Shed Blood","damage_taken":19,"max_hp_gain":5,"max_hp_loss":0,"event_name":"Forgotten Altar","floor":22,"gold_loss":0}],"is_beta":false,"boss_relics":[{"not_picked":["vexMod:ImprovementManual","hubris:CrackedHourglass"],"picked":"Black Star"}],"items_purged_floors":[20,20],"is_endless":false,"potions_floor_spawned":[1,10,11,18,25,31],"killed_by":"hubris:MusketHawk","ascension_level":0}}