{"host":"ig7tc0uedzltt2sr","time":1609820497,"event":{"mods":["BaseMod","Better Twitch Integration","Block Reminder","Colored Map","Colored Powertips","Communication Mod","Current Relic Mod","GifTheSpireLib","HexUI Lib","Minty Spire (QoL Compilation)","Quick Restart","Random Character Button","Rare Cards Sparkle","Relic Sorter","Relic Stats","Slay the Relics Exporter","StSLib","SuperFastMode","Synergy Search","Twitch Decklist","Twitch Utils","everything is the same but u backflip on backflip","slay the spire mod where everything is the same but ironclad has a cowboy hat"],"gold_per_floor":[219,233,233,233,248,248,278,292,292,292,292,292],"floor_reached":11,"playtime":100,"items_purged":[],"score":73,"play_id":"177b210f-53bf-4fdc-b2d1-0ea82a7b01a7","local_time":"20210104202137","is_ascension_mode":false,"campfire_choices":[{"data":"Bash","floor":6,"key":"SMITH"},{"floor":10,"key":"REST"}],"circlet_count":0,"master_deck":["Strike_R","Strike_R","Strike_R","Strike_R","Strike_R","Defend_R","Defend_R","Defend_R","Defend_R","Bash+1","Perfected Strike","Sever Soul","Sword Boomerang","Rupture"],"relics":["Burning Blood","Juzu Bracelet"],"acts_visited":["Exordium"],"potions_floor_usage":[],"damage_taken":[{"damage":0,"enemies":"2 Louse","floor":1,"turns":6},{"damage":6,"enemies":"Small Slimes","floor":2,"turns":8},{"damage":2,"enemies":"Cultist","floor":5,"turns":5},{"damage":67,"enemies":"3 Sentries","floor":7,"turns":12},{"damage":3,"enemies":"Exordium Thugs","floor":8,"turns":5},{"damage":58,"enemies":"Gremlin Nob","floor":11,"turns":5}],"seed_played":"3174498062181322762","potions_obtained":[{"floor":2,"key":"Energy Potion"},{"floor":7,"key":"EntropicBrew"}],"is_trial":false,"path_per_floor":["M","M","?","?","M","R","E","M","T","R","E"],"character_chosen":"IRONCLAD","items_purchased":[],"campfire_rested":1,"item_purchase_floors":[],"current_hp_per_floor":[80,80,85,85,85,85,24,27,27,52,0,0],"gold":292,"neow_bonus":"HUNDRED_GOLD","is_daily":false,"chose_seed":false,"campfire_upgraded":1,"win_rate":0.0,"timestamp":1609820497,"path_taken":["M","M","?","?","?","R","E","M","T","R","E"],"items_purchased_type":[],"build_version":"2020-12-22","purchased_purges":0,"victory":false,"max_hp_per_floor":[80,80,85,85,85,85,85,85,85,85,85,85],"relic_stats":{"counters":[6,41],"Juzu Bracelet":0,"obtain_stats":[{"Juzu Bracelet":7,"Burning Blood":0},{"Juzu Bracelet":4,"Burning Blood":0},{"Juzu Bracelet":31,"Burning Blood":0}],"Burning Blood":20},"card_choices":[{"not_picked":["Iron Wave","Sword Boomerang"],"picked":"Perfected Strike","floor":1},{"not_picked":["Twin Strike","Thunderclap"],"picked":"Flex","floor":2},{"not_picked":["Perfected Strike","Shockwave"],"picked":"Sever Soul","floor":5},{"not_picked":["Havoc","Perfected Strike"],"picked":"Sword Boomerang","floor":7},{"not_picked":["Metallicize","Cleave"],"picked":"Rupture","floor":8}],"player_experience":1421746,"relics_obtained":[{"floor":7,"key":"Juzu Bracelet"}],"event_choices":[{"damage_healed":0,"gold_gain":0,"player_choice":"Donut","damage_taken":0,"max_hp_gain":5,"max_hp_loss":0,"event_name":"Big Fish","floor":3,"gold_loss":0},{"cards_removed":["Flex"],"damage_healed":5,"gold_gain":0,"player_choice":"Offered Common","damage_taken":0,"max_hp_gain":0,"max_hp_loss":0,"event_name":"Bonfire Elementals","floor":4,"gold_loss":0},{"cards_removed":["Flex"],"damage_healed":5,"gold_gain":0,"player_choice":"Offered Special","damage_taken":0,"max_hp_gain":0,"max_hp_loss":0,"event_name":"Bonfire Elementals","floor":4,"gold_loss":0}],"is_beta":false,"boss_relics":[],"items_purged_floors":[],"is_endless":false,"potions_floor_spawned":[2,7],"killed_by":"Gremlin Nob","ascension_level":0}}