{"host":"ss2ocoam53r2lno0","time":1609849022,"event":{"mods":["Act Like it!","BaseMod","ChefMod","Colored Powertips","Displayed Cursed Tome","Downfall","Evolution","Googly Eyes","Hallownest","Highlight Path","Minty Spire (QoL Compilation)","Rare Cards Sparkle","Robot Space Explorer","Shade Mod","Shop Mod","Spicy Shops","StSLib","The Marked"],"gold_per_floor":[109,122,122,137,157,192,192,217,217,256,256,299,299,318,318,447,447,471,240,240,265,280,280,380,380,380,421,421,441,457,493,493,624,624,637,341,355,373,396,435,435,476,476,515,533,139,139,139],"floor_reached":47,"playtime":4311,"items_purged":["theMarked:Defend"],"score":832,"play_id":"4f670bd4-666a-49e7-b67f-de32a52fcc8f","local_time":"20210105131702","is_ascension_mode":true,"campfire_choices":[{"data":"theMarked:Aftermath","floor":7.0,"key":"SMITH"},{"data":"theMarked:Challenge","floor":13.0,"key":"SMITH"},{"data":"theMarked:ElementalBlade","floor":15.0,"key":"SMITH"},{"data":"theMarked:Generate","floor":23.0,"key":"SMITH"},{"data":"theMarked:Challenge","floor":25.0,"key":"SMITH"},{"data":"theMarked:ContemptForTheProud","floor":28.0,"key":"SMITH"},{"data":"theMarked:SoldierOfQuellstein","floor":32.0,"key":"SMITH"},{"data":"theMarked:Convert","floor":41.0,"key":"SMITH"}],"circlet_count":0,"master_deck":["theMarked:ChainLightning","theMarked:ChainLightning","theMarked:ChainLightning","theMarked:ChainLightning","theMarked:ChainLightning","theMarked:WardOff","theMarked:WardOff","theMarked:SoldierOfQuellstein+1","theMarked:ElementalBlade+1","theMarked:WardOff","theMarked:Aftermath+1","theMarked:Reabsorb+1","theMarked:Challenge+1","theMarked:Challenge+1","theMarked:ContemptForTheProud+1","theMarked:Challenge+1","theMarked:Generate+1","theMarked:Defy+1","theMarked:EnhanceMovement+1","theMarked:Convert+1","theMarked:ContemptForTheProud+1","theMarked:ComboAttacks+1","theMarked:ChainLightning+1"],"relics":["theMarked:ArtifactOfAir","EVO:Axolotl","Golden Idol","Akabeko","Pantograph","Question Card","Nunchaku","SacredBark","Happy Flower","White Beast Statue","Molten Egg 2","theMarked:NailFile","Coffee Dripper","WingedGreaves","Frozen Egg 2","Eternal Feather","InkBottle","Bag of Marbles","Oddly Smooth Stone","theMarked:Winder"],"acts_visited":["Exordium","TheCity","TheBeyond"],"potions_floor_usage":[47,47,47],"damage_taken":[{"damage":0.0,"enemies":"Jaw Worm","floor":1.0,"turns":3.0},{"damage":0.0,"enemies":"Small Slimes","floor":2.0,"turns":2.0},{"damage":0.0,"enemies":"Cultist","floor":4.0,"turns":3.0},{"damage":3.0,"enemies":"Looter","floor":5.0,"turns":3.0},{"damage":24.0,"enemies":"Gremlin Nob","floor":6.0,"turns":4.0},{"damage":0.0,"enemies":"Gremlin Gang","floor":8.0,"turns":2.0},{"damage":0.0,"enemies":"3 Sentries","floor":10.0,"turns":2.0},{"damage":8.0,"enemies":"Lagavulin","floor":12.0,"turns":4.0},{"damage":3.0,"enemies":"Large Slime","floor":14.0,"turns":4.0},{"damage":29.0,"enemies":"The Guardian","floor":16.0,"turns":7.0},{"damage":13.0,"enemies":"Shell Parasite","floor":18.0,"turns":5.0},{"damage":4.0,"enemies":"3 Byrds","floor":21.0,"turns":4.0},{"damage":5.0,"enemies":"Centurion and Healer","floor":22.0,"turns":5.0},{"damage":0.0,"enemies":"Gremlin Leader","floor":27.0,"turns":6.0},{"damage":0.0,"enemies":"Snecko","floor":29.0,"turns":4.0},{"damage":3.0,"enemies":"Snake Plant","floor":30.0,"turns":4.0},{"damage":7.0,"enemies":"Slavers","floor":31.0,"turns":4.0},{"damage":56.0,"enemies":"Collector","floor":33.0,"turns":10.0},{"damage":30.0,"enemies":"3 Darklings","floor":35.0,"turns":4.0},{"damage":20.0,"enemies":"3 Shapes","floor":37.0,"turns":4.0},{"damage":17.0,"enemies":"Transient","floor":38.0,"turns":5.0},{"damage":4.0,"enemies":"Spire Growth","floor":39.0,"turns":5.0},{"damage":0.0,"enemies":"Giant Head","floor":40.0,"turns":7.0},{"damage":0.0,"enemies":"Nemesis","floor":42.0,"turns":5.0},{"damage":0.0,"enemies":"Giant Head","floor":44.0,"turns":5.0},{"damage":0,"enemies":"Jaw Worm Horde","floor":45,"turns":2},{"damage":41,"enemies":"Nemesis","floor":47,"turns":2}],"seed_played":"1071912210654329299","potions_obtained":[{"floor":1.0,"key":"SteroidPotion"},{"floor":2.0,"key":"CultistPotion"},{"floor":6.0,"key":"Fire Potion"},{"floor":12.0,"key":"EssenceOfSteel"},{"floor":18.0,"key":"Weak Potion"},{"floor":29.0,"key":"DuplicationPotion"},{"floor":30.0,"key":"SpeedPotion"},{"floor":31.0,"key":"BlessingOfTheForge"},{"floor":35.0,"key":"Fruit Juice"},{"floor":37.0,"key":"EssenceOfSteel"},{"floor":39.0,"key":"champ:CounterPotion"},{"floor":40.0,"key":"DistilledChaos"},{"floor":42.0,"key":"DistilledChaos"},{"floor":44.0,"key":"champ:CounterPotion"},{"floor":45,"key":"hexamod:EctoCoolerPotion"}],"is_trial":false,"path_per_floor":["M","M","?","M","M","E","R","M","T","E","?","E","R","M","R","B",null,"M","$","?","M","M","R","?","R","T","E","R","M","M","E","R","B",null,"M","$","M","M","M","E","R","E","T","E","M","$","E"],"character_chosen":"THE_DEFAULT","items_purchased":["Happy Flower","WingedGreaves","Oddly Smooth Stone","theMarked:ChainLightning+1","theMarked:Winder"],"campfire_rested":0,"item_purchase_floors":[19,36,46,46,46],"current_hp_per_floor":[70,70,65,65,62,38,38,38,38,38,38,30,30,27,27,23,65,52,52,52,48,43,43,43,43,43,43,43,43,40,33,33,2,65,45,45,25,8,4,4,4,4,4,4,4,4,0,0],"gold":139,"neow_bonus":"TRANSFORM_CARD","is_daily":false,"chose_seed":false,"campfire_upgraded":8,"win_rate":0.0,"timestamp":1609849022,"path_taken":["M","M","?","M","M","E","R","M","T","E","?","E","R","?","R","BOSS","M","$","?","?","M","R","?","R","T","E","R","M","M","E","R","BOSS","M","$","M","M","M","E","R","E","T","E","M","?","E"],"items_purchased_type":["Relic","Relic","Relic","Card","Relic"],"build_version":"2020-12-22","purchased_purges":1,"victory":false,"max_hp_per_floor":[70,70,65,65,65,65,65,65,65,65,65,65,65,65,65,65,65,65,65,65,65,65,65,65,65,65,65,65,65,65,65,65,65,65,75,75,75,75,75,75,75,75,75,75,75,75,75,75],"card_choices":[{"not_picked":["theMarked:KeepCalmAndFightOn","theMarked:HeightenedSenses"],"picked":"theMarked:WardOff","floor":1.0},{"not_picked":["theMarked:ChainLightning","theMarked:HeightenedSenses","theMarked:EmpowerWeapon"],"picked":"SKIP","floor":2.0},{"not_picked":["theMarked:WastefulAttack","theMarked:RepellingDischarge"],"picked":"theMarked:Aftermath","floor":4.0},{"not_picked":["theMarked:WastefulAttack","theMarked:HeightenedSenses","theMarked:Indomitable"],"picked":"SKIP","floor":5.0},{"not_picked":["theMarked:WastefulAttack","theMarked:PowerFlow","theMarked:ChainLightning"],"picked":"SKIP","floor":6.0},{"not_picked":["theMarked:ParalyzingBlade","theMarked:ShockingTouch","theMarked:HeightenedSenses"],"picked":"SKIP","floor":8.0},{"not_picked":["theMarked:Vacuum","theMarked:Electrocute"],"picked":"theMarked:Reabsorb","floor":10.0},{"not_picked":["theMarked:ChainLightning","theMarked:BanishingStrike","theMarked:TwofoldDefense"],"picked":"theMarked:Challenge","floor":12.0},{"not_picked":["theMarked:TwofoldDefense","theMarked:HeightenedSenses","theMarked:Frustration","theMarked:Improvise"],"picked":"SKIP","floor":14.0},{"not_picked":["theMarked:BindingBlade","theMarked:FavorableWinds","theMarked:DispelDoubt"],"picked":"theMarked:Challenge","floor":16.0},{"not_picked":["theMarked:ChainLightning","theMarked:EnhanceMovement","theMarked:Opportunist+1"],"picked":"theMarked:ContemptForTheProud","floor":18.0},{"not_picked":["theMarked:Static+1","theMarked:ResourceFulStrike","theMarked:MysticalArsenal","theMarked:HeightenedSenses"],"picked":"SKIP","floor":21.0},{"not_picked":["theMarked:Parry+1","theMarked:TwofoldDefense","theMarked:ReduceFriction"],"picked":"theMarked:Generate","floor":22.0},{"not_picked":["theMarked:Electrocute+1","theMarked:Frustration+1","theMarked:DeterminationOfTheMarked","theMarked:WastefulDefense"],"picked":"SKIP","floor":27.0},{"not_picked":["theMarked:Improvise","theMarked:Frustration+1","theMarked:WastefulAttack+1","theMarked:Parkour+1"],"picked":"SKIP","floor":29.0},{"not_picked":["theMarked:Aftermath","theMarked:HeightenedSenses","theMarked:EmpowerWeapon","theMarked:Overcharge"],"picked":"SKIP","floor":30.0},{"not_picked":["theMarked:TunnelVision+1","theMarked:HeritageOfTheMarked","theMarked:WastefulDefense+1","theMarked:WastefulAttack+1"],"picked":"SKIP","floor":31.0},{"not_picked":["theMarked:Abjuration+1","theMarked:ChannelForce","theMarked:MagicAdept"],"picked":"theMarked:Defy+1","floor":33.0},{"not_picked":["theMarked:TwofoldDefense","theMarked:SwordAndMagic+1","theMarked:ElementalBlade"],"picked":"theMarked:EnhanceMovement+1","floor":35.0},{"not_picked":["theMarked:MaelstromOfLightning+1","theMarked:Aftermath","theMarked:BanishingStrike+1","theMarked:Improvise+1"],"picked":"SKIP","floor":37.0},{"not_picked":["theMarked:ResourceFulStrike+1","theMarked:RepellingDischarge","theMarked:Improvise","theMarked:SwordAndMagic+1"],"picked":"SKIP","floor":38.0},{"not_picked":["theMarked:WastefulDefense","theMarked:Static+1","theMarked:WastefulAttack+1"],"picked":"theMarked:Convert","floor":39.0},{"not_picked":["theMarked:SuspiciousRaven","theMarked:ReduceFriction","theMarked:BanishingWave+1"],"picked":"theMarked:ContemptForTheProud+1","floor":40.0},{"not_picked":["theMarked:Overcharge","theMarked:ReduceFriction+1","theMarked:Seal","theMarked:Standoff+1"],"picked":"SKIP","floor":42.0},{"not_picked":["theMarked:Panic","theMarked:HeritageOfTheMarked+1","theMarked:SwordAndMagic+1","theMarked:KeepCalmAndFightOn+1"],"picked":"SKIP","floor":44.0},{"not_picked":["theMarked:Overthink+1","theMarked:TwofoldDefense+1","theMarked:StartUp+1"],"picked":"theMarked:ComboAttacks+1","floor":45}],"player_experience":627735,"relics_obtained":[{"floor":6.0,"key":"Akabeko"},{"floor":9.0,"key":"Pantograph"},{"floor":10.0,"key":"Question Card"},{"floor":12.0,"key":"Nunchaku"},{"floor":26.0,"key":"White Beast Statue"},{"floor":27.0,"key":"Molten Egg 2"},{"floor":31.0,"key":"theMarked:NailFile"},{"floor":40.0,"key":"Frozen Egg 2"},{"floor":42.0,"key":"Eternal Feather"},{"floor":43.0,"key":"InkBottle"},{"floor":44.0,"key":"Bag of Marbles"}],"event_choices":[{"damage_healed":0.0,"max_hp_gain":0.0,"max_hp_loss":5.0,"gold_gain":0.0,"event_name":"Golden Idol","player_choice":"Lose Max HP","floor":3.0,"gold_loss":0.0,"damage_taken":0.0,"relics_obtained":["Golden Idol"]},{"damage_healed":0.0,"max_hp_gain":0.0,"max_hp_loss":0.0,"gold_gain":0.0,"event_name":"Accursed Blacksmith","player_choice":"Forge","floor":11.0,"gold_loss":0.0,"damage_taken":0.0,"cards_upgraded":["theMarked:Reabsorb"]},{"damage_healed":0.0,"max_hp_gain":0.0,"max_hp_loss":0.0,"gold_gain":0.0,"event_name":"Duplicator","player_choice":"Copied","floor":20.0,"gold_loss":0.0,"damage_taken":0.0,"cards_obtained":["theMarked:Challenge"]},{"damage_healed":0.0,"max_hp_gain":0.0,"max_hp_loss":0.0,"gold_gain":100.0,"event_name":"Golden Shrine","player_choice":"Pray","floor":24.0,"gold_loss":0.0,"damage_taken":0.0}],"is_beta":false,"boss_relics":[{"not_picked":["expansioncontent:StudyCardRelic","Cursed Key"],"picked":"SacredBark"},{"not_picked":["Snecko Eye","Runic Dome"],"picked":"Coffee Dripper"}],"items_purged_floors":[19],"is_endless":false,"potions_floor_spawned":[1,2,6,12,18,21,27,29,30,31,33,35,37,38,39,40,42,44,45],"killed_by":"Nemesis","ascension_level":3}}