{"host":"ad59wuc8ynh8u2z6","time":1609809008,"event":{"mods":["AchievementEnabler","BaseMod","Colored Powertips","DeckTracker","Highlight Path","Minty Spire (QoL Compilation)","Permanent Neow"],"gold_per_floor":[118,134,59,59,78,121,145,184,207,242,242,242,242,282,282,402,402,425,425,181,205,130,165,189,222,248,288,288,327,327,350,350,474,474,497,497,522,536,559,597,613,631,654,604,647,710,710,753,753,753],"floor_reached":51,"playtime":1845,"items_purged":["Eruption","Defend_P","Strike_P"],"score":1169,"play_id":"3a58a5da-4b9b-40cf-b4cf-bba8f251c736","local_time":"20210105021008","is_ascension_mode":true,"campfire_choices":[{"data":"Ragnarok","floor":11.0,"key":"SMITH"},{"data":"Tantrum","floor":13.0,"key":"SMITH"},{"data":"Conclude","floor":15.0,"key":"SMITH"},{"data":"Omniscience","floor":30,"key":"SMITH"},{"data":"Ragnarok","floor":32,"key":"SMITH"},{"data":"Omniscience","floor":47,"key":"SMITH"},{"data":"Scrawl","floor":49,"key":"SMITH"}],"circlet_count":0,"master_deck":["Strike_P+1","Strike_P+1","Vigilance","Wallop","Tantrum+1","Halt","Conclude+1","Ragnarok+1","Halt","DeusExMachina","Vengeance+1","Ghostly","Ghostly+1","Ghostly","Ghostly","Ghostly","Ghostly","Omniscience+1","Ragnarok+1","Scrawl+1","BattleHymn","Omniscience+1","Indignation+1"],"relics":["HolyWater","Golden Idol","Mercury Hourglass","Blood Vial","Potion Belt","Oddly Smooth Stone","Vajra","Pantograph","DollysMirror","Shuriken","War Paint","Smiling Mask","Pear","Pocketwatch","SlaversCollar","Bird Faced Urn","Dream Catcher","Unceasing Top","GoldenEye","Whetstone"],"acts_visited":["Exordium","TheCity","TheBeyond"],"potions_floor_usage":[33,42,48,50,50,50],"damage_taken":[{"damage":0.0,"enemies":"Cultist","floor":1.0,"turns":2.0},{"damage":0.0,"enemies":"2 Louse","floor":2.0,"turns":1.0},{"damage":0.0,"enemies":"Jaw Worm","floor":5.0,"turns":2.0},{"damage":0.0,"enemies":"3 Sentries","floor":6.0,"turns":2.0},{"damage":0.0,"enemies":"3 Louse","floor":7.0,"turns":2.0},{"damage":0.0,"enemies":"Lagavulin","floor":8.0,"turns":3.0},{"damage":0.0,"enemies":"3 Sentries","floor":10.0,"turns":2.0},{"damage":0.0,"enemies":"Lagavulin","floor":14.0,"turns":3.0},{"damage":46.0,"enemies":"Hexaghost","floor":16.0,"turns":4.0},{"damage":1.0,"enemies":"2 Thieves","floor":18.0,"turns":2.0},{"damage":0,"enemies":"Chosen","floor":21,"turns":3},{"damage":0,"enemies":"Book of Stabbing","floor":23,"turns":3},{"damage":0,"enemies":"Snake Plant","floor":24,"turns":2},{"damage":0,"enemies":"Gremlin Leader","floor":25,"turns":5},{"damage":3,"enemies":"Slavers","floor":27,"turns":3},{"damage":0,"enemies":"Book of Stabbing","floor":29,"turns":4},{"damage":0,"enemies":"Centurion and Healer","floor":31,"turns":2},{"damage":1,"enemies":"Champ","floor":33,"turns":8},{"damage":2,"enemies":"3 Darklings","floor":35,"turns":3},{"damage":4,"enemies":"3 Shapes","floor":37,"turns":1},{"damage":1,"enemies":"Spire Growth","floor":38,"turns":3},{"damage":5,"enemies":"3 Darklings","floor":39,"turns":3},{"damage":1,"enemies":"Giant Head","floor":40,"turns":5},{"damage":1,"enemies":"Writhing Mass","floor":41,"turns":2},{"damage":3,"enemies":"4 Shapes","floor":42,"turns":3},{"damage":0,"enemies":"Nemesis","floor":45,"turns":5},{"damage":2,"enemies":"2 Orb Walkers","floor":46,"turns":3},{"damage":0,"enemies":"Reptomancer","floor":48,"turns":1},{"damage":1,"enemies":"Awakened One","floor":50,"turns":6}],"seed_played":"1410821880119188361","potions_obtained":[{"floor":5.0,"key":"FairyPotion"},{"floor":6.0,"key":"SpeedPotion"},{"floor":7.0,"key":"AttackPotion"},{"floor":18.0,"key":"Swift Potion"},{"floor":21,"key":"SteroidPotion"},{"floor":25,"key":"GamblersBrew"},{"floor":28,"key":"StancePotion"},{"floor":33,"key":"Strength Potion"},{"floor":35,"key":"PowerPotion"},{"floor":39,"key":"Strength Potion"},{"floor":42,"key":"Fruit Juice"},{"floor":45,"key":"Explosive Potion"}],"is_trial":false,"path_per_floor":["M","M","$","?","M","E","M","E","T","E","R","T","R","E","R","B",null,"M","?","$","M","?","E","M","E","T","E","?","E","R","M","R","B",null,"M","?","M","M","M","E","M","M","T","$","E","?","R","E","R","B",null],"character_chosen":"WATCHER","items_purchased":["DollysMirror"],"campfire_rested":0,"item_purchase_floors":[20],"current_hp_per_floor":[51,51,51,33,33,33,33,33,33,35,35,35,35,37,37,18,72,71,36,36,36,36,36,36,36,36,43,43,45,45,46,46,45,46,44,44,42,43,40,41,42,46,46,46,50,49,49,51,51,51],"gold":753,"neow_bonus":"TRANSFORM_TWO_CARDS","is_daily":false,"chose_seed":false,"campfire_upgraded":7,"win_rate":0.0,"timestamp":1609809008,"path_taken":["M","M","?","?","M","E","M","E","T","E","R","?","R","E","R","BOSS","M","?","$","M","?","E","M","E","T","E","?","E","R","?","R","BOSS","M","?","M","M","M","E","M","?","T","$","E","?","R","E","R","BOSS"],"items_purchased_type":["Relic"],"build_version":"2020-12-22","purchased_purges":3,"victory":true,"max_hp_per_floor":[72,72,72,72,72,72,72,72,72,72,72,72,72,72,72,72,72,72,36,36,36,36,36,36,36,36,46,46,46,46,46,46,46,46,46,46,46,46,46,46,46,51,51,51,51,51,51,51,51,51],"card_choices":[{"not_picked":["PathToVictory","JustLucky","CutThroughFate"],"picked":"SKIP","floor":1.0},{"not_picked":["EmptyBody","CarveReality"],"picked":"Halt","floor":2.0},{"not_picked":["InnerPeace","Tantrum"],"picked":"Conclude","floor":5.0},{"not_picked":["ClearTheMind","JustLucky","CarveReality"],"picked":"SKIP","floor":6.0},{"not_picked":["FlyingSleeves","Evaluate","JustLucky"],"picked":"SKIP","floor":7.0},{"not_picked":["FlurryOfBlows","Tantrum"],"picked":"Ragnarok","floor":8.0},{"not_picked":["JustLucky","Conclude"],"picked":"Halt","floor":10.0},{"not_picked":["Adaptation","Evaluate","ClearTheMind"],"picked":"SKIP","floor":14.0},{"not_picked":["MasterReality","DevaForm"],"picked":"DeusExMachina","floor":16.0},{"not_picked":["Evaluate","Prostrate"],"picked":"Vengeance","floor":18.0},{"not_picked":["Consecrate+1","Wallop","Protect"],"picked":"SKIP","floor":21},{"not_picked":["Crescendo","JustLucky","Evaluate+1"],"picked":"SKIP","floor":23},{"not_picked":["WaveOfTheHand","Halt"],"picked":"Omniscience","floor":24},{"not_picked":["Adaptation","CrushJoints+1","Halt+1"],"picked":"SKIP","floor":25},{"not_picked":["Pray+1","Halt","JustLucky"],"picked":"SKIP","floor":27},{"not_picked":["FlurryOfBlows+1","Study","Worship"],"picked":"SKIP","floor":29},{"not_picked":["SashWhip","CarveReality"],"picked":"Ragnarok","floor":31},{"not_picked":["DevaForm","Establishment"],"picked":"Scrawl","floor":33},{"not_picked":["Prostrate","CrushJoints","Consecrate"],"picked":"SKIP","floor":35},{"not_picked":["PathToVictory","JustLucky+1","Pray"],"picked":"SKIP","floor":37},{"not_picked":["ClearTheMind","Weave+1","WheelKick"],"picked":"SKIP","floor":38},{"not_picked":["FollowUp","Prostrate+1","FlurryOfBlows+1"],"picked":"SKIP","floor":39},{"not_picked":["FlurryOfBlows","BattleHymn+1"],"picked":"Omniscience","floor":40},{"not_picked":["Collect+1","Evaluate","EmptyBody"],"picked":"SKIP","floor":41},{"not_picked":["SashWhip+1","Swivel","FollowUp+1"],"picked":"SKIP","floor":42},{"not_picked":["SashWhip+1","Protect+1"],"picked":"Indignation+1","floor":45},{"not_picked":["CutThroughFate+1","Crescendo+1","Prostrate+1"],"picked":"SKIP","floor":48}],"player_experience":32689,"relics_obtained":[{"floor":6.0,"key":"Mercury Hourglass"},{"floor":8.0,"key":"Blood Vial"},{"floor":9.0,"key":"Potion Belt"},{"floor":10.0,"key":"Oddly Smooth Stone"},{"floor":12.0,"key":"Vajra"},{"floor":14.0,"key":"Pantograph"},{"floor":23,"key":"Shuriken"},{"floor":25,"key":"War Paint"},{"floor":26,"key":"Smiling Mask"},{"floor":27,"key":"Pear"},{"floor":29,"key":"Pocketwatch"},{"floor":40,"key":"Bird Faced Urn"},{"floor":43,"key":"Dream Catcher"},{"floor":45,"key":"Unceasing Top"},{"floor":46,"key":"GoldenEye"},{"floor":48,"key":"Whetstone"}],"event_choices":[{"damage_healed":0.0,"max_hp_gain":0.0,"max_hp_loss":0.0,"gold_gain":0.0,"event_name":"Golden Idol","player_choice":"Take Damage","floor":4.0,"gold_loss":0.0,"damage_taken":18.0,"relics_obtained":["Golden Idol"]},{"damage_healed":0,"gold_gain":0,"player_choice":"Became a Ghost","damage_taken":0,"max_hp_gain":0,"max_hp_loss":36,"event_name":"Ghosts","floor":19,"gold_loss":0,"cards_obtained":["Ghostly","Ghostly","Ghostly","Ghostly","Ghostly"]},{"cards_removed":["Defend_P"],"damage_healed":0,"gold_gain":0,"player_choice":"Gave Gold","damage_taken":0,"max_hp_gain":0,"max_hp_loss":0,"event_name":"Beggar","floor":22,"gold_loss":75},{"damage_healed":0,"gold_gain":0,"player_choice":"Got Potions","damage_taken":0,"max_hp_gain":0,"max_hp_loss":0,"event_name":"Lab","floor":28,"gold_loss":0},{"damage_healed":0,"gold_gain":0,"cards_transformed":["Defend_P"],"player_choice":"Transformed","damage_taken":0,"max_hp_gain":0,"max_hp_loss":0,"event_name":"Transmorgrifier","floor":36,"gold_loss":0,"cards_obtained":["BattleHymn"]},{"damage_healed":0,"gold_gain":0,"player_choice":"Fight","damage_taken":0,"max_hp_gain":0,"max_hp_loss":0,"event_name":"Mysterious Sphere","floor":46,"gold_loss":0}],"is_beta":false,"boss_relics":[{"not_picked":["Ectoplasm","VioletLotus"],"picked":"HolyWater"},{"not_picked":["Calling Bell","Busted Crown"],"picked":"SlaversCollar"}],"items_purged_floors":[3,20,44],"is_endless":false,"potions_floor_spawned":[5,6,7,18,21,25,33,35,38,39,42,45],"ascension_level":1}}