{"host":"tiwza2kisyyrpq7h","time":1609843248,"event":{"mods":["BaseMod","BetterRewards","Colored Powertips","Minty Spire (QoL Compilation)","Quick Restart","Rare Cards Sparkle","StSLib","SuperFastMode","The Servant 0.9.4","óô»ðÖ¸ÄÏ"],"gold_per_floor":[134,134,153,197,197,235,7,70,70,70,139,183,258,277,277,422,422,441,441,520,539,71,71,109,128,203,241,191,191,210,229,229,354,354,373,392,411,430,474,512,209,228,278,316,66,104,129,185,197,234],"floor_reached":51,"playtime":2390,"items_purged":["Demon Form"],"score":1041,"play_id":"c9242ac6-e881-4a5d-93e3-d406e9a93031","local_time":"20210105184048","daily_mods":["Shiny","Colorless Cards","Night Terrors"],"is_ascension_mode":false,"campfire_choices":[{"data":"Secret Technique","floor":10,"key":"SMITH"},{"data":"Dual Wield","floor":15,"key":"SMITH"},{"floor":23,"key":"REST"},{"data":"Corruption","floor":29,"key":"SMITH"},{"data":"Barricade","floor":32,"key":"SMITH"},{"floor":49,"key":"REST"}],"circlet_count":0,"master_deck":["Double Tap","Fiend Fire","Berserk","Impervious","Juggernaut","Brutality","Exhume","Offering","Bludgeon","Feed","Limit Break","Corruption+1","Barricade+1","Reaper","Immolate","Thinking Ahead","Metamorphosis","Master of Strategy","Magnetism","Chrysalis","Mayhem","Secret Weapon","Sadistic Nature","Transmutation","HandOfGreed","Apotheosis+1","Panache","Violence","Secret Technique+1","The Bomb","Warcry","Juggernaut","Dual Wield+1","Fire Breathing","Spot Weakness","Spot Weakness","Dark Embrace","Feed+1","Feel No Pain","Discovery","Rupture+1","Enlightenment","Flex","Spot Weakness+1","Dark Embrace+1","Mayhem+1","Evolve+1","Seeing Red+1"],"relics":["Burning Blood","Golden Idol","MealTicket","Lee\u0027s Waffle","Kunai","Ornamental Fan","Molten Egg 2","Sozu","Bag of Preparation","Red Mask","Frozen Egg 2","Medical Kit","Blood Vial","Darkstone Periapt","Tiny Chest","Fusion Hammer","Paper Frog","ClockworkSouvenir","Ancient Tea Set","Bottled Tornado","Bottled Lightning","Lizard Tail","MawBank"],"acts_visited":["Exordium","TheCity","TheBeyond"],"potions_floor_usage":[6,14,20],"damage_taken":[{"damage":6,"enemies":"Small Slimes","floor":1,"turns":2},{"damage":24,"enemies":"Jaw Worm","floor":3,"turns":3},{"damage":18,"enemies":"2 Louse","floor":4,"turns":4},{"damage":37,"enemies":"Gremlin Nob","floor":6,"turns":4},{"damage":36,"enemies":"3 Sentries","floor":8,"turns":5},{"damage":16,"enemies":"Exordium Wildlife","floor":11,"turns":5},{"damage":14,"enemies":"3 Louse","floor":12,"turns":5},{"damage":34,"enemies":"Gremlin Gang","floor":14,"turns":3},{"damage":14,"enemies":"Slime Boss","floor":16,"turns":5},{"damage":54,"enemies":"2 Thieves","floor":18,"turns":4},{"damage":51,"enemies":"Masked Bandits","floor":20,"turns":4},{"damage":8,"enemies":"Shell Parasite","floor":21,"turns":2},{"damage":30,"enemies":"Book of Stabbing","floor":24,"turns":5},{"damage":0,"enemies":"Cultist and Chosen","floor":25,"turns":4},{"damage":37,"enemies":"Gremlin Leader","floor":27,"turns":5},{"damage":6,"enemies":"Centurion and Healer","floor":30,"turns":3},{"damage":30,"enemies":"Sentry and Sphere","floor":31,"turns":4},{"damage":16,"enemies":"Automaton","floor":33,"turns":4},{"damage":14,"enemies":"Orb Walker","floor":35,"turns":2},{"damage":0,"enemies":"3 Shapes","floor":36,"turns":3},{"damage":6,"enemies":"Spire Growth","floor":37,"turns":1},{"damage":29,"enemies":"3 Darklings","floor":38,"turns":3},{"damage":17,"enemies":"Sphere and 2 Shapes","floor":39,"turns":3},{"damage":130,"enemies":"Reptomancer","floor":40,"turns":6},{"damage":14,"enemies":"Writhing Mass","floor":42,"turns":3},{"damage":28,"enemies":"Giant Head","floor":44,"turns":5},{"damage":5,"enemies":"Nemesis","floor":46,"turns":3},{"damage":11,"enemies":"3 Darklings","floor":48,"turns":3},{"damage":21,"enemies":"Time Eater","floor":50,"turns":5}],"seed_played":"-8136925521176778862","potions_obtained":[{"floor":6,"key":"Fruit Juice"},{"floor":11,"key":"LiquidMemories"},{"floor":12,"key":"SteroidPotion"}],"is_trial":false,"path_per_floor":["M","?","M","M","?","E","$","E","T","R","M","M","T","M","R","B",null,"M","?","?","M","$","R","E","M","T","E","?","R","M","M","R","B",null,"M","M","M","M","M","E","$","M","T","E","R","E","T","M","R","B",null],"character_chosen":"IRONCLAD","items_purchased":["Fire Breathing","Lee\u0027s Waffle","Frozen Egg 2","Medical Kit","Rupture+1","ClockworkSouvenir","Evolve+1","Bottled Lightning"],"campfire_rested":2,"item_purchase_floors":[7,7,22,22,22,41,41,45],"current_hp_per_floor":[83,77,59,55,55,29,89,59,59,59,59,67,67,88,88,84,100,66,66,57,59,74,107,83,99,99,74,74,74,122,99,99,110,126,126,130,130,107,105,74,89,145,145,127,127,130,130,149,144,144],"gold":246,"neow_bonus":"","is_daily":true,"chose_seed":false,"campfire_upgraded":4,"win_rate":0.0,"timestamp":1609843248,"path_taken":["M","?","M","M","?","E","$","E","T","R","M","M","?","M","R","BOSS","M","?","?","M","?","R","E","M","T","E","?","R","M","M","R","BOSS","M","?","M","M","M","E","?","M","T","E","R","E","?","?","R","BOSS"],"items_purchased_type":["Card","Relic","Relic","Relic","Card","Relic","Card","Relic"],"build_version":"2020-12-22","purchased_purges":1,"victory":true,"max_hp_per_floor":[83,77,77,77,77,82,89,89,89,89,89,93,93,96,96,100,100,108,108,108,112,112,107,107,110,110,114,114,114,122,122,122,126,126,130,130,130,130,137,141,141,145,145,149,149,149,149,149,144,144],"card_choices":[{"not_picked":["Shrug It Off","Armaments"],"picked":"Warcry","floor":1},{"not_picked":["Pummel","Perfected Strike"],"picked":"Juggernaut","floor":3},{"not_picked":["Wild Strike","Headbutt","Warcry"],"picked":"SKIP","floor":4},{"not_picked":["Iron Wave","Twin Strike"],"picked":"Dual Wield","floor":6},{"not_picked":["Reckless Charge","Flex","Perfected Strike"],"picked":"SKIP","floor":8},{"not_picked":["Disarm","Intimidate"],"picked":"Spot Weakness","floor":11},{"not_picked":["Bandage Up","Good Instincts"],"picked":"Spot Weakness","floor":12},{"not_picked":["Heavy Blade+1","Body Slam+1"],"picked":"Dark Embrace","floor":14},{"not_picked":["Mayhem","Magnetism"],"picked":"Feed+1","floor":16},{"not_picked":["Iron Wave+1","Wild Strike+1"],"picked":"Feel No Pain","floor":18},{"not_picked":["Deep Breath","Flash of Steel+1"],"picked":"Discovery","floor":21},{"not_picked":["Forethought","Headbutt+1","Flame Barrier+1"],"picked":"SKIP","floor":24},{"not_picked":["Deep Breath+1","True Grit","Headbutt+1"],"picked":"SKIP","floor":25},{"not_picked":["Madness","The Bomb"],"picked":"Enlightenment","floor":27},{"not_picked":["Headbutt+1","Mind Blast+1"],"picked":"Flex","floor":30},{"not_picked":["Thunderclap+1","Clash+1","Warcry"],"picked":"SKIP","floor":31},{"not_picked":["Anger+1","Clothesline+1"],"picked":"Spot Weakness+1","floor":35},{"not_picked":["Armaments","Thunderclap+1","Cleave+1"],"picked":"SKIP","floor":36},{"not_picked":["Perfected Strike+1","Cleave+1","Iron Wave+1"],"picked":"SKIP","floor":37},{"not_picked":["Clash+1","Enlightenment"],"picked":"Dark Embrace+1","floor":38},{"not_picked":["Warcry","Clash+1","Thunderclap+1"],"picked":"SKIP","floor":39},{"not_picked":["Swift Strike+1","Bandage Up+1"],"picked":"Mayhem+1","floor":40},{"not_picked":["Twin Strike+1","Dark Shackles"],"picked":"Seeing Red+1","floor":42},{"not_picked":["Shrug It Off+1","Anger+1","Good Instincts+1"],"picked":"SKIP","floor":44},{"not_picked":["Carnage+1","Barricade+1","Cleave+1"],"picked":"SKIP","floor":46},{"not_picked":["Havoc","Searing Blow+1","True Grit+1"],"picked":"SKIP","floor":48}],"player_experience":942296,"relics_obtained":[{"floor":6,"key":"MealTicket"},{"floor":8,"key":"Kunai"},{"floor":9,"key":"Ornamental Fan"},{"floor":13,"key":"Molten Egg 2"},{"floor":20,"key":"Red Mask"},{"floor":24,"key":"Blood Vial"},{"floor":26,"key":"Darkstone Periapt"},{"floor":27,"key":"Tiny Chest"},{"floor":40,"key":"Paper Frog"},{"floor":43,"key":"Ancient Tea Set"},{"floor":44,"key":"Bottled Tornado"},{"floor":46,"key":"Lizard Tail"},{"floor":47,"key":"MawBank"}],"event_choices":[{"damage_healed":0,"gold_gain":0,"player_choice":"Lose Max HP","damage_taken":0,"relics_obtained":["Golden Idol"],"max_hp_gain":0,"max_hp_loss":6,"event_name":"Golden Idol","floor":2,"gold_loss":0},{"damage_healed":0,"gold_gain":0,"player_choice":"Grow","damage_taken":0,"max_hp_gain":0,"max_hp_loss":0,"event_name":"Living Wall","floor":5,"gold_loss":0,"cards_upgraded":["Apotheosis"]},{"damage_healed":0,"gold_gain":0,"player_choice":"Opened","damage_taken":0,"relics_obtained":["Bag of Preparation"],"max_hp_gain":0,"max_hp_loss":0,"event_name":"The Mausoleum","floor":19,"gold_loss":0},{"damage_healed":0,"gold_gain":0,"player_choice":"Fought Bandits","damage_taken":0,"max_hp_gain":0,"max_hp_loss":0,"event_name":"Masked Bandits","floor":20,"gold_loss":0},{"damage_healed":0,"gold_gain":0,"player_choice":"Bet on Murderer","damage_taken":0,"max_hp_gain":0,"max_hp_loss":0,"event_name":"The Joust","floor":28,"gold_loss":50}],"is_beta":false,"boss_relics":[{"not_picked":["Astrolabe","Tiny House"],"picked":"Sozu"},{"not_picked":["Busted Crown","Runic Pyramid"],"picked":"Fusion Hammer"}],"items_purged_floors":[41],"is_endless":false,"potions_floor_spawned":[6,11,12,18,20,30,31,33,36,37,39,42,48],"ascension_level":0}}