{"host":"y6h8h5dnjuludn40","time":1609818747,"event":{"mods":["BaseMod","Colored Map","Colored Powertips","Googly Eyes","Hermit","Minty Spire (QoL Compilation)","Replay The Spire","StSLib","The Construct","The Hierophant"],"gold_per_floor":[114,126,145,165,181,181,215,215,215,215,215,243,66,96,96,96,96],"floor_reached":16,"playtime":766,"items_purged":[],"score":120,"play_id":"3125c4be-c2a0-47c2-9075-a7c3d705d7f5","local_time":"20210104215227","is_ascension_mode":false,"campfire_choices":[{"data":"Replay:ManipulateFuture","floor":6,"key":"SMITH"},{"data":"Vault","floor":8,"key":"SMITH"},{"data":"PathToVictory","floor":11,"key":"SMITH"},{"data":"Crow Ritual","floor":15,"key":"SMITH"}],"circlet_count":0,"master_deck":["Strike_P","Strike_P","Strike_P+1","Strike_P","Defend_P","Defend_P","Defend_P","Defend_P","Eruption","Vigilance","Panache","Replay:ManipulateFuture+1","CrushJoints","Vault+1","Prostrate","ThirdEye+1","PathToVictory+1","Evaluate","Crow Ritual+1","Replay:DivineShield"],"relics":["PureWater","Darkstone Periapt","construct:RocketBooster","Gambling Chip","Mango"],"acts_visited":["Exordium"],"potions_floor_usage":[5,14],"damage_taken":[{"damage":2,"enemies":"Jaw Worm","floor":1,"turns":4},{"damage":0,"enemies":"Cultist","floor":2,"turns":3},{"damage":0,"enemies":"Small Slimes","floor":3,"turns":2},{"damage":2,"enemies":"Blue Slaver","floor":4,"turns":6},{"damage":0,"enemies":"Lots of Slimes","floor":5,"turns":3},{"damage":33,"enemies":"Gremlin Nob","floor":7,"turns":4},{"damage":16,"enemies":"Replay:BlueRogue","floor":12,"turns":6},{"damage":16,"enemies":"3 Sentries","floor":14,"turns":8},{"damage":38,"enemies":"Slime Boss","floor":16,"turns":8}],"seed_played":"1456247877036987176","potions_obtained":[{"floor":2,"key":"Explosive Potion"},{"floor":12,"key":"Weak Potion"},{"floor":14,"key":"Dexterity Potion"}],"is_trial":false,"path_per_floor":["M","M","M","M","M","R","E","R","T","?","R","E","$","E","R","B"],"character_chosen":"WATCHER","items_purchased":["Crow Ritual"],"campfire_rested":0,"item_purchase_floors":[13],"current_hp_per_floor":[63,63,63,61,61,61,28,28,28,49,49,33,33,31,31,0,0],"gold":96,"neow_bonus":"RANDOM_COLORLESS_2","is_daily":false,"chose_seed":false,"campfire_upgraded":4,"win_rate":0.0,"timestamp":1609818747,"path_taken":["M","M","M","M","M","R","E","R","T","?","R","E","$","E","R","BOSS"],"items_purchased_type":["Card"],"build_version":"2020-12-22","purchased_purges":0,"victory":false,"max_hp_per_floor":[65,65,65,65,65,65,65,65,65,65,65,65,65,79,79,79,79],"card_choices":[{"not_picked":["Chrysalis","Thinking Ahead"],"picked":"Panache","floor":0},{"not_picked":["Prostrate","EmptyBody"],"picked":"Replay:ManipulateFuture","floor":1},{"not_picked":["Replay:AtTheReady","Conclude"],"picked":"CrushJoints","floor":2},{"not_picked":["LikeWater","EmptyFist"],"picked":"Vault","floor":3},{"not_picked":["InnerPeace","Protect"],"picked":"Prostrate","floor":4},{"not_picked":["Indignation","CrushJoints"],"picked":"ThirdEye","floor":5},{"not_picked":["Meditate","Protect"],"picked":"PathToVictory","floor":7},{"not_picked":["Establishment","Replay:AtTheReady"],"picked":"Evaluate","floor":12},{"not_picked":["JustLucky","SandsOfTime"],"picked":"Replay:DivineShield","floor":14}],"player_experience":244145,"relics_obtained":[{"floor":7,"key":"Darkstone Periapt"},{"floor":9,"key":"construct:RocketBooster"},{"floor":12,"key":"Gambling Chip"},{"floor":14,"key":"Mango"}],"event_choices":[{"damage_healed":21,"gold_gain":0,"player_choice":"Banana","damage_taken":0,"max_hp_gain":0,"max_hp_loss":0,"event_name":"Big Fish","floor":10,"gold_loss":0}],"is_beta":false,"boss_relics":[],"items_purged_floors":[],"is_endless":false,"potions_floor_spawned":[2,12,14],"killed_by":"Slime Boss","ascension_level":0}}