{"host":"iyvjjqtjrywxqc57","time":1609843860,"event":{"mods":["AchievementEnabler","BaseMod","Bestiary","Better Altar","Better Match","Better Note","Better Sensory Stone","Better Skull","Better Third Choice","Colored Map","Colored Powertips","Displayed Cursed Tome","Downfall","Jorbs\u0027s Wanderer Trilogy","Minty Spire (QoL Compilation)","Quick Restart","Rare Cards Sparkle","Relic Stats","StSLib"],"gold_per_floor":[112,123,123,139,158,158,190,190,490,516,539,539,539,539,539,644,644,657,657,707,465,448,477,477,489,559,559,11,11,11,28,28,130,130,144,144,144,160,70,100,117,117,117,12,26,26,26],"floor_reached":46,"playtime":4434,"items_purged":[],"score":549,"play_id":"b9099299-d950-4f14-b01f-3dd6d044177c","local_time":"20210105045100","is_ascension_mode":false,"campfire_choices":[{"data":"Backstab","floor":6.0,"key":"SMITH"},{"data":"Leg Sweep","floor":12.0,"key":"SMITH"},{"floor":15.0,"key":"REST"},{"data":"expansioncontent:DefensiveStance","floor":24.0,"key":"SMITH"},{"data":"Noxious Fumes","floor":30.0,"key":"SMITH"},{"floor":32.0,"key":"REST"},{"floor":42.0,"key":"REST"}],"circlet_count":0,"master_deck":["Strike_G","Strike_G","Strike_G","Defend_G","Defend_G","Defend_G+1","Defend_G","Defend_G+1","Survivor","Neutralize","Leg Sweep+1","Dagger Spray+1","Backstab+1","Sucker Punch","Well Laid Plans","Acrobatics","Bullet Time","Decay","expansioncontent:DefensiveStance+1","A Thousand Cuts","Accuracy+1","Noxious Fumes+1","PiercingWail+1","Swift Strike","Bane","Envenom","All Out Attack","Decay","Dodge and Roll+1","Distraction+1","Endless Agony+1","Deadly Poison","Blade Dance","Noxious Fumes+1"],"relics":["SacredBark","Ice Cream","Old Coin","Tingsha","Bronze Scales","Potion Belt","SlaversCollar","Sling","Juzu Bracelet","Letter Opener","ClockworkSouvenir","Bag of Preparation","Black Star","Art of War","CaptainsWheel","Thread and Needle"],"acts_visited":["Exordium","TheCity","TheBeyond"],"potions_floor_usage":[46],"damage_taken":[{"damage":2.0,"enemies":"Cultist","floor":1.0,"turns":5.0},{"damage":3.0,"enemies":"Small Slimes","floor":2.0,"turns":4.0},{"damage":0.0,"enemies":"Jaw Worm","floor":4.0,"turns":5.0},{"damage":12.0,"enemies":"Large Slime","floor":5.0,"turns":8.0},{"damage":10.0,"enemies":"3 Sentries","floor":7.0,"turns":6.0},{"damage":6.0,"enemies":"Gremlin Nob","floor":10.0,"turns":4.0},{"damage":16.0,"enemies":"Hexaghost","floor":16.0,"turns":16.0},{"damage":18.0,"enemies":"Chosen","floor":18.0,"turns":7.0},{"damage":12.0,"enemies":"2 Thieves","floor":22.0,"turns":4.0},{"damage":5.0,"enemies":"Book of Stabbing","floor":23.0,"turns":6.0},{"damage":14.0,"enemies":"Snake Plant","floor":25.0,"turns":5.0},{"damage":11.0,"enemies":"Centurion and Healer","floor":31.0,"turns":11.0},{"damage":0.0,"enemies":"Collector","floor":33.0,"turns":8.0},{"damage":2.0,"enemies":"3 Shapes","floor":35.0,"turns":7.0},{"damage":27.0,"enemies":"3 Darklings","floor":38.0,"turns":3.0},{"damage":39.0,"enemies":"Nemesis","floor":40.0,"turns":8.0},{"damage":2.0,"enemies":"Writhing Mass","floor":41.0,"turns":7.0},{"damage":9.0,"enemies":"Sphere and 2 Shapes","floor":45.0,"turns":8.0},{"damage":30,"enemies":"Giant Head","floor":46,"turns":6}],"seed_played":"-8041278947135792102","potions_obtained":[{"floor":1.0,"key":"Poison Potion"},{"floor":5.0,"key":"Weak Potion"},{"floor":16.0,"key":"BlessingOfTheForge"},{"floor":31.0,"key":"PowerPotion"},{"floor":33.0,"key":"CunningPotion"},{"floor":38.0,"key":"Guardian:BlockOnCardUsePotion"},{"floor":45.0,"key":"champ:CounterPotion"}],"is_trial":false,"path_per_floor":["M","M","?","M","M","R","E","?","T","E","T","R","?","?","R","B",null,"M","?","?","$","M","E","R","M","T","?","$","?","R","M","R","B",null,"M","?","?","M","?","E","M","R","T","$","M","E"],"character_chosen":"THE_SILENT","items_purchased":["Sling","expansioncontent:DefensiveStance","Noxious Fumes","ClockworkSouvenir","Bag of Preparation","PiercingWail","Swift Strike","DistilledChaos","Deadly Poison","Blade Dance"],"campfire_rested":3,"item_purchase_floors":[21,21,28,28,28,28,28,28,44,44],"current_hp_per_floor":[68,65,65,65,53,53,43,29,29,23,23,23,5,10,32,16,75,57,57,57,57,45,40,40,26,26,26,26,26,26,15,37,37,75,73,71,71,44,44,5,3,24,24,24,15,0,0],"gold":26,"neow_bonus":"BOSS_RELIC","is_daily":false,"chose_seed":false,"campfire_upgraded":4,"win_rate":0.0,"timestamp":1609843860,"path_taken":["M","M","?","M","M","R","E","?","T","E","?","R","?","?","R","BOSS","M","?","?","?","?","E","R","M","T","?","$","?","R","M","R","BOSS","M","?","?","M","?","E","M","R","T","$","M","E"],"items_purchased_type":["Relic","Card","Card","Relic","Relic","Card","Card","Potion","Card","Card"],"build_version":"2020-12-22","purchased_purges":0,"victory":false,"max_hp_per_floor":[70,70,70,70,70,70,70,70,70,70,70,70,70,75,75,75,75,75,75,75,75,75,75,75,75,75,75,75,75,75,75,75,75,75,75,71,71,71,71,71,71,71,71,71,71,71,71],"relic_stats":{"counters":[19,128],"Bronze Scales":[305],"Tingsha":[84],"Juzu Bracelet":2,"Bag of Preparation":[16],"Black Star":1,"Art of War":[2],"Letter Opener":[98],"obtain_stats":[{"Ice Cream":7,"Potion Belt":13,"SacredBark":0,"Tingsha":10,"Thread and Needle":43,"Juzu Bracelet":23,"Bag of Preparation":28,"Letter Opener":26,"Sling":21,"Old Coin":9,"ClockworkSouvenir":28,"SlaversCollar":17,"CaptainsWheel":40,"Bronze Scales":11,"Black Star":34,"Art of War":40,"Ring of the Snake":0},{"Ice Cream":5,"Potion Belt":6,"SacredBark":0,"Tingsha":6,"Thread and Needle":17,"Juzu Bracelet":10,"Bag of Preparation":11,"Letter Opener":11,"Sling":8,"Old Coin":5,"ClockworkSouvenir":11,"SlaversCollar":7,"CaptainsWheel":16,"Bronze Scales":6,"Black Star":13,"Art of War":16,"Ring of the Snake":0},{"Ice Cream":28,"Potion Belt":32,"SacredBark":0,"Tingsha":32,"Thread and Needle":114,"Juzu Bracelet":65,"Bag of Preparation":70,"Letter Opener":70,"Sling":55,"Old Coin":28,"ClockworkSouvenir":70,"SlaversCollar":48,"CaptainsWheel":107,"Bronze Scales":32,"Black Star":89,"Art of War":107,"Ring of the Snake":0}]},"card_choices":[{"not_picked":["Outmaneuver","Tactician"],"picked":"Leg Sweep","floor":1.0},{"not_picked":["Escape Plan","Flying Knee"],"picked":"Dagger Spray","floor":2.0},{"not_picked":["Slice","PiercingWail"],"picked":"Backstab","floor":4.0},{"not_picked":["Acrobatics","Eviscerate"],"picked":"Sucker Punch","floor":5.0},{"not_picked":["Phantasmal Killer","Prepared"],"picked":"Well Laid Plans","floor":7.0},{"not_picked":["Outmaneuver","Predator"],"picked":"Acrobatics","floor":10.0},{"not_picked":["Wraith Form v2","Malaise"],"picked":"Bullet Time","floor":16.0},{"not_picked":["Prepared","Acrobatics","Heel Hook"],"picked":"SKIP","floor":18.0},{"not_picked":["Backflip","Well Laid Plans","Heel Hook"],"picked":"SKIP","floor":22.0},{"not_picked":["Sucker Punch","Flechettes"],"picked":"A Thousand Cuts","floor":23.0},{"not_picked":["Flechettes","Eviscerate"],"picked":"Accuracy+1","floor":25.0},{"not_picked":["Escape Plan","Reflex"],"picked":"Bane","floor":31.0},{"not_picked":["Adrenaline","Doppelganger"],"picked":"Envenom","floor":33.0},{"not_picked":["Backflip","Distraction"],"picked":"All Out Attack","floor":35.0},{"not_picked":["Caltrops","Expertise"],"picked":"Dodge and Roll+1","floor":38.0},{"not_picked":["Slice","Dodge and Roll"],"picked":"Distraction+1","floor":40.0},{"not_picked":["Reflex+1","Escape Plan+1"],"picked":"Endless Agony+1","floor":41.0},{"not_picked":["Blur+1","Cloak And Dagger"],"picked":"Noxious Fumes+1","floor":45.0}],"player_experience":82426,"relics_obtained":[{"floor":7.0,"key":"Ice Cream"},{"floor":9.0,"key":"Old Coin"},{"floor":10.0,"key":"Tingsha"},{"floor":11.0,"key":"Bronze Scales"},{"floor":23.0,"key":"Juzu Bracelet"},{"floor":26.0,"key":"Letter Opener"},{"floor":40.0,"key":"Art of War"},{"floor":40.0,"key":"CaptainsWheel"},{"floor":43.0,"key":"Thread and Needle"}],"event_choices":[{"damage_healed":0.0,"max_hp_gain":0.0,"max_hp_loss":0.0,"gold_gain":0.0,"event_name":"Living Wall","player_choice":"Grow","floor":3.0,"gold_loss":0.0,"damage_taken":0.0,"cards_upgraded":["Dagger Spray"]},{"damage_healed":43.0,"max_hp_gain":0.0,"max_hp_loss":70.0,"gold_gain":0.0,"event_name":"betterThird:BetterShining","player_choice":"Upgrade","floor":8.0,"gold_loss":0.0,"damage_taken":14.0,"cards_upgraded":["Defend_G","Defend_G"]},{"damage_healed":0.0,"max_hp_gain":0.0,"max_hp_loss":0.0,"gold_gain":1.0,"event_name":"betterThird:BetterScrap","player_choice":"Relic ","floor":13.0,"gold_loss":0.0,"damage_taken":18.0,"cards_obtained":["Study"]},{"damage_healed":0.0,"max_hp_gain":5.0,"max_hp_loss":0.0,"gold_gain":0.0,"event_name":"Big Fish","player_choice":"Donut","floor":14.0,"gold_loss":0.0,"damage_taken":0.0},{"damage_healed":0.0,"max_hp_gain":0.0,"max_hp_loss":0.0,"gold_gain":0.0,"event_name":"Wheel of Change","player_choice":"Cursed","floor":19.0,"gold_loss":0.0,"damage_taken":0.0,"cards_obtained":["Decay"]},{"damage_healed":0.0,"max_hp_gain":0.0,"max_hp_loss":0.0,"gold_gain":100.0,"event_name":"The Joust","player_choice":"Bet on Murderer","floor":20.0,"gold_loss":50.0,"damage_taken":0.0},{"cards_removed":["Strike_G"],"damage_healed":0.0,"max_hp_gain":0.0,"max_hp_loss":0.0,"gold_gain":0.0,"event_name":"Purifier","player_choice":"Purged","floor":27.0,"gold_loss":0.0,"damage_taken":0.0},{"cards_removed":["Strike_G"],"damage_healed":0.0,"max_hp_gain":0.0,"max_hp_loss":0.0,"gold_gain":0.0,"event_name":"betterNote:BetterNote","player_choice":"Give","floor":29.0,"gold_loss":0.0,"damage_taken":0.0,"cards_obtained":["Strike_G"]},{"damage_healed":0.0,"max_hp_gain":0.0,"max_hp_loss":4.0,"gold_gain":0.0,"event_name":"Winding Halls","player_choice":"Max HP","floor":36.0,"gold_loss":0.0,"damage_taken":0.0},{"damage_healed":0.0,"max_hp_gain":0.0,"max_hp_loss":0.0,"gold_gain":0.0,"event_name":"Wheel of Change","player_choice":"Cursed","floor":37.0,"gold_loss":0.0,"damage_taken":0.0,"cards_obtained":["Decay"]},{"cards_removed":["Strike_G"],"damage_healed":0.0,"max_hp_gain":0.0,"max_hp_loss":0.0,"gold_gain":0.0,"event_name":"Designer","player_choice":"Upgrade and Remove","floor":39.0,"gold_loss":90.0,"damage_taken":0.0,"cards_upgraded":["PiercingWail"]}],"is_beta":false,"boss_relics":[{"not_picked":["Fusion Hammer","Runic Pyramid"],"picked":"SlaversCollar"},{"not_picked":["HoveringKite","Astrolabe"],"picked":"Black Star"}],"items_purged_floors":[],"is_endless":false,"potions_floor_spawned":[1,5,16,31,33,38,45],"killed_by":"Giant Head","ascension_level":0}}