{"host":"ai2zab3l3qrfb1vu","time":1609842621,"event":{"mods":["2.2 Compatiblity","Act Like it!","BaseMod","BetterRewards","Friendly Minions","Gensokyo","GifTheSpireLib","Highlight Path","Hubris","Infinite Spire","MarisaÅiñ∂âJÅ@ñÇóùçπÅj","Minty Spire (QoL Compilation)","Relic Filter","Replay The Spire","Shop Mod","StSLib","The Servant 0.9.4","Yuri Mod"],"gold_per_floor":[119,119,224,224,236,236,267,267,267,267],"floor_reached":33,"playtime":691,"items_purged":[],"score":343,"play_id":"d786da52-a8b7-4f8e-8e53-7ef8aa568dce","local_time":"20210105033021","is_ascension_mode":true,"campfire_choices":[{"data":"yuri:yuriQuickStrike","floor":15,"key":"SMITH"},{"data":"yuri:ConsumeGlitch","floor":32,"key":"SMITH"}],"circlet_count":0,"master_deck":["yuri:yuriStrike","yuri:yuriStrike","yuri:yuriStrike","yuri:yuriStrike","yuri:yuriStrike","yuri:yuriDefend","yuri:yuriDefend","yuri:yuriDefend","yuri:yuriDefend","yuri:yuriDefend","yuri:Oolong","yuri:yuriStab","yuri:yuriQuickStrike+1","yuri:ConsumeGlitch+1","yuri:MultiDip","6A"],"relics":["yuri:yuriKnife","Gensokyo:PortableGap","Cursed Key","Chameleon Ring"],"acts_visited":["Gensokyo:Gensokyo","Gensokyo:Gensokyoer"],"potions_floor_usage":[33,33],"damage_taken":[{"damage":0,"enemies":"Gensokyo:2_Kodama","floor":1,"turns":1},{"damage":0,"enemies":"Gensokyo:Yukari","floor":16,"turns":1},{"damage":0,"enemies":"Gensokyo:CosmicMonolith","floor":18,"turns":1},{"damage":0,"enemies":"Nightmare","floor":30,"turns":1},{"damage":103,"enemies":"Gensokyo:Eiki","floor":33,"turns":7}],"seed_played":"-3207657495541370988","potions_obtained":[{"floor":1,"key":"Explosive Potion"},{"floor":18,"key":"Fire Potion"}],"is_trial":false,"path_per_floor":["M","R","B",null,"M","AVR","NM","R","B"],"character_chosen":"YURI","items_purchased":[],"campfire_rested":0,"item_purchase_floors":[],"current_hp_per_floor":[85,85,85,85,82,79,76,76,0,0],"gold":267,"neow_bonus":"TEN_PERCENT_HP_BONUS","is_daily":false,"chose_seed":false,"campfire_upgraded":2,"win_rate":0.0,"timestamp":1609842621,"path_taken":["M","R","BOSS","M","AVR","NM","R","BOSS"],"items_purchased_type":[],"build_version":"2020-12-22","purchased_purges":0,"victory":false,"max_hp_per_floor":[85,85,85,85,82,79,76,76,76,76],"card_choices":[{"not_picked":["yuri:Stalk","yuri:GlitchedStrike"],"picked":"yuri:yuriQuickStrike","floor":1},{"not_picked":["yuri:Virus","yuri:MagneticKnives"],"picked":"yuri:ConsumeGlitch","floor":16},{"not_picked":["yuri:yuriQuickStrike+1","yuri:Parry"],"picked":"yuri:MultiDip","floor":18},{"not_picked":["yuri:Skip","yuri:MPose+1","yuri:yuriQuickStrike"],"picked":"SKIP","floor":30},{"not_picked":["yuri:Skip","yuri:MPose+1","yuri:yuriQuickStrike"],"picked":"SKIP","floor":30}],"player_experience":660823,"relics_obtained":[{"floor":30,"key":"Chameleon Ring"}],"event_choices":[],"is_beta":false,"boss_relics":[{"not_picked":["Sozu","hubris:HollowSoul"],"picked":"Cursed Key"}],"items_purged_floors":[],"is_endless":true,"potions_floor_spawned":[1,18],"killed_by":"Gensokyo:Eiki","ascension_level":2}}