{"host":"6za4ayowsop7ft3x","time":1609834096,"event":{"mods":["AchievementEnabler","BaseMod","Bestiary","Colored Map","Colored Powertips","Curses Come First","Highlight Path","Minty Spire (QoL Compilation)","Quick Restart","StSLib"],"gold_per_floor":[119,135,155,170,170,170,198,214,238,273,44,44,44],"floor_reached":12,"playtime":469,"items_purged":[],"score":95,"play_id":"726608f4-4b9b-41ad-8940-218cb9f166f8","local_time":"20210105160816","is_ascension_mode":true,"campfire_choices":[{"data":"Infinite Blades","floor":6,"key":"SMITH"}],"circlet_count":0,"master_deck":["Strike_G","Strike_G","Strike_G","Strike_G","Strike_G","Defend_G","Defend_G","Defend_G","Defend_G","Defend_G","Survivor","Neutralize","Blade Dance","Dodge and Roll","Infinite Blades+1","Malaise","Die Die Die","Backstab","Terror","Slice"],"relics":["HoveringKite","Eternal Feather","Boot","Juzu Bracelet","ClockworkSouvenir"],"acts_visited":["Exordium"],"potions_floor_usage":[10,10,10],"damage_taken":[{"damage":4.0,"enemies":"Cultist","floor":1.0,"turns":5.0},{"damage":10.0,"enemies":"Jaw Worm","floor":2.0,"turns":5.0},{"damage":2,"enemies":"Small Slimes","floor":3,"turns":4},{"damage":0,"enemies":"Blue Slaver","floor":4,"turns":6},{"damage":39,"enemies":"Gremlin Nob","floor":7,"turns":7},{"damage":5,"enemies":"Red Slaver","floor":8,"turns":4},{"damage":9,"enemies":"3 Sentries","floor":10,"turns":4},{"damage":4,"enemies":"Lagavulin","floor":12,"turns":2}],"seed_played":"3523399034049895635","potions_obtained":[{"floor":2,"key":"DistilledChaos"},{"floor":3,"key":"SkillPotion"},{"floor":7,"key":"Regen Potion"}],"is_trial":false,"path_per_floor":["M","M","M","M","?","R","E","M","T","E","$","E"],"character_chosen":"THE_SILENT","items_purchased":["ClockworkSouvenir","Terror","Slice"],"campfire_rested":0,"item_purchase_floors":[11,11,11],"current_hp_per_floor":[66,56,54,54,54,54,15,10,10,1,1,0,0],"gold":44,"neow_bonus":"BOSS_RELIC","is_daily":false,"chose_seed":false,"campfire_upgraded":1,"win_rate":0.0,"timestamp":1609834096,"path_taken":["M","M","?","M","?","R","E","M","T","E","?","E"],"items_purchased_type":["Relic","Card","Card"],"build_version":"2020-12-22","purchased_purges":0,"victory":false,"max_hp_per_floor":[70,70,70,70,70,70,70,70,70,70,70,70,70],"card_choices":[{"not_picked":["Dagger Throw","Backflip"],"picked":"Blade Dance","floor":1.0},{"not_picked":["PiercingWail","Flying Knee"],"picked":"Dodge and Roll","floor":2},{"not_picked":["Eviscerate","Masterful Stab"],"picked":"Infinite Blades","floor":3},{"not_picked":["Poisoned Stab","Heel Hook"],"picked":"Malaise","floor":4},{"not_picked":["Escape Plan","Quick Slash"],"picked":"Die Die Die","floor":7},{"not_picked":["Acrobatics","Underhanded Strike","All Out Attack"],"picked":"SKIP","floor":8},{"not_picked":["Dagger Spray","Poisoned Stab"],"picked":"Backstab","floor":10}],"player_experience":33721,"relics_obtained":[{"floor":7,"key":"Eternal Feather"},{"floor":9,"key":"Boot"},{"floor":10,"key":"Juzu Bracelet"}],"event_choices":[{"damage_healed":0,"gold_gain":0,"player_choice":"Ignored","damage_taken":0,"max_hp_gain":0,"max_hp_loss":0,"event_name":"Golden Idol","floor":5,"gold_loss":0}],"is_beta":false,"boss_relics":[],"items_purged_floors":[],"is_endless":false,"potions_floor_spawned":[2,3,7,8],"killed_by":"Lagavulin","ascension_level":1}}