{"host":"Timothy","time":1609836433,"event":{"mods":["AchievementEnabler","BaseMod","Bestiary","Highlight Path","Minty Spire (QoL Compilation)","Quick Restart","Slay-I"],"gold_per_floor":[115,115,127,127,139,169,8,36,110,124,51,78,95,123,123,225,225,235,252,267,122,122,152,169,188,188,188,220,230,230,130,130,231,231,248,268,287,287,287,314,314,328,352,383,398,398,398],"floor_reached":46,"playtime":3388,"items_purged":["Strike_P","Strike_P"],"score":642,"play_id":"a49a7c59-b63f-4dd4-8e1b-bceea0cabe95","local_time":"20210105004713","is_ascension_mode":false,"campfire_choices":[{"data":"Eruption","floor":15.0,"key":"SMITH"},{"data":"Alpha","floor":27.0,"key":"SMITH"},{"data":"BattleHymn","floor":32.0,"key":"SMITH"},{"floor":41.0,"key":"REST"}],"circlet_count":0,"master_deck":["Strike_P+1","Defend_P","Defend_P","Defend_P","Eruption+1","Vigilance","Wallop+1","DeusExMachina","Alpha+1","LikeWater","BattleHymn+1","Wallop","ThirdEye","CarveReality","JustLucky+1","BattleHymn","Finesse","Evaluate","Consecrate","Sanctity","Vault","Halt","Madness","Madness","Doubt"],"relics":["Runic Pyramid","Nunchaku","Odd Mushroom","Kunai","Boot","Pen Nib","Cursed Key","Mummified Hand","Art of War","Sozu","HornCleat","Omamori"],"acts_visited":["Exordium","TheCity","TheBeyond"],"potions_floor_usage":[46],"damage_taken":[{"damage":0.0,"enemies":"Small Slimes","floor":1.0,"turns":3.0},{"damage":0.0,"enemies":"Cultist","floor":3.0,"turns":3.0},{"damage":0.0,"enemies":"2 Louse","floor":5.0,"turns":2.0},{"damage":6.0,"enemies":"3 Sentries","floor":6.0,"turns":7.0},{"damage":4.0,"enemies":"The Mushroom Lair","floor":8.0,"turns":4.0},{"damage":0.0,"enemies":"2 Fungi Beasts","floor":10.0,"turns":3.0},{"damage":3.0,"enemies":"Lagavulin","floor":12.0,"turns":7.0},{"damage":4.0,"enemies":"Gremlin Gang","floor":13.0,"turns":5.0},{"damage":0.0,"enemies":"Gremlin Nob","floor":14.0,"turns":3.0},{"damage":0.0,"enemies":"The Guardian","floor":16.0,"turns":7.0},{"damage":0.0,"enemies":"Spheric Guardian","floor":18.0,"turns":3.0},{"damage":2.0,"enemies":"2 Thieves","floor":19.0,"turns":3.0},{"damage":0.0,"enemies":"Sentry and Sphere","floor":20.0,"turns":3.0},{"damage":13.0,"enemies":"Slavers","floor":23.0,"turns":3.0},{"damage":0.0,"enemies":"Centurion and Healer","floor":24.0,"turns":4.0},{"damage":0.0,"enemies":"Cultist and Chosen","floor":25.0,"turns":3.0},{"damage":0.0,"enemies":"Book of Stabbing","floor":28.0,"turns":4.0},{"damage":5.0,"enemies":"Snake Plant","floor":29.0,"turns":4.0},{"damage":3.0,"enemies":"Automaton","floor":33.0,"turns":8.0},{"damage":4.0,"enemies":"3 Shapes","floor":35.0,"turns":4.0},{"damage":0.0,"enemies":"Orb Walker","floor":36.0,"turns":3.0},{"damage":4.0,"enemies":"Writhing Mass","floor":37.0,"turns":5.0},{"damage":44.0,"enemies":"Nemesis","floor":40.0,"turns":4.0},{"damage":20.0,"enemies":"Sphere and 2 Shapes","floor":42.0,"turns":4.0},{"damage":13.0,"enemies":"Reptomancer","floor":44.0,"turns":6.0},{"damage":0.0,"enemies":"Maw","floor":45.0,"turns":9.0},{"damage":9,"enemies":"Writhing Mass","floor":46,"turns":1}],"seed_played":"1447969743720790192","potions_obtained":[{"floor":5.0,"key":"Ancient Potion"},{"floor":6.0,"key":"ColorlessPotion"},{"floor":10.0,"key":"SteroidPotion"},{"floor":13.0,"key":"Dexterity Potion"},{"floor":14.0,"key":"Fruit Juice"},{"floor":16.0,"key":"FearPotion"},{"floor":18.0,"key":"Swift Potion"},{"floor":25.0,"key":"Regen Potion"},{"floor":28.0,"key":"DuplicationPotion"},{"floor":33.0,"key":"CultistPotion"}],"is_trial":false,"path_per_floor":["M","?","M","?","M","E","$","?","T","M","$","E","M","E","R","B",null,"M","M","M","$","?","E","M","M","T","R","E","M","?","$","R","B",null,"M","M","M","?","?","E","R","M","T","E","M","M"],"character_chosen":"WATCHER","items_purchased":["Alpha","BattleHymn","BattleHymn"],"campfire_rested":1,"item_purchase_floors":[7,11,21],"current_hp_per_floor":[72,72,72,58,58,52,52,48,48,48,48,45,41,41,41,46,77,77,75,75,75,63,50,50,50,50,50,50,59,59,59,59,56,77,73,73,69,69,59,15,38,18,18,5,5,0,0],"gold":398,"neow_bonus":"BOSS_RELIC","is_daily":false,"chose_seed":false,"campfire_upgraded":3,"win_rate":0.0,"timestamp":1609836433,"path_taken":["M","?","?","?","M","E","$","?","T","M","$","E","M","E","R","BOSS","M","M","M","$","?","E","M","?","T","R","E","M","?","$","R","BOSS","M","M","M","?","?","E","R","M","T","E","M","M"],"items_purchased_type":["Card","Card","Card"],"build_version":"2020-12-18","purchased_purges":2,"victory":false,"max_hp_per_floor":[72,72,72,72,72,72,72,72,72,72,72,72,72,72,72,77,77,77,77,77,77,77,77,77,77,77,77,77,77,77,77,77,77,77,77,77,77,77,77,77,77,77,77,77,77,77,77],"card_choices":[{"not_picked":["Crescendo","EmptyBody"],"picked":"Wallop","floor":1.0},{"not_picked":["ReachHeaven","Vengeance","CutThroughFate"],"picked":"SKIP","floor":3.0},{"not_picked":["Collect","EmptyMind","MasterReality"],"picked":"SKIP","floor":5.0},{"not_picked":["PathToVictory","Vengeance"],"picked":"DeusExMachina","floor":6.0},{"not_picked":["SandsOfTime","WheelKick"],"picked":"LikeWater","floor":8.0},{"not_picked":["CrushJoints","CutThroughFate","EmptyFist"],"picked":"SKIP","floor":10.0},{"not_picked":["CrushJoints","CutThroughFate","EmptyFist"],"picked":"SKIP","floor":10.0},{"not_picked":["Fasting2","Meditate"],"picked":"Wallop","floor":12.0},{"not_picked":["MentalFortress","SashWhip"],"picked":"ThirdEye","floor":13.0},{"not_picked":["FlyingSleeves","Devotion"],"picked":"CarveReality","floor":14.0},{"not_picked":["BowlingBash+1","Consecrate"],"picked":"JustLucky+1","floor":18.0},{"not_picked":["EmptyMind","Perseverance","Study"],"picked":"SKIP","floor":19.0},{"not_picked":["ThirdEye","Meditate","MentalFortress"],"picked":"SKIP","floor":20.0},{"not_picked":["ThirdEye+1","EmptyFist","ConjureBlade"],"picked":"SKIP","floor":23.0},{"not_picked":["EmptyFist","ReachHeaven"],"picked":"Evaluate","floor":24.0},{"not_picked":["Protect","PathToVictory"],"picked":"Consecrate","floor":25.0},{"not_picked":["LikeWater","Collect"],"picked":"Sanctity","floor":28.0},{"not_picked":["SignatureMove","MentalFortress","FlyingSleeves"],"picked":"SKIP","floor":29.0},{"not_picked":["Brilliance","DeusExMachina"],"picked":"Vault","floor":33.0},{"not_picked":["Evaluate","FlyingSleeves","SashWhip"],"picked":"SKIP","floor":35.0},{"not_picked":["Fasting2","CarveReality","Vengeance+1"],"picked":"SKIP","floor":36.0},{"not_picked":["Crescendo","TalkToTheHand+1"],"picked":"Halt","floor":37.0},{"not_picked":["PathToVictory+1","FlurryOfBlows","JustLucky"],"picked":"SKIP","floor":40.0},{"not_picked":["FlyingSleeves+1","SandsOfTime","EmptyMind+1"],"picked":"SKIP","floor":42.0},{"not_picked":["Consecrate","SignatureMove","Scrawl"],"picked":"SKIP","floor":44.0},{"not_picked":["SashWhip","ThirdEye","WreathOfFlame"],"picked":"SKIP","floor":45.0}],"player_experience":743314,"relics_obtained":[{"floor":6.0,"key":"Nunchaku"},{"floor":8.0,"key":"Odd Mushroom"},{"floor":9.0,"key":"Kunai"},{"floor":12.0,"key":"Boot"},{"floor":14.0,"key":"Pen Nib"},{"floor":23.0,"key":"Mummified Hand"},{"floor":28.0,"key":"Art of War"},{"floor":40.0,"key":"HornCleat"},{"floor":44.0,"key":"Omamori"}],"event_choices":[{"damage_healed":0.0,"max_hp_gain":0.0,"max_hp_loss":0.0,"gold_gain":0.0,"event_name":"WeMeetAgain","player_choice":"Ignored","floor":2.0,"gold_loss":0.0,"damage_taken":0.0},{"damage_healed":0.0,"max_hp_gain":0.0,"max_hp_loss":0.0,"gold_gain":0.0,"event_name":"Shining Light","player_choice":"Entered Light","floor":4.0,"gold_loss":0.0,"damage_taken":14.0,"cards_upgraded":["Wallop","Strike_P"]},{"damage_healed":0.0,"max_hp_gain":0.0,"max_hp_loss":0.0,"gold_gain":0.0,"event_name":"Mushrooms","player_choice":"Fought Mushrooms","floor":8.0,"gold_loss":0.0,"damage_taken":0.0},{"damage_healed":0.0,"max_hp_gain":0.0,"max_hp_loss":0.0,"gold_gain":0.0,"event_name":"Knowing Skull","player_choice":"CARD ","floor":22.0,"potions_obtained":[],"gold_loss":0.0,"damage_taken":12.0,"cards_obtained":["Finesse"]},{"cards_removed":["Strike_P"],"damage_healed":0.0,"max_hp_gain":0.0,"max_hp_loss":0.0,"gold_gain":0.0,"event_name":"Purifier","player_choice":"Purged","floor":30.0,"gold_loss":0.0,"damage_taken":0.0},{"cards_removed":["Defend_P"],"damage_healed":0.0,"max_hp_gain":0.0,"max_hp_loss":0.0,"gold_gain":0.0,"event_name":"Falling","player_choice":"Removed Skill","floor":38.0,"gold_loss":0.0,"damage_taken":0.0},{"damage_healed":0.0,"max_hp_gain":0.0,"max_hp_loss":0.0,"gold_gain":0.0,"event_name":"Winding Halls","player_choice":"Embrace Madness","floor":39.0,"gold_loss":0.0,"damage_taken":10.0,"cards_obtained":["Madness","Madness"]}],"is_beta":true,"boss_relics":[{"not_picked":["Fusion Hammer","VioletLotus"],"picked":"Cursed Key"},{"not_picked":["Busted Crown","Calling Bell"],"picked":"Sozu"}],"items_purged_floors":[21,31],"is_endless":false,"potions_floor_spawned":[5,6,10,13,14,16,18,19,25,28,33,35,36,42],"killed_by":"Writhing Mass","ascension_level":0}}