{"host":"37dk0reb6x0du8wx","time":1609828529,"event":{"mods":["BaseMod","Colored Map","DeckTracker","Minty Spire (QoL Compilation)","Quick Restart","StSLib"],"gold_per_floor":[114,189,189,139,64,102,126,126,126,126,204,60,60,94,94,213,213,231,255,180,193,217,217,252,252,252,252,9,9,9,43,43,139,139,158,208,258,277,24,24,40,0,0,0,18,18,28,39,39,39,39],"floor_reached":50,"playtime":1526,"items_purged":["Strike_B","Strike_B"],"score":585,"play_id":"49c6564c-3479-4665-bb59-5ced69b5c1c8","local_time":"20210105153529","is_ascension_mode":true,"campfire_choices":[{"data":"Zap","floor":8,"key":"SMITH"},{"data":"Leap","floor":10,"key":"SMITH"},{"floor":15,"key":"REST"},{"data":"Electrodynamics","floor":23,"key":"SMITH"},{"floor":27,"key":"REST"},{"floor":32,"key":"REST"},{"data":"Conserve Battery","floor":40,"key":"SMITH"},{"data":"Auto Shields","floor":44,"key":"SMITH"},{"data":"Defend_B","floor":46,"key":"SMITH"},{"data":"Loop","floor":49,"key":"SMITH"}],"circlet_count":0,"master_deck":["Defend_B","Defend_B","Defend_B","Defend_B+1","Zap+1","Dualcast","Ball Lightning","Ball Lightning","Leap+1","Electrodynamics+1","Leap+1","Conserve Battery+1","Shame","Auto Shields+1","Defragment+1","Tempest+1","BootSequence+1","Self Repair+1","Loop+1"],"relics":["Cracked Core","NeowsBlessing","Bloody Idol","Emotion Chip","Dead Branch","Eternal Feather","Runic Capacitor","Shuriken","HornCleat","Mummified Hand","Sundial","Strange Spoon","Ornamental Fan","Centennial Puzzle","Turnip","Inserter","Bird Faced Urn","Du-Vu Doll","Question Card","Red Mask","Strawberry"],"acts_visited":["Exordium","TheCity","TheBeyond"],"potions_floor_usage":[14,24,24,33,38,50,50,50],"damage_taken":[{"damage":0,"enemies":"Small Slimes","floor":1,"turns":1},{"damage":0,"enemies":"Lagavulin","floor":6,"turns":1},{"damage":0,"enemies":"2 Louse","floor":7,"turns":1},{"damage":32,"enemies":"Lagavulin Event","floor":11,"turns":4},{"damage":13,"enemies":"3 Sentries","floor":14,"turns":6},{"damage":8,"enemies":"Hexaghost","floor":16,"turns":8},{"damage":30,"enemies":"2 Thieves","floor":18,"turns":4},{"damage":0,"enemies":"Spheric Guardian","floor":19,"turns":3},{"damage":0,"enemies":"3 Cultists","floor":21,"turns":3},{"damage":2,"enemies":"Centurion and Healer","floor":22,"turns":4},{"damage":21,"enemies":"Book of Stabbing","floor":24,"turns":5},{"damage":15,"enemies":"Slavers","floor":31,"turns":2},{"damage":32,"enemies":"Collector","floor":33,"turns":9},{"damage":3,"enemies":"3 Shapes","floor":35,"turns":2},{"damage":38,"enemies":"2 Orb Walkers","floor":36,"turns":4},{"damage":0,"enemies":"Mind Bloom Boss Battle","floor":37,"turns":7},{"damage":11,"enemies":"Orb Walker","floor":38,"turns":2},{"damage":9,"enemies":"Writhing Mass","floor":41,"turns":5},{"damage":25,"enemies":"Maw","floor":45,"turns":8},{"damage":16,"enemies":"4 Shapes","floor":47,"turns":5},{"damage":6,"enemies":"3 Darklings","floor":48,"turns":3},{"damage":106,"enemies":"Awakened One","floor":50,"turns":10}],"seed_played":"6426594594277126515","potions_obtained":[{"floor":6,"key":"Ancient Potion"},{"floor":11,"key":"SpeedPotion"},{"floor":18,"key":"Fire Potion"},{"floor":21,"key":"Fire Potion"},{"floor":24,"key":"SteroidPotion"},{"floor":33,"key":"GamblersBrew"},{"floor":37,"key":"Fruit Juice"},{"floor":45,"key":"SkillPotion"}],"is_trial":false,"path_per_floor":["M","?","?","?","$","E","M","R","T","R","?","$","T","E","R","B",null,"M","M","?","M","M","R","E","?","T","R","$","T","?","E","R","B",null,"M","?","?","M","$","R","M","?","T","R","M","R","M","M","R","B"],"character_chosen":"DEFECT","items_purchased":["Runic Capacitor","Strange Spoon","Question Card"],"campfire_rested":3,"item_purchase_floors":[12,28,39],"current_hp_per_floor":[75,64,46,46,46,46,46,46,46,46,14,14,14,1,29,21,75,45,45,45,45,43,49,28,28,28,56,56,56,56,46,74,47,75,75,42,51,52,52,61,61,61,68,77,71,80,85,87,87,0,0],"gold":39,"neow_bonus":"THREE_ENEMY_KILL","is_daily":false,"chose_seed":false,"campfire_upgraded":7,"win_rate":0.0,"timestamp":1609828529,"path_taken":["M","?","?","?","$","E","M","R","T","R","?","$","?","E","R","BOSS","M","M","?","M","M","R","E","?","T","R","$","?","?","E","R","BOSS","M","?","?","M","$","R","M","?","T","R","M","R","M","M","R","BOSS"],"items_purchased_type":["Relic","Relic","Relic"],"build_version":"2020-12-22","purchased_purges":2,"victory":false,"max_hp_per_floor":[75,75,75,75,75,75,75,75,75,75,75,75,75,75,75,75,75,75,75,75,75,75,75,75,75,75,75,75,75,75,75,75,75,75,75,75,75,80,80,80,80,80,87,87,87,87,87,87,87,87,87],"card_choices":[{"not_picked":["Streamline","Rip and Tear"],"picked":"Ball Lightning","floor":1},{"not_picked":["Reinforced Body","Stack"],"picked":"Ball Lightning","floor":6},{"not_picked":["Ball Lightning","Tempest"],"picked":"Leap","floor":7},{"not_picked":["Hologram","Capacitor","Turbo"],"picked":"SKIP","floor":14},{"not_picked":["Meteor Strike","Multi-Cast"],"picked":"Electrodynamics","floor":16},{"not_picked":["Lockon","Stack","Hello World"],"picked":"SKIP","floor":18},{"not_picked":["Static Discharge","Gash"],"picked":"Leap+1","floor":19},{"not_picked":["Steam","Rebound+1"],"picked":"Conserve Battery","floor":21},{"not_picked":["Rebound","Doom and Gloom","Hologram"],"picked":"SKIP","floor":22},{"not_picked":["Rainbow","Go for the Eyes","Sweeping Beam"],"picked":"SKIP","floor":24},{"not_picked":["Hologram","Electrodynamics"],"picked":"Auto Shields","floor":31},{"not_picked":["Lockon","Conserve Battery"],"picked":"Defragment+1","floor":35},{"not_picked":["Genetic Algorithm","Go for the Eyes"],"picked":"Tempest+1","floor":37},{"not_picked":["Hello World","Rip and Tear+1"],"picked":"BootSequence+1","floor":38},{"not_picked":["Stack","Lockon+1","Compile Driver+1"],"picked":"Self Repair+1","floor":41},{"not_picked":["Tempest+1","Turbo+1","Sweeping Beam+1","Lockon"],"picked":"SKIP","floor":45},{"not_picked":["Turbo","Chill","Ball Lightning+1"],"picked":"Loop","floor":47},{"not_picked":["Fusion","Ball Lightning","Genetic Algorithm+1","Heatsinks+1"],"picked":"SKIP","floor":48}],"player_experience":148016,"relics_obtained":[{"floor":6,"key":"Emotion Chip"},{"floor":9,"key":"Dead Branch"},{"floor":13,"key":"Shuriken"},{"floor":14,"key":"HornCleat"},{"floor":24,"key":"Mummified Hand"},{"floor":26,"key":"Sundial"},{"floor":29,"key":"Ornamental Fan"},{"floor":31,"key":"Turnip"},{"floor":36,"key":"Bird Faced Urn"},{"floor":37,"key":"Du-Vu Doll"},{"floor":43,"key":"Strawberry"}],"event_choices":[{"damage_healed":0,"gold_gain":75,"player_choice":"Gather Gold","damage_taken":11,"max_hp_gain":0,"max_hp_loss":0,"event_name":"World of Goop","floor":2,"gold_loss":0},{"damage_healed":0,"gold_gain":0,"player_choice":"Take Damage","damage_taken":18,"relics_obtained":["Golden Idol"],"max_hp_gain":0,"max_hp_loss":0,"event_name":"Golden Idol","floor":3,"gold_loss":0},{"cards_removed":["Strike_B"],"damage_healed":0,"gold_gain":0,"player_choice":"Card Removal","damage_taken":0,"max_hp_gain":0,"max_hp_loss":0,"event_name":"The Cleric","floor":4,"gold_loss":50},{"damage_healed":0,"gold_gain":0,"player_choice":"Searched \u00272\u0027 times","damage_taken":0,"relics_obtained":["Eternal Feather"],"max_hp_gain":0,"max_hp_loss":0,"event_name":"Dead Adventurer","floor":11,"gold_loss":0},{"cards_removed":["Strike_B"],"damage_healed":0,"gold_gain":0,"player_choice":"Gave Gold","damage_taken":0,"max_hp_gain":0,"max_hp_loss":0,"event_name":"Beggar","floor":20,"gold_loss":75},{"damage_healed":0,"gold_gain":0,"player_choice":"Gave Idol","damage_taken":0,"relics_obtained":["Bloody Idol"],"max_hp_gain":0,"max_hp_loss":0,"event_name":"Forgotten Altar","floor":25,"relics_lost":["Golden Idol"],"gold_loss":0},{"damage_healed":0,"gold_gain":0,"player_choice":"Stole Relic","damage_taken":0,"relics_obtained":["Centennial Puzzle"],"max_hp_gain":0,"max_hp_loss":0,"event_name":"Addict","floor":30,"gold_loss":0,"cards_obtained":["Shame"]},{"damage_healed":0,"gold_gain":0,"player_choice":"Fight","damage_taken":0,"max_hp_gain":0,"max_hp_loss":0,"event_name":"Mysterious Sphere","floor":36,"gold_loss":0},{"damage_healed":0,"gold_gain":0,"player_choice":"Fight","damage_taken":0,"max_hp_gain":0,"max_hp_loss":0,"event_name":"MindBloom","floor":37,"gold_loss":0},{"damage_healed":0,"gold_gain":0,"player_choice":"Paid","damage_taken":0,"relics_obtained":["Red Mask"],"max_hp_gain":0,"max_hp_loss":0,"event_name":"Tomb of Lord Red Mask","floor":42,"gold_loss":40}],"is_beta":false,"boss_relics":[{"not_picked":["Astrolabe","Runic Dome","Fusion Hammer"]},{"not_picked":["Busted Crown","Runic Pyramid"],"picked":"Inserter"}],"items_purged_floors":[5,28],"is_endless":false,"potions_floor_spawned":[6,11,18,21,24,33,37,45,47],"killed_by":"Awakened One","ascension_level":3}}