{"host":"za51qju8r56bcr85","time":1609842341,"event":{"mods":["Act Like it!","BaseMod","Block Reminder","Googly Eyes","Minty Spire (QoL Compilation)","Quick Restart","Relic Sorter","Relic Stats","Shop Mod","StSLib","SuperFastMode"],"gold_per_floor":[18,30,30,40,59,59,92,92,92,92,109,141,153,153,153,230,230,242,157,157,157,157,157,190,30,57,71,101,115,115,143,143,214,264,282,282,294,294,309,338,352,364,409,409,434,434,447,461,461,461,461,461,461,203,230,230],"floor_reached":57,"playtime":1749,"items_purged":["Defend_G","Neutralize+1"],"score":3164,"play_id":"32822286-2464-4b52-b902-17a964c071bb","local_time":"20210105182541","is_ascension_mode":true,"campfire_choices":[{"data":"Reprogram","floor":6.0,"key":"SMITH"},{"data":"Blade Dance","floor":8.0,"key":"SMITH"},{"data":"Neutralize","floor":10.0,"key":"SMITH"},{"data":"Backflip","floor":15.0,"key":"SMITH"},{"data":"Well Laid Plans","floor":23.0,"key":"SMITH"},{"data":"Wraith Form v2","floor":32.0,"key":"SMITH"},{"floor":49.0,"key":"RECALL"},{"data":"Strike_G+1","floor":53.0,"key":"PURGE"}],"circlet_count":0,"master_deck":["AscendersBane","Defend_G+1","Defend_G+1","Defend_G+1","Survivor+1","Reprogram+1","Dagger Spray+1","Blade Dance+1","Backflip+1","Acrobatics+1","Reflex+1","Well Laid Plans+1","Ghostly+1","Ghostly+1","Ghostly+1","Wraith Form v2+1","Tactician+1","Terror+1","Prepared+1","Escape Plan+1","Burst+1","Acrobatics+1"],"relics":["Frozen Eye","Ring of the Serpent","Paper Crane","Ornamental Fan","Whetstone","Runic Dome","Blood Vial","Mango","Potion Belt","Peace Pipe","Tiny House","Dream Catcher","Orichalcum","Toy Ornithopter","Mark of the Bloom","Strange Spoon","Anchor"],"acts_visited":["Exordium","TheCity","TheBeyond","TheEnding"],"potions_floor_usage":[56,56,56,56],"damage_taken":[{"damage":1.0,"enemies":"Cultist","floor":1.0,"turns":4.0},{"damage":0.0,"enemies":"Small Slimes","floor":2.0,"turns":3.0},{"damage":0.0,"enemies":"2 Louse","floor":4.0,"turns":3.0},{"damage":3.0,"enemies":"Looter","floor":5.0,"turns":3.0},{"damage":8.0,"enemies":"Gremlin Nob","floor":7.0,"turns":3.0},{"damage":0.0,"enemies":"Red Slaver","floor":11.0,"turns":2.0},{"damage":16.0,"enemies":"3 Sentries","floor":12.0,"turns":5.0},{"damage":3.0,"enemies":"Lots of Slimes","floor":13.0,"turns":2.0},{"damage":0.0,"enemies":"The Guardian","floor":16.0,"turns":8.0},{"damage":2.0,"enemies":"2 Thieves","floor":18.0,"turns":3.0},{"damage":1.0,"enemies":"Book of Stabbing","floor":24.0,"turns":5.0},{"damage":5.0,"enemies":"Chosen","floor":27.0,"turns":6.0},{"damage":0.0,"enemies":"Gremlin Leader","floor":28.0,"turns":6.0},{"damage":0.0,"enemies":"Snecko","floor":29.0,"turns":1.0},{"damage":8.0,"enemies":"Slavers","floor":31.0,"turns":8.0},{"damage":6.0,"enemies":"Collector","floor":33.0,"turns":8.0},{"damage":0.0,"enemies":"3 Darklings","floor":35.0,"turns":2.0},{"damage":0.0,"enemies":"3 Shapes","floor":37.0,"turns":1.0},{"damage":0.0,"enemies":"3 Darklings","floor":39.0,"turns":1.0},{"damage":0.0,"enemies":"Reptomancer","floor":40.0,"turns":1.0},{"damage":0.0,"enemies":"Maw","floor":41.0,"turns":1.0},{"damage":0.0,"enemies":"Spire Growth","floor":42.0,"turns":1.0},{"damage":0.0,"enemies":"Giant Head","floor":45.0,"turns":1.0},{"damage":0.0,"enemies":"Writhing Mass","floor":47.0,"turns":1.0},{"damage":0.0,"enemies":"4 Shapes","floor":48.0,"turns":1.0},{"damage":2.0,"enemies":"Awakened One","floor":50.0,"turns":8.0},{"damage":0.0,"enemies":"Time Eater","floor":51.0,"turns":8.0},{"damage":0.0,"enemies":"Shield and Spear","floor":55.0,"turns":12.0},{"damage":12,"enemies":"The Heart","floor":56,"turns":9}],"seed_played":"1597879885379175436","potions_obtained":[{"floor":2.0,"key":"DistilledChaos"},{"floor":7.0,"key":"PowerPotion"},{"floor":13.0,"key":"ColorlessPotion"},{"floor":16.0,"key":"GamblersBrew"},{"floor":33.0,"key":"PowerPotion"},{"floor":34.0,"key":"LiquidMemories"},{"floor":41.0,"key":"GhostInAJar"}],"is_trial":false,"path_per_floor":["M","M","?","M","M","R","E","R","T","R","M","E","M","?","R","B",null,"M","?","?","?","?","R","E","$","T","M","E","M","$","E","R","B",null,"M","?","M","?","M","E","M","M","T","?","E","?","M","M","R","B","B",null,"R","$","E","B",null],"character_chosen":"THE_SILENT","items_purchased":["Tactician","Strange Spoon"],"campfire_rested":0,"item_purchase_floors":[25,54],"current_hp_per_floor":[58,58,58,58,55,55,47,47,47,47,47,31,28,8,8,8,52,50,50,50,50,33,33,46,46,46,42,44,46,46,39,39,35,49,51,51,52,49,51,52,52,52,52,42,44,44,44,44,44,42,42,42,42,42,42,30],"gold":230,"neow_bonus":"REMOVE_TWO","is_daily":false,"chose_seed":false,"campfire_upgraded":6,"win_rate":0.0,"timestamp":1609842341,"path_taken":["M","M","?","M","M","R","E","R","T","R","M","E","M","?","R","BOSS","M","?","?","?","?","R","E","?","T","M","E","?","?","E","R","BOSS","M","?","M","?","M","E","?","M","T","?","E","?","M","M","R","BOSS","BOSS","R","$","E","BOSS"],"items_purchased_type":["Card","Relic"],"build_version":"2020-12-22","purchased_purges":2,"victory":true,"max_hp_per_floor":[66,66,66,66,66,66,66,66,66,66,66,66,66,66,66,66,66,66,66,66,66,33,33,47,47,47,47,47,47,47,47,47,47,52,52,52,52,52,52,52,52,52,52,52,52,52,52,52,52,52,52,52,52,52,52,52],"relic_stats":{"Blood Vial":16,"Peace Pipe":1,"Strange Spoon":[23],"Dream Catcher":0,"Mark of the Bloom":40,"counters":[29,113],"Ornamental Fan":[212],"Whetstone":["Strike_G","Dagger Spray"],"Orichalcum":[42],"obtain_stats":[{"Potion Belt":28,"Mark of the Bloom":46,"Tiny House":34,"Mango":24,"Whetstone":12,"Paper Crane":7,"Orichalcum":43,"Blood Vial":19,"Peace Pipe":31,"Frozen Eye":0,"Runic Dome":17,"Strange Spoon":54,"Dream Catcher":40,"Anchor":55,"Ornamental Fan":9,"Ring of the Serpent":0,"Toy Ornithopter":45,"Ring of the Snake":0},{"Potion Belt":13,"Mark of the Bloom":23,"Tiny House":16,"Mango":11,"Whetstone":7,"Paper Crane":5,"Orichalcum":22,"Blood Vial":10,"Peace Pipe":15,"Frozen Eye":0,"Runic Dome":9,"Strange Spoon":27,"Dream Catcher":20,"Anchor":28,"Ornamental Fan":5,"Ring of the Serpent":0,"Toy Ornithopter":23,"Ring of the Snake":0},{"Potion Belt":53,"Mark of the Bloom":76,"Tiny House":70,"Mango":41,"Whetstone":23,"Paper Crane":16,"Orichalcum":75,"Blood Vial":36,"Peace Pipe":62,"Frozen Eye":0,"Runic Dome":33,"Strange Spoon":92,"Dream Catcher":73,"Anchor":104,"Ornamental Fan":16,"Ring of the Serpent":0,"Toy Ornithopter":76,"Ring of the Snake":0}],"Toy Ornithopter":0},"card_choices":[{"not_picked":["Prepared","Slice","Cloak And Dagger"],"picked":"SKIP","floor":1.0},{"not_picked":["Catalyst","Concentrate","Cloak And Dagger"],"picked":"SKIP","floor":2.0},{"not_picked":["Cloak And Dagger","Well Laid Plans"],"picked":"Blade Dance","floor":4.0},{"not_picked":["Dash","Expertise","Footwork"],"picked":"SKIP","floor":5.0},{"not_picked":["Masterful Stab","Heel Hook"],"picked":"Backflip","floor":7.0},{"not_picked":["Outmaneuver","Infinite Blades"],"picked":"Acrobatics","floor":11.0},{"not_picked":["Cloak And Dagger","Outmaneuver","Grand Finale"],"picked":"SKIP","floor":12.0},{"not_picked":["Quick Slash","Footwork","Finisher"],"picked":"SKIP","floor":13.0},{"not_picked":["Quick Slash","Footwork","Finisher"],"picked":"SKIP","floor":13.0},{"not_picked":["Outmaneuver","Cloak And Dagger"],"picked":"Reflex","floor":18.0},{"not_picked":["Slice","Infinite Blades+1"],"picked":"Wraith Form v2","floor":24.0},{"not_picked":["Outmaneuver","Bane+1"],"picked":"Prepared","floor":27.0},{"not_picked":["Deadly Poison","Prepared","Cloak And Dagger+1"],"picked":"SKIP","floor":28.0},{"not_picked":["Dash","Sucker Punch","Distraction"],"picked":"SKIP","floor":29.0},{"not_picked":["Backflip","Footwork","Deadly Poison"],"picked":"SKIP","floor":31.0},{"not_picked":["Prepared","Flying Knee"],"picked":"Terror","floor":34.0},{"not_picked":["Deadly Poison","Catalyst","Sucker Punch"],"picked":"SKIP","floor":35.0},{"not_picked":["Underhanded Strike","Tactician"],"picked":"Prepared","floor":37.0},{"not_picked":["Flying Knee+1","Footwork+1","Deadly Poison+1"],"picked":"SKIP","floor":39.0},{"not_picked":["Outmaneuver","Setup"],"picked":"Escape Plan+1","floor":40.0},{"not_picked":["Terror","Backflip","Deflect"],"picked":"SKIP","floor":41.0},{"not_picked":["Predator+1","Footwork"],"picked":"Burst","floor":42.0},{"not_picked":["Sucker Punch","Choke"],"picked":"Acrobatics","floor":45.0},{"not_picked":["PiercingWail","Escape Plan","Endless Agony"],"picked":"SKIP","floor":47.0},{"not_picked":["Deflect","Accuracy","PiercingWail"],"picked":"SKIP","floor":48.0},{"not_picked":["Flechettes","Heel Hook","Slice"],"picked":"SKIP","floor":55.0}],"player_experience":1340410,"relics_obtained":[{"floor":7.0,"key":"Paper Crane"},{"floor":9.0,"key":"Ornamental Fan"},{"floor":12.0,"key":"Whetstone"},{"floor":24.0,"key":"Mango"},{"floor":28.0,"key":"Potion Belt"},{"floor":31.0,"key":"Peace Pipe"},{"floor":40.0,"key":"Dream Catcher"},{"floor":43.0,"key":"Orichalcum"},{"floor":45.0,"key":"Toy Ornithopter"},{"floor":55.0,"key":"Anchor"}],"event_choices":[{"damage_healed":0.0,"max_hp_gain":0.0,"max_hp_loss":0.0,"gold_gain":0.0,"cards_transformed":["Strike_G"],"event_name":"Living Wall","player_choice":"Change","floor":3.0,"gold_loss":0.0,"damage_taken":0.0,"cards_obtained":["Dagger Spray"]},{"damage_healed":0.0,"max_hp_gain":0.0,"max_hp_loss":0.0,"gold_gain":0.0,"event_name":"Shining Light","player_choice":"Entered Light","floor":14.0,"gold_loss":0.0,"damage_taken":20.0,"cards_upgraded":["Strike_G","Strike_G"]},{"damage_healed":0.0,"max_hp_gain":0.0,"max_hp_loss":0.0,"gold_gain":0.0,"event_name":"Addict","player_choice":"Obtained Relic","floor":19.0,"gold_loss":85.0,"damage_taken":0.0,"relics_obtained":["Blood Vial"]},{"damage_healed":0.0,"max_hp_gain":0.0,"max_hp_loss":0.0,"gold_gain":0.0,"cards_transformed":["Strike_G","Strike_G"],"event_name":"Drug Dealer","player_choice":"Became Test Subject","floor":20.0,"gold_loss":0.0,"damage_taken":0.0,"cards_obtained":["Underhanded Strike","Well Laid Plans"]},{"cards_removed":["Underhanded Strike"],"damage_healed":0.0,"max_hp_gain":0.0,"max_hp_loss":0.0,"gold_gain":0.0,"event_name":"Back to Basics","player_choice":"Elegance","floor":21.0,"gold_loss":0.0,"damage_taken":0.0},{"damage_healed":0.0,"max_hp_gain":0.0,"max_hp_loss":33.0,"gold_gain":0.0,"event_name":"Ghosts","player_choice":"Became a Ghost","floor":22.0,"gold_loss":0.0,"damage_taken":0.0,"cards_obtained":["Ghostly","Ghostly","Ghostly"]},{"cards_removed":["Prepared"],"damage_healed":0.0,"max_hp_gain":0.0,"max_hp_loss":0.0,"gold_gain":0.0,"event_name":"Falling","player_choice":"Removed Skill","floor":36.0,"gold_loss":0.0,"damage_taken":0.0},{"damage_healed":0.0,"max_hp_gain":0.0,"max_hp_loss":0.0,"gold_gain":0.0,"event_name":"The Woman in Blue","player_choice":"Bought 0 Potions","floor":38.0,"gold_loss":0.0,"damage_taken":0.0},{"damage_healed":0.0,"max_hp_gain":0.0,"max_hp_loss":0.0,"gold_gain":0.0,"event_name":"SensoryStone","player_choice":"Memory 3","floor":44.0,"gold_loss":0.0,"damage_taken":10.0},{"damage_healed":0.0,"max_hp_gain":0.0,"max_hp_loss":0.0,"gold_gain":0.0,"event_name":"MindBloom","player_choice":"Upgrade","floor":46.0,"gold_loss":0.0,"damage_taken":0.0,"cards_upgraded":["Defend_G","Defend_G","Defend_G","Survivor","Acrobatics","Reflex","Ghostly","Ghostly","Tactician","Terror","Prepared","Burst","Acrobatics"],"relics_obtained":["Mark of the Bloom"]}],"is_beta":false,"boss_relics":[{"not_picked":["SlaversCollar","Busted Crown"],"picked":"Runic Dome"},{"not_picked":["Runic Pyramid","Astrolabe"],"picked":"Tiny House"}],"items_purged_floors":[25,54],"is_endless":false,"potions_floor_spawned":[2,7,13,16,18,33,35,39,41,47],"ascension_level":20}}