{"host":"2apb6gwm2fj4theg","time":1609880434,"event":{"mods":["2.2 Compatiblity","AlwaysNeverKeys","BaseMod","ChefMod","Halation","Hubris","Infinite Spire","Minty Spire (QoL Compilation)","Replay The Spire","Shop Mod","Small Relic Pack","StSLib","The Animator","Unceasing Turn Reminder"],"gold_per_floor":[109,119,119,119,133,133,164,184,207,240,240,240,53,82,172,267,267,277,294,305,305,323,323,323],"floor_reached":23,"playtime":1898,"items_purged":[],"score":222,"play_id":"75b51714-9cec-44c8-9180-2765ed2a0cbe","local_time":"20210105230034","is_ascension_mode":true,"campfire_choices":[{"data":"Finisher","floor":6,"key":"SMITH"}],"circlet_count":0,"master_deck":["Strike_G","Strike_G","Strike_G","Strike_G","Strike_G","Defend_G","Defend_G","Defend_G","Defend_G","Survivor","Neutralize","Backstab","Outmaneuver","Finisher+1","Dagger Throw","ReplayTheSpireMod:Tripwire","Distraction","Reflex","Masterful Stab","Blade Dance","ReplayTheSpireMod:Omega Cannon","Adrenaline","hubris:SlightOfHand","Escape Plan+1","ReplayTheSpireMod:Scrap Shanks+1","Tactician","ReplayTheSpireMod:Speed Training"],"relics":["Iron Core","hubris:Icosahedron","Anchor","Toy Ornithopter","halation:Pancakes","infinitespire:Cubic Diamond","hubris:SlimyHat","Black Star"],"acts_visited":["Exordium","TheCity"],"potions_floor_usage":[14,14,16,20,22],"damage_taken":[{"damage":0,"enemies":"Jaw Worm","floor":1,"turns":6},{"damage":0,"enemies":"Small Slimes","floor":2,"turns":2},{"damage":3,"enemies":"infinitespire:Voidling","floor":5,"turns":4},{"damage":40,"enemies":"3 Sentries","floor":7,"turns":11},{"damage":0,"enemies":"Exordium Wildlife","floor":8,"turns":3},{"damage":12,"enemies":"Gremlin Nob","floor":10,"turns":5},{"damage":1,"enemies":"Replay:BlueRogue","floor":14,"turns":5},{"damage":17,"enemies":"Hexaghost","floor":16,"turns":8},{"damage":0,"enemies":"3 Byrds","floor":18,"turns":3},{"damage":0,"enemies":"Shell Parasite","floor":19,"turns":1},{"damage":10,"enemies":"Snecko","floor":20,"turns":4},{"damage":30,"enemies":"3 Cultists","floor":22,"turns":5},{"damage":40,"enemies":"Replay:Snechameleon","floor":23,"turns":8}],"seed_played":"4362793031799371841","potions_obtained":[{"floor":7,"key":"SpeedPotion"},{"floor":8,"key":"Weak Potion"},{"floor":14,"key":"FearPotion"},{"floor":20,"key":"SteroidPotion"}],"is_trial":false,"path_per_floor":["M","M","?","?","M","R","E","M","T","E","?","?","$","E","R","B",null,"M","M","M","?","M","E"],"character_chosen":"THE_SILENT","items_purchased":["Masterful Stab","Blade Dance","Poison Potion"],"campfire_rested":0,"item_purchase_floors":[13,13,13],"current_hp_per_floor":[70,70,70,70,67,67,27,27,27,56,56,56,56,65,65,53,70,70,70,65,65,40,0,0],"gold":323,"neow_bonus":"TRANSFORM_CARD","is_daily":false,"chose_seed":false,"campfire_upgraded":1,"win_rate":0.0,"timestamp":1609880434,"path_taken":["M","M","?","?","M","R","E","M","T","E","?","?","$","E","R","BOSS","M","M","?","?","M","E"],"items_purchased_type":["Card","Card","Potion"],"build_version":"2020-12-22","purchased_purges":0,"victory":false,"max_hp_per_floor":[70,70,70,70,70,70,70,70,70,70,70,70,70,70,70,70,70,70,70,70,70,70,70,70],"card_choices":[{"not_picked":["Dagger Spray","ReplayTheSpireMod:Speed Training"],"picked":"Outmaneuver","floor":1},{"not_picked":["PiercingWail","Backflip"],"picked":"Finisher","floor":2},{"not_picked":["Deflect","Poisoned Stab"],"picked":"Dagger Throw","floor":5},{"not_picked":["Outmaneuver","Crippling Poison"],"picked":"ReplayTheSpireMod:Tripwire","floor":7},{"not_picked":["ReplayTheSpireMod:The Works","ReplayTheSpireMod:Exploit Weakness"],"picked":"Distraction","floor":8},{"not_picked":["Footwork","Setup"],"picked":"Reflex","floor":10},{"not_picked":["Hologram","Caltrops"],"picked":"ReplayTheSpireMod:Omega Cannon","floor":14},{"not_picked":["Offering","Bullet Time"],"picked":"Adrenaline","floor":16},{"not_picked":["Setup","PiercingWail"],"picked":"hubris:SlightOfHand","floor":18},{"not_picked":["hubris:SlightOfHand","ReplayTheSpireMod:The Works"],"picked":"Escape Plan+1","floor":19},{"not_picked":["Cloak And Dagger","Deadly Poison"],"picked":"ReplayTheSpireMod:Scrap Shanks+1","floor":20},{"not_picked":["Dagger Throw+1","PiercingWail"],"picked":"ReplayTheSpireMod:Speed Training","floor":22}],"player_experience":600300,"relics_obtained":[{"floor":7,"key":"Anchor"},{"floor":9,"key":"Toy Ornithopter"},{"floor":10,"key":"halation:Pancakes"},{"floor":14,"key":"hubris:SlimyHat"}],"event_choices":[{"damage_healed":0,"gold_gain":0,"player_choice":"Ignored","damage_taken":0,"max_hp_gain":0,"max_hp_loss":0,"event_name":"Purifier","floor":12,"gold_loss":0}],"is_beta":false,"boss_relics":[{"not_picked":["Runic Dome","SlaversCollar"],"picked":"Black Star"}],"items_purged_floors":[],"is_endless":false,"potions_floor_spawned":[7,8,14,20],"killed_by":"Replay:Snechameleon","ascension_level":1}}