{"host":"armnliea5o2aqs4b","time":1609821437,"event":{"mods":["BaseMod","Hubris","Infinite Spire","Minty Spire (QoL Compilation)","Quick Restart","StSLib"],"gold_per_floor":[117,136,99,110,110,143,143,162,162,174,208,221,56,56,56,154,154,173,173,173],"floor_reached":19,"playtime":555,"items_purged":[],"score":188,"play_id":"4194b869-5f94-4038-8b0a-bada9b3689c7","local_time":"20210105153717","is_ascension_mode":true,"campfire_choices":[{"floor":7,"key":"RECALL"},{"floor":15,"key":"REST"}],"circlet_count":0,"master_deck":["Strike_G","Strike_G","Strike_G","Strike_G","Strike_G","Defend_G+1","Defend_G","Defend_G","Defend_G","Defend_G","Survivor","Neutralize","Poisoned Stab","Accuracy","Infinite Blades+1","hubris:Sniper+1","Die Die Die","Bouncing Flask","Dagger Throw","Die Die Die","Well Laid Plans","Dash","infinitespire:Neurotoxin","Finisher+1"],"relics":["Ring of the Snake","NeowsBlessing","hubris:Icosahedron","War Paint","Letter Opener","Membership Card","Busted Crown"],"acts_visited":["Exordium","TheCity"],"potions_floor_usage":[16],"damage_taken":[{"damage":0,"enemies":"Cultist","floor":1,"turns":1},{"damage":0,"enemies":"2 Louse","floor":2,"turns":1},{"damage":0,"enemies":"Small Slimes","floor":4,"turns":1},{"damage":22,"enemies":"Gremlin Nob","floor":6,"turns":5},{"damage":6,"enemies":"3 Louse","floor":8,"turns":3},{"damage":0,"enemies":"Exordium Thugs","floor":10,"turns":3},{"damage":21,"enemies":"Lagavulin","floor":11,"turns":5},{"damage":11,"enemies":"Large Slime","floor":12,"turns":5},{"damage":15,"enemies":"Hexaghost","floor":16,"turns":7},{"damage":30,"enemies":"2 Thieves","floor":18,"turns":4}],"seed_played":"7751458722854548515","potions_obtained":[{"floor":6,"key":"FearPotion"},{"floor":8,"key":"SmokeBomb"},{"floor":10,"key":"Ancient Potion"},{"floor":16,"key":"Block Potion"}],"is_trial":false,"path_per_floor":["M","M","$","M","?","E","R","M","T","M","E","M","$","?","R","B",null,"M","AVR"],"character_chosen":"THE_SILENT","items_purchased":["Infinite Blades","Membership Card","Dash"],"campfire_rested":1,"item_purchase_floors":[3,13,13],"current_hp_per_floor":[70,70,70,70,70,48,48,42,42,42,21,10,10,10,31,16,70,40,40,40],"gold":173,"neow_bonus":"THREE_ENEMY_KILL","is_daily":false,"chose_seed":false,"campfire_upgraded":0,"win_rate":0.0,"timestamp":1609821437,"path_taken":["M","M","$","?","?","E","R","M","T","M","E","M","$","?","R","BOSS","M","AVR"],"items_purchased_type":["Card","Relic","Card"],"build_version":"2020-12-22","purchased_purges":0,"victory":false,"max_hp_per_floor":[70,70,70,70,70,70,70,70,70,70,70,70,70,70,70,70,70,70,70,70],"card_choices":[{"not_picked":["Prepared","Eviscerate"],"picked":"Poisoned Stab","floor":1},{"not_picked":["Acrobatics","Quick Slash"],"picked":"Accuracy","floor":2},{"not_picked":["Riddle With Holes","Backflip"],"picked":"hubris:Sniper","floor":4},{"not_picked":["Bane","Quick Slash"],"picked":"Die Die Die","floor":6},{"not_picked":["Slice","Blur"],"picked":"Bouncing Flask","floor":8},{"not_picked":["Finisher","Tactician"],"picked":"Dagger Throw","floor":10},{"not_picked":["Dagger Throw","Deflect"],"picked":"Die Die Die","floor":11},{"not_picked":["Deflect","Crippling Poison"],"picked":"Well Laid Plans","floor":12},{"not_picked":["Die Die Die","Bullet Time"],"picked":"infinitespire:Neurotoxin","floor":16},{"not_picked":[],"picked":"Finisher+1","floor":18}],"player_experience":184056,"relics_obtained":[{"floor":6,"key":"War Paint"},{"floor":11,"key":"Letter Opener"}],"event_choices":[{"damage_healed":0,"gold_gain":0,"player_choice":"Forge","damage_taken":0,"max_hp_gain":0,"max_hp_loss":0,"event_name":"Accursed Blacksmith","floor":14,"gold_loss":0,"cards_upgraded":["Infinite Blades"]}],"is_beta":false,"boss_relics":[{"not_picked":["hubris:BlackHole","Ring of the Serpent"],"picked":"Busted Crown"}],"items_purged_floors":[],"is_endless":false,"potions_floor_spawned":[6,8,10,11,16,18],"ascension_level":1}}