{"host":"9tch52zpouts7b2p","time":1609820622,"event":{"mods":["BaseMod","Colored Map","Minty Spire (QoL Compilation)","StSLib","UnlockEverythingMod"],"gold_per_floor":[111,76,86,161,5,5,24,24,24,299,318,337,367,386,386,386,386],"floor_reached":16,"playtime":912,"items_purged":[],"score":112,"play_id":"b166d839-d51a-40b1-9044-51b818524242","local_time":"20210105122342","is_ascension_mode":true,"campfire_choices":[{"data":"Zap","floor":6.0,"key":"SMITH"},{"data":"Dualcast","floor":8.0,"key":"SMITH"},{"floor":15.0,"key":"REST"}],"circlet_count":0,"master_deck":["Strike_B","Strike_B","Defend_B","Defend_B","Defend_B","Defend_B","Zap+1","Dualcast+1","Meteor Strike","Reprogram","Rebound","Reinforced Body","Chaos","Regret","Steam","Conserve Battery","Turbo","Stack"],"relics":["Cracked Core","Membership Card","Du-Vu Doll","Pear"],"acts_visited":["Exordium"],"potions_floor_usage":[16],"damage_taken":[{"damage":6.0,"enemies":"Cultist","floor":1.0,"turns":4.0},{"damage":5.0,"enemies":"2 Louse","floor":3.0,"turns":2.0},{"damage":0.0,"enemies":"Jaw Worm","floor":7.0,"turns":4.0},{"damage":19.0,"enemies":"Exordium Thugs","floor":11.0,"turns":5.0},{"damage":0.0,"enemies":"2 Fungi Beasts","floor":12.0,"turns":2.0},{"damage":14.0,"enemies":"3 Sentries","floor":13.0,"turns":6.0},{"damage":21.0,"enemies":"Gremlin Gang","floor":14.0,"turns":6.0},{"damage":37,"enemies":"Slime Boss","floor":16,"turns":9}],"seed_played":"-8423171444348072304","potions_obtained":[{"floor":7.0,"key":"Strength Potion"},{"floor":12.0,"key":"PowerPotion"},{"floor":14.0,"key":"EssenceOfSteel"}],"is_trial":false,"path_per_floor":["M","?","M","?","$","R","M","R","T","?","M","M","E","M","R","B"],"character_chosen":"DEFECT","items_purchased":["Membership Card"],"campfire_rested":1,"item_purchase_floors":[5],"current_hp_per_floor":[48,66,61,50,50,50,50,50,50,50,31,31,27,6,31,0,0],"gold":386,"neow_bonus":"TRANSFORM_TWO_CARDS","is_daily":false,"chose_seed":false,"campfire_upgraded":2,"win_rate":0.0,"timestamp":1609820622,"path_taken":["M","?","M","?","?","R","?","R","T","?","M","M","E","M","R","BOSS"],"items_purchased_type":["Relic"],"build_version":"2020-12-22","purchased_purges":0,"victory":false,"max_hp_per_floor":[75,75,75,75,75,75,75,75,75,75,75,75,85,85,85,85,85],"card_choices":[{"not_picked":["Gash","Hologram"],"picked":"Rebound","floor":1.0},{"not_picked":["Chill","Go for the Eyes"],"picked":"Reinforced Body","floor":3.0},{"not_picked":["Reprogram","Go for the Eyes"],"picked":"Chaos","floor":7.0},{"not_picked":["Darkness","Reprogram"],"picked":"Steam","floor":11.0},{"not_picked":["Sweeping Beam","Chaos"],"picked":"Conserve Battery","floor":12.0},{"not_picked":["Force Field","Coolheaded"],"picked":"Turbo","floor":13.0},{"not_picked":["Heatsinks","Go for the Eyes"],"picked":"Stack","floor":14.0}],"player_experience":125830,"relics_obtained":[{"floor":9.0,"key":"Du-Vu Doll"},{"floor":13.0,"key":"Pear"}],"event_choices":[{"damage_healed":18.0,"max_hp_gain":0.0,"max_hp_loss":0.0,"gold_gain":0.0,"event_name":"The Cleric","player_choice":"Healed","floor":2.0,"gold_loss":35.0,"damage_taken":0.0},{"damage_healed":0.0,"max_hp_gain":0.0,"max_hp_loss":0.0,"gold_gain":75.0,"event_name":"World of Goop","player_choice":"Gather Gold","floor":4.0,"gold_loss":0.0,"damage_taken":11.0},{"damage_healed":0.0,"max_hp_gain":0.0,"max_hp_loss":0.0,"gold_gain":275.0,"event_name":"Golden Shrine","player_choice":"Desecrate","floor":10.0,"gold_loss":0.0,"damage_taken":0.0,"cards_obtained":["Regret"]}],"is_beta":false,"boss_relics":[],"items_purged_floors":[],"is_endless":false,"potions_floor_spawned":[7,12,14],"killed_by":"Slime Boss","ascension_level":2}}