{"host":"1s2i2u841ofwoqaa","time":1609886989,"event":{"mods":["AchievementEnabler","Aspiration","BaseMod","Bestiary","Better Third Choice","Colored Powertips","Downfall","Hubris","Minty Spire (QoL Compilation)","Puzzle Mod","StSLib","SuperFastMode","The Marked"],"gold_per_floor":[99,99,99,23,37,37,90,121,131,145,245,264,114,114,128,128,128,128],"floor_reached":16,"playtime":793,"items_purged":[],"score":110,"play_id":"e3b3a821-5fbc-4232-a617-9ce3fddeb3cc","local_time":"20210106114949","is_ascension_mode":true,"campfire_choices":[{"floor":1,"key":"RECALL"},{"data":"champ:Taunt","floor":6,"key":"SMITH"},{"data":"champ:DeathBlow","floor":13,"key":"SMITH"}],"circlet_count":0,"master_deck":["champ:Strike","champ:Strike","champ:Strike","champ:Strike","champ:Defend","champ:Defend","champ:Defend","champ:Defend","champ:Execute","champ:Taunt+1","champ:DeathBlow+1","champ:StanceDance","champ:RecklessLeap","champ:Duel+1","champ:PerfectedStrike","champ:StrikeOfGenius","champ:RageSigil","champ:PreciseThrust"],"relics":["champ:ChampionCrown","downfall:HeartsMalice","Potion Belt","Ice Cream","downfall:HeartBlessingGreen","downfall:HeartBlessingRed","CultistMask"],"acts_visited":["Exordium"],"potions_floor_usage":[11,16,16],"damage_taken":[{"damage":0,"enemies":"Small Slimes","floor":2,"turns":1},{"damage":0,"enemies":"2 Louse","floor":3,"turns":1},{"damage":0,"enemies":"downfall:FleeingMerchant","floor":4,"turns":1},{"damage":15,"enemies":"Cultist","floor":5,"turns":2},{"damage":46,"enemies":"3 Sentries","floor":8,"turns":4},{"damage":16,"enemies":"3 Louse","floor":9,"turns":3},{"damage":34,"enemies":"Exordium Thugs","floor":10,"turns":3},{"damage":53,"enemies":"downfall:Heads","floor":11,"turns":4},{"damage":13,"enemies":"3 Louse","floor":12,"turns":3},{"damage":36,"enemies":"Blue Slaver","floor":15,"turns":5},{"damage":65,"enemies":"downfall:Ironclad","floor":16,"turns":6}],"seed_played":"9203013952410362124","potions_obtained":[{"floor":8,"key":"sneckomod:MuddlingPotion"},{"floor":9,"key":"Dexterity Potion"},{"floor":10,"key":"DistilledChaos"},{"floor":12,"key":"champ:CounterPotion"}],"is_trial":false,"path_per_floor":["R","M","M","$","M","R","T","E","M","M","?","M","R","?","M","B"],"character_chosen":"THE_CHAMP","items_purchased":["champ:RecklessLeap"],"campfire_rested":0,"item_purchase_floors":[4],"current_hp_per_floor":[90,90,90,90,90,90,90,74,68,65,50,43,43,43,42,0,0,0],"gold":128,"neow_bonus":"THREE_ENEMY_KILL","is_daily":false,"chose_seed":false,"campfire_upgraded":2,"win_rate":0.0,"timestamp":1609886989,"path_taken":["R","M","M","$","M","R","T","E","M","M","?","M","R","?","M","BOSS"],"items_purchased_type":["Card"],"build_version":"2020-12-22","purchased_purges":0,"victory":false,"max_hp_per_floor":[90,90,90,90,90,90,90,90,90,90,90,90,90,90,95,95,95,95],"card_choices":[{"not_picked":["champ:GladiatorsShout","champ:BerserkerStyle"],"picked":"champ:FlashCut","floor":2},{"not_picked":["champ:Backstep","champ:FlashCut"],"picked":"champ:DeathBlow","floor":3},{"not_picked":["champ:IronFortress","champ:FlashCut"],"picked":"champ:StanceDance","floor":4},{"not_picked":["champ:BerserkersShout","champ:FocusedGladiator"],"picked":"champ:Duel","floor":5},{"not_picked":["champ:BerserkerStyle","champ:RageSigil","champ:FlashCut"],"picked":"SKIP","floor":8},{"not_picked":["champ:FlashCut","champ:GladiatorsShout"],"picked":"champ:PerfectedStrike","floor":9},{"not_picked":["champ:StanceDance","champ:FlashCut"],"picked":"champ:GutPunch","floor":10},{"not_picked":["champ:GutPunch","champ:TornadoPunch"],"picked":"champ:FightOn","floor":11},{"not_picked":["champ:FocusedDefense","champ:FlashCut"],"picked":"champ:RageSigil","floor":12},{"not_picked":["champ:GladiatorsShout","champ:FaceSlap"],"picked":"champ:PreciseThrust","floor":15}],"player_experience":503037,"relics_obtained":[{"floor":7,"key":"Potion Belt"},{"floor":8,"key":"Ice Cream"}],"event_choices":[{"damage_healed":0,"gold_gain":0,"player_choice":"Trade","damage_taken":0,"relics_obtained":["CultistMask"],"max_hp_gain":0,"max_hp_loss":0,"event_name":"FaceTrader","floor":14,"gold_loss":0}],"is_beta":false,"boss_relics":[],"items_purged_floors":[],"is_endless":false,"potions_floor_spawned":[8,9,10,12],"killed_by":"downfall:Ironclad","ascension_level":2}}