{"host":"Qube","time":1609832975,"event":{"mods":["AchievementEnabler","BaseMod","Colored Map","Colored Powertips","Minty Spire (QoL Compilation)","Quick Restart","Random Character Button","StSLib"],"gold_per_floor":[15,32,52,72,92,92,127,127,127,25,25,25,25,59,59,133,133,147,62,75,89,102,137,137,162,215,229,279,297,327,327,327,401,401,419,435,7,19,31,31,59,59,113,113,113,113,113],"floor_reached":46,"playtime":2396,"items_purged":["Flechettes"],"score":981,"play_id":"ad69ac81-ded8-4036-99b0-a26dbf194c48","local_time":"20210104234935","is_ascension_mode":true,"campfire_choices":[{"data":"Infinite Blades","floor":6.0,"key":"SMITH"},{"data":"Accuracy","floor":8.0,"key":"SMITH"},{"floor":12.0,"key":"REST"},{"data":"Neutralize","floor":15.0,"key":"SMITH"},{"floor":24.0,"key":"REST"},{"data":"After Image","floor":32,"key":"SMITH"},{"floor":40,"key":"REST"}],"circlet_count":0,"master_deck":["AscendersBane","Survivor","Neutralize+1","Infinite Blades+1","Dagger Spray","Dagger Spray","Die Die Die","Accuracy+1","Blade Dance","Noxious Fumes+1","PiercingWail","After Image+1","Finisher","Terror","Accuracy","Bullet Time","Prepared","Cloak And Dagger","Storm of Steel","After Image","Bouncing Flask","Envenom","Glass Knife","Bouncing Flask","Storm of Steel","Distraction","Terror","Prepared","Footwork","A Thousand Cuts","Backflip+1"],"relics":["Ring of the Snake","Snake Skull","Ninja Scroll","Oddly Smooth Stone","HoveringKite","Thread and Needle","Pear","Akabeko","Ancient Tea Set","Darkstone Periapt","Pandora\u0027s Box","Meat on the Bone","Blood Vial","Nunchaku"],"acts_visited":["Exordium","TheCity","TheBeyond"],"potions_floor_usage":[30,38],"damage_taken":[{"damage":7.0,"enemies":"Jaw Worm","floor":1.0,"turns":9.0},{"damage":2.0,"enemies":"Small Slimes","floor":2.0,"turns":5.0},{"damage":0.0,"enemies":"Cultist","floor":3.0,"turns":4.0},{"damage":1.0,"enemies":"3 Louse","floor":4.0,"turns":3.0},{"damage":0.0,"enemies":"Large Slime","floor":5.0,"turns":3.0},{"damage":9.0,"enemies":"3 Sentries","floor":7.0,"turns":6.0},{"damage":22.0,"enemies":"Lagavulin","floor":14.0,"turns":6.0},{"damage":16.0,"enemies":"Hexaghost","floor":16.0,"turns":8.0},{"damage":0.0,"enemies":"3 Byrds","floor":18.0,"turns":3.0},{"damage":4.0,"enemies":"Spheric Guardian","floor":20.0,"turns":4.0},{"damage":0.0,"enemies":"Snecko","floor":21.0,"turns":4.0},{"damage":13.0,"enemies":"Centurion and Healer","floor":22.0,"turns":5.0},{"damage":17.0,"enemies":"Book of Stabbing","floor":23.0,"turns":5.0},{"damage":0.0,"enemies":"Gremlin Leader","floor":25.0,"turns":5.0},{"damage":0.0,"enemies":"3 Cultists","floor":27.0,"turns":4.0},{"damage":2.0,"enemies":"Cultist and Chosen","floor":29.0,"turns":3.0},{"damage":2,"enemies":"Slavers","floor":30,"turns":4},{"damage":80,"enemies":"Champ","floor":33,"turns":8},{"damage":1,"enemies":"3 Shapes","floor":35,"turns":3},{"damage":17,"enemies":"Orb Walker","floor":36,"turns":4},{"damage":17,"enemies":"Transient","floor":38,"turns":5},{"damage":8,"enemies":"Sphere and 2 Shapes","floor":39,"turns":5},{"damage":40,"enemies":"Giant Head","floor":41,"turns":7},{"damage":57,"enemies":"2 Orb Walkers","floor":46,"turns":5}],"seed_played":"-5487106774631680920","potions_obtained":[{"floor":3.0,"key":"AttackPotion"},{"floor":5.0,"key":"Dexterity Potion"},{"floor":18.0,"key":"AttackPotion"},{"floor":20.0,"key":"AttackPotion"},{"floor":27.0,"key":"PowerPotion"},{"floor":35,"key":"Energy Potion"}],"is_trial":false,"path_per_floor":["M","M","M","M","M","R","E","R","T","$","?","R","?","E","R","B",null,"M","?","M","M","M","E","R","E","T","M","?","M","E","?","R","B",null,"M","M","$","M","M","R","E","?","T","?","?","?"],"character_chosen":"THE_SILENT","items_purchased":["Noxious Fumes","PiercingWail","Meat on the Bone","Footwork"],"campfire_rested":3,"item_purchase_floors":[10,10,37,37],"current_hp_per_floor":[64,62,62,61,61,61,52,52,52,52,45,68,68,46,46,30,66,66,66,62,62,49,42,68,68,68,68,68,66,64,82,82,2,67,66,49,49,44,48,74,46,46,46,46,46,0,0],"gold":113,"neow_bonus":"TWENTY_PERCENT_HP_BONUS","is_daily":false,"chose_seed":false,"campfire_upgraded":4,"win_rate":0.0,"timestamp":1609832975,"path_taken":["M","M","M","M","M","R","E","R","T","$","?","R","?","E","R","BOSS","M","?","M","M","M","E","R","E","T","M","?","?","E","?","R","BOSS","M","M","$","M","M","R","E","?","T","?","?","?"],"items_purchased_type":["Card","Card","Relic","Card"],"build_version":"2020-12-18","purchased_purges":1,"victory":false,"max_hp_per_floor":[78,78,78,78,78,78,78,78,78,78,78,78,78,78,78,78,78,78,78,78,78,78,88,88,88,88,88,88,88,88,88,88,88,88,88,88,88,88,88,88,88,88,88,84,84,84,84],"card_choices":[{"not_picked":["Underhanded Strike","Predator"],"picked":"Infinite Blades","floor":1.0},{"not_picked":["Bane","Endless Agony"],"picked":"Dagger Spray","floor":2.0},{"not_picked":["Outmaneuver","Catalyst"],"picked":"Dagger Spray","floor":3.0},{"not_picked":["All Out Attack","Quick Slash"],"picked":"Die Die Die","floor":4.0},{"not_picked":["Crippling Poison","Flying Knee"],"picked":"Accuracy","floor":5.0},{"not_picked":["Heel Hook","Eviscerate"],"picked":"Blade Dance","floor":7.0},{"not_picked":["Underhanded Strike","Flying Knee","Dagger Spray"],"picked":"SKIP","floor":14.0},{"not_picked":["Grand Finale","Doppelganger"],"picked":"After Image","floor":16.0},{"not_picked":["Dagger Spray","Bane","All Out Attack"],"picked":"SKIP","floor":18.0},{"not_picked":["Slice","PiercingWail"],"picked":"Finisher","floor":20.0},{"not_picked":["Predator","Acrobatics"],"picked":"Terror","floor":21.0},{"not_picked":["Outmaneuver","Endless Agony"],"picked":"Accuracy","floor":22.0},{"not_picked":["Bouncing Flask","Deadly Poison"],"picked":"Bullet Time","floor":23.0},{"not_picked":["Terror","Bullet Time","Backstab+1"],"picked":"SKIP","floor":25.0},{"not_picked":["Outmaneuver","Underhanded Strike"],"picked":"Prepared","floor":27.0},{"not_picked":["Underhanded Strike","Bane"],"picked":"Cloak And Dagger","floor":29.0},{"not_picked":["Prepared","Poisoned Stab+1"],"picked":"Storm of Steel","floor":30},{"not_picked":["Die Die Die","Doppelganger"],"picked":"After Image","floor":33},{"not_picked":["Distraction+1","Deflect"],"picked":"Prepared","floor":35},{"not_picked":["Cloak And Dagger","Dagger Spray+1","Well Laid Plans"],"picked":"SKIP","floor":36},{"not_picked":["Bane","Flechettes","Tactician"],"picked":"SKIP","floor":38},{"not_picked":["Cloak And Dagger","Deadly Poison+1"],"picked":"A Thousand Cuts","floor":39},{"not_picked":["Poisoned Stab","Acrobatics"],"picked":"Backflip+1","floor":41}],"player_experience":772763,"relics_obtained":[{"floor":7.0,"key":"Snake Skull"},{"floor":9.0,"key":"Ninja Scroll"},{"floor":14.0,"key":"Oddly Smooth Stone"},{"floor":23.0,"key":"Pear"},{"floor":25.0,"key":"Akabeko"},{"floor":26.0,"key":"Ancient Tea Set"},{"floor":30,"key":"Darkstone Periapt"},{"floor":41,"key":"Blood Vial"},{"floor":43,"key":"Nunchaku"}],"event_choices":[{"cards_removed":["Strike_G"],"damage_healed":0.0,"max_hp_gain":0.0,"max_hp_loss":0.0,"gold_gain":0.0,"event_name":"Golden Wing","player_choice":"Card Removal","floor":11.0,"gold_loss":0.0,"damage_taken":7.0},{"damage_healed":0.0,"max_hp_gain":0.0,"max_hp_loss":0.0,"gold_gain":0.0,"event_name":"Living Wall","player_choice":"Grow","floor":13.0,"gold_loss":0.0,"damage_taken":0.0,"cards_upgraded":["Noxious Fumes"]},{"damage_healed":0.0,"max_hp_gain":0.0,"max_hp_loss":0.0,"gold_gain":0.0,"event_name":"Addict","player_choice":"Obtained Relic","floor":19.0,"gold_loss":85.0,"damage_taken":0.0,"relics_obtained":["Thread and Needle"]},{"damage_healed":0.0,"max_hp_gain":0.0,"max_hp_loss":0.0,"gold_gain":100.0,"event_name":"The Joust","player_choice":"Bet on Murderer","floor":28.0,"gold_loss":50.0,"damage_taken":0.0},{"damage_healed":18,"gold_gain":0,"player_choice":"Heal","damage_taken":0,"max_hp_gain":0,"max_hp_loss":0,"event_name":"The Library","floor":31,"gold_loss":0},{"damage_healed":0,"gold_gain":0,"player_choice":"Memory 1","damage_taken":0,"max_hp_gain":0,"max_hp_loss":0,"event_name":"SensoryStone","floor":42,"gold_loss":0},{"damage_healed":0,"gold_gain":0,"player_choice":"Max HP","damage_taken":0,"max_hp_gain":0,"max_hp_loss":4,"event_name":"Winding Halls","floor":44,"gold_loss":0},{"cards_removed":["Flying Knee"],"damage_healed":0,"gold_gain":0,"player_choice":"Removed Attack","damage_taken":0,"max_hp_gain":0,"max_hp_loss":0,"event_name":"Falling","floor":45,"gold_loss":0},{"damage_healed":0,"gold_gain":0,"player_choice":"Fight","damage_taken":0,"max_hp_gain":0,"max_hp_loss":0,"event_name":"Mysterious Sphere","floor":46,"gold_loss":0}],"is_beta":true,"boss_relics":[{"not_picked":["Runic Pyramid","Velvet Choker"],"picked":"HoveringKite"},{"not_picked":["Fusion Hammer","Snecko Eye"],"picked":"Pandora\u0027s Box"}],"items_purged_floors":[37],"is_endless":false,"potions_floor_spawned":[3,5,18,20,27,35],"killed_by":"2 Orb Walkers","ascension_level":16}}