{"host":"ewfe3cr33ktd9xzj","time":1609807184,"event":{"mods":["AchievementEnabler","BaseMod","Colored Map","Custom Start","DeckTracker","Minty Spire (QoL Compilation)","Rare Cards Sparkle","StSLib","everything is the same but u backflip on backflip"],"gold_per_floor":[111,123,134,150,150,150,150,150,174,200,250,250,289,289],"floor_reached":13,"playtime":270,"items_purged":[],"score":166,"play_id":"bdef7a0d-51cf-4720-89ba-d591c74308bf","local_time":"20210105093944","is_ascension_mode":true,"campfire_choices":[{"data":"Noxious Fumes","floor":6.0,"key":"SMITH"},{"data":"Die Die Die","floor":8.0,"key":"SMITH"},{"data":"Cloak And Dagger","floor":12,"key":"SMITH"}],"circlet_count":0,"master_deck":["AscendersBane","Strike_G","Strike_G","Strike_G","Strike_G","Defend_G","Defend_G","Defend_G","Defend_G","Defend_G","Survivor","Neutralize","Backflip","Noxious Fumes+1","Dagger Spray","Die Die Die+1","Cloak And Dagger+1"],"relics":["Ring of the Snake","Kunai","Shuriken","Golden Idol","Bag of Marbles","Odd Mushroom","Bag of Preparation"],"acts_visited":["Exordium"],"potions_floor_usage":[],"damage_taken":[{"damage":6.0,"enemies":"Cultist","floor":1.0,"turns":5.0},{"damage":3.0,"enemies":"2 Louse","floor":2.0,"turns":3.0},{"damage":4.0,"enemies":"Jaw Worm","floor":3.0,"turns":5.0},{"damage":10.0,"enemies":"2 Fungi Beasts","floor":4.0,"turns":4.0},{"damage":0.0,"enemies":"The Mushroom Lair","floor":10.0,"turns":1.0},{"damage":13,"enemies":"3 Sentries","floor":13,"turns":4}],"seed_played":"-8857545166982293676","potions_obtained":[{"floor":2.0,"key":"Explosive Potion"},{"floor":3.0,"key":"Explosive Potion"}],"is_trial":true,"path_per_floor":["M","M","M","M","?","R","?","R","T","?","?","R","E"],"character_chosen":"THE_SILENT","items_purchased":[],"campfire_rested":0,"item_purchase_floors":[],"current_hp_per_floor":[53,50,46,36,36,36,36,36,36,36,30,30,17,17],"gold":289,"neow_bonus":"","is_daily":false,"chose_seed":false,"campfire_upgraded":3,"win_rate":0.0,"timestamp":1609807184,"path_taken":["M","?","M","M","?","R","?","R","T","?","?","R","E"],"items_purchased_type":[],"build_version":"2020-12-22","purchased_purges":0,"victory":false,"max_hp_per_floor":[66,66,66,66,66,66,60,60,60,60,60,60,60,60],"card_choices":[{"not_picked":["Caltrops","Distraction"],"picked":"Backflip","floor":1.0},{"not_picked":["Flying Knee","Noxious Fumes","Prepared"],"picked":"SKIP","floor":2.0},{"not_picked":["Flying Knee","Prepared"],"picked":"Noxious Fumes","floor":2.0},{"not_picked":["Distraction","Outmaneuver"],"picked":"Dagger Spray","floor":3.0},{"not_picked":["Outmaneuver","Acrobatics","Catalyst"],"picked":"SKIP","floor":4.0},{"not_picked":["Flying Knee","Acrobatics"],"picked":"Cloak And Dagger","floor":10.0}],"player_experience":17884,"relics_obtained":[{"floor":9.0,"key":"Bag of Marbles"},{"floor":10.0,"key":"Odd Mushroom"},{"floor":13,"key":"Bag of Preparation"}],"event_choices":[{"damage_healed":0.0,"max_hp_gain":0.0,"max_hp_loss":0.0,"gold_gain":0.0,"cards_transformed":["Strike_G"],"event_name":"Living Wall","player_choice":"Change","floor":5.0,"gold_loss":0.0,"damage_taken":0.0,"cards_obtained":["Die Die Die"]},{"damage_healed":0.0,"max_hp_gain":0.0,"max_hp_loss":6.0,"gold_gain":0.0,"event_name":"Golden Idol","player_choice":"Lose Max HP","floor":7.0,"gold_loss":0.0,"damage_taken":0.0,"relics_obtained":["Golden Idol"]},{"damage_healed":0.0,"max_hp_gain":0.0,"max_hp_loss":0.0,"gold_gain":0.0,"event_name":"Mushrooms","player_choice":"Fought Mushrooms","floor":10.0,"gold_loss":0.0,"damage_taken":0.0},{"damage_healed":0,"gold_gain":50,"player_choice":"Touch","damage_taken":6,"max_hp_gain":0,"max_hp_loss":0,"event_name":"FaceTrader","floor":11,"gold_loss":0}],"is_beta":false,"boss_relics":[],"items_purged_floors":[],"is_endless":false,"potions_floor_spawned":[2,3,13],"killed_by":"3 Sentries","ascension_level":20}}