{"host":"0t11pkp2julks910","time":1609885142,"event":{"mods":["Astrologer","Bard","BaseMod","BetterRewards","Colored Map","Curses Come First","Downfall","Friendly Minions","GungeonMod","Hermit","Hubris","Infinite Spire","Minty Spire (QoL Compilation)","Replay The Spire","Robot Space Explorer","Shop Mod","Somnambulant","StSLib","The Blackbeard","The Bug Knight","The Construct","The Cursed","The Disciple","The Forsaken","The Hierophant","The Jungle","The Marked","The Mystic","The Necromancer","The Poker Player","The Problem Sleuth","The Runesmith","[IsaacMod]????"],"gold_per_floor":[113,113,124,9,84,84,100,117,140,140,140,158,158,170,170,274,274,306,325,325,252,269,269,269,269,269,269,292,311,327,343,357,357,357,357],"floor_reached":34,"playtime":1504,"items_purged":[],"score":248,"play_id":"91cccc0f-290f-44dc-84af-38934f62e555","local_time":"20210105141902","is_ascension_mode":false,"campfire_choices":[{"data":"DemoMod:FastSwitch","floor":6,"key":"SMITH"},{"data":"DemoMod:TableSutra","floor":10,"key":"SMITH"},{"data":"DemoMod:ChanceBullets","floor":13,"key":"SMITH"},{"data":"DemoMod:ConditionalReflex","floor":15,"key":"SMITH"},{"data":"DemoMod:ProbeStrike","floor":23,"key":"SMITH"},{"data":"hubris:Fate","floor":27,"key":"SMITH"},{"data":"DemoMod:BSG","floor":33,"key":"SMITH"}],"circlet_count":0,"master_deck":["DemoMod:Strike_Huntress+1","DemoMod:Strike_Huntress+1","DemoMod:Strike_Huntress+1","DemoMod:Defend_Huntress+1","DemoMod:Defend_Huntress+1","DemoMod:Defend_Huntress+1","DemoMod:Defend_Huntress+1","DemoMod:Roll","DemoMod:ManualReload","DemoMod:RustySidearm","DemoMod:CrossBow","DemoMod:ProbeStrike+1","hubris:Fate+1","DemoMod:FastSwitch+1","DemoMod:TableSutra+1","DemoMod:ChanceBullets+1","DemoMod:AbyssalTentacle","DemoMod:ConditionalReflex+1","DemoMod:DarkMarker","DemoMod:HuntsMan","DemoMod:HuntsMan","DemoMod:BlankBullets","DemoMod:HardPowerCard+1","DemoMod:BSG+1","DemoMod:DoubleVision"],"relics":["DemoMod:Dog","HushsDoor","BookofShadows","Orichalcum","Coffee Dripper","Nloth\u0027s Gift"],"acts_visited":["Exordium","TheCity","TheCity"],"potions_floor_usage":[14,16,34,34],"damage_taken":[{"damage":3,"enemies":"Small Slimes","floor":1,"turns":3},{"damage":0,"enemies":"2 Louse","floor":3,"turns":2},{"damage":0,"enemies":"Cultist","floor":7,"turns":3},{"damage":5,"enemies":"2 Fungi Beasts","floor":8,"turns":3},{"damage":0,"enemies":"Blue Slaver","floor":12,"turns":2},{"damage":0,"enemies":"3 Louse","floor":14,"turns":3},{"damage":4,"enemies":"Slime Boss","floor":16,"turns":10},{"damage":14,"enemies":"2 Thieves","floor":18,"turns":4},{"damage":10,"enemies":"Shell Parasite","floor":19,"turns":4},{"damage":0,"enemies":"Snecko","floor":22,"turns":4},{"damage":0,"enemies":"DemoMod:4_Bullet_Kins","floor":28,"turns":4},{"damage":0,"enemies":"DemoMod:Veteran_shot_gun_kin_and_bullet_kin","floor":29,"turns":3},{"damage":1,"enemies":"DemoMod:Veteran_shot_gun_kin_and_blue_shotgun_kin","floor":30,"turns":3},{"damage":28,"enemies":"DemoMod:Red_and_blue_shotgun_kin_with_gunsinger","floor":31,"turns":4},{"damage":10,"enemies":"DemoMod:Veteran_shot_gun_kin_and_red_shotgun_kin_with_gunsinger","floor":32,"turns":3},{"damage":46,"enemies":"DemoMod:ResourcefulRat","floor":34,"turns":8}],"seed_played":"974303292574324930","potions_obtained":[{"floor":1,"key":"LiquidBronze"},{"floor":3,"key":"Fire Potion"},{"floor":22,"key":"Reflective Coating"},{"floor":28,"key":"Milkshake"},{"floor":32,"key":"LiquidMemories"}],"is_trial":false,"path_per_floor":["M","?","M","$","?","R","M","M","T","R","?","M","R","M","R","B",null,"M","M","?","?","M","R","?","?","T","R","M","M","M","M","M","R","B"],"character_chosen":"HUNTRESS","items_purchased":["DemoMod:GnawedKey"],"campfire_rested":0,"item_purchase_floors":[4],"current_hp_per_floor":[67,49,49,49,38,38,38,33,33,33,33,33,33,48,48,44,70,70,60,60,70,70,70,70,70,70,70,70,70,69,41,31,31,0,0],"gold":357,"neow_bonus":"RANDOM_COMMON_RELIC","is_daily":false,"chose_seed":false,"campfire_upgraded":7,"win_rate":0.0,"timestamp":1609885142,"path_taken":["M","?","M","$","?","R","M","?","T","R","?","M","R","M","R","BOSS","M","M","?","?","M","R","?","?","T","R","M","M","M","M","M","R","BOSS"],"items_purchased_type":["Relic"],"build_version":"2020-12-22","purchased_purges":0,"victory":false,"max_hp_per_floor":[70,70,70,70,70,70,70,70,70,70,70,70,70,70,70,70,70,70,70,70,70,70,70,70,70,70,70,70,70,70,70,70,70,70,70],"card_choices":[{"not_picked":["DemoMod:AWP","DemoMod:MachoBrace"],"picked":"DemoMod:ProbeStrike","floor":1},{"not_picked":["ReplayTheSpireMod:Black Plague","hubris:Rewind"],"picked":"hubris:Fate","floor":2},{"not_picked":["DemoMod:AC15","DemoMod:PotionOfGunFriendShip"],"picked":"DemoMod:FastSwitch","floor":3},{"not_picked":["DemoMod:AWP","DemoMod:FastSwitch"],"picked":"DemoMod:TableSutra","floor":7},{"not_picked":["DemoMod:SAA","DemoMod:PotionOfGunFriendShip"],"picked":"DemoMod:ChanceBullets","floor":8},{"not_picked":["DemoMod:SAA","DemoMod:JK47"],"picked":"DemoMod:AbyssalTentacle","floor":12},{"not_picked":["DemoMod:DoubleSwitch","DemoMod:EasyReloadBullets"],"picked":"DemoMod:ConditionalReflex","floor":14},{"not_picked":["DemoMod:GunslingerForm","DemoMod:BlackHoleGun"],"picked":"DemoMod:DarkMarker","floor":16},{"not_picked":["DemoMod:Purify","DemoMod:MachoBrace","DemoMod:BattleInHaste"],"picked":"SKIP","floor":18},{"not_picked":["DemoMod:TeaPot","DemoMod:Purify"],"picked":"DemoMod:HuntsMan","floor":19},{"not_picked":["DemoMod:MachoBrace","DemoMod:PotionOfGunFriendShip"],"picked":"DemoMod:HuntsMan","floor":22},{"not_picked":["DemoMod:TeaPot","DemoMod:BlackHoleGun"],"picked":"DemoMod:BlankBullets","floor":28},{"not_picked":["DemoMod:CombinedRifle","DemoMod:AC15"],"picked":"DemoMod:HardPowerCard+1","floor":29},{"not_picked":["DemoMod:StickyCrossBow","DemoMod:JK47","DemoMod:EasyReloadBullets"],"picked":"SKIP","floor":30},{"not_picked":["DemoMod:DirectionalPad","DemoMod:TeaPot"],"picked":"DemoMod:BSG","floor":31},{"not_picked":["DemoMod:Camera+1","DemoMod:LifeOrb"],"picked":"DemoMod:DoubleVision","floor":32}],"player_experience":310941,"relics_obtained":[],"event_choices":[{"damage_healed":0,"gold_gain":75,"player_choice":"Gather Gold","damage_taken":11,"max_hp_gain":0,"max_hp_loss":0,"event_name":"World of Goop","floor":5,"gold_loss":0},{"damage_healed":0,"gold_gain":0,"player_choice":"Simplicity","damage_taken":0,"max_hp_gain":0,"max_hp_loss":0,"event_name":"Back to Basics","floor":20,"gold_loss":0,"cards_upgraded":["DemoMod:Strike_Huntress","DemoMod:Strike_Huntress","DemoMod:Strike_Huntress","DemoMod:Defend_Huntress","DemoMod:Defend_Huntress","DemoMod:Defend_Huntress","DemoMod:Defend_Huntress"]},{"damage_healed":0,"gold_gain":0,"player_choice":"Traded Relic","damage_taken":0,"relics_obtained":["Nloth\u0027s Gift"],"max_hp_gain":0,"max_hp_loss":0,"event_name":"N\u0027loth","floor":25,"relics_lost":["DemoMod:GlassGuonStoneRelic"],"gold_loss":0}],"is_beta":false,"boss_relics":[{"not_picked":["ChampionBelt","Ectoplasm"],"picked":"Coffee Dripper"},{"not_picked":[]}],"items_purged_floors":[],"is_endless":false,"potions_floor_spawned":[1,3,22,28,32],"killed_by":"DemoMod:ResourcefulRat","ascension_level":0}}