{"host":"4q6g5wn1adpnm0z5","time":1609890232,"event":{"mods":["2.2 Compatiblity","Aspiration","Astrologer","BaseMod","Hermit","Hubris","Minty Spire (QoL Compilation)","Replay The Spire","StSLib","The Cursed","The Hierophant","The Jungle"],"gold_per_floor":[113,113,125,135,154,154,189,189,215,215,242,242,259,184,184,261,261,261,161,161,161,161,161,161,161,161,161,161,161,161,161,161,161,161,161,161,161,36,36,36,36,36,36,36,36,36,36,36,36,36],"floor_reached":51,"playtime":3347,"items_purged":["Defend_G","Strike_G","Defend_G"],"score":1422,"play_id":"1883c3a1-3145-4336-b299-12bdad646bb7","local_time":"20210106004352","daily_mods":["Allstar","Uncertain Future","Binary"],"is_ascension_mode":true,"campfire_choices":[{"data":"Neutralize","floor":6.0,"key":"SMITH"},{"data":"hubris:EnhanceAbility","floor":8.0,"key":"SMITH"},{"data":"Mayhem","floor":15.0,"key":"SMITH"},{"data":"ReplayTheSpireMod:Scrap Shanks","floor":23.0,"key":"SMITH"},{"data":"Prepared","floor":32.0,"key":"SMITH"},{"floor":41,"key":"REST"},{"floor":44,"key":"REST"},{"data":"Reflex","floor":49,"key":"SMITH"}],"circlet_count":0,"master_deck":["AscendersBane","Strike_G","Strike_G","Strike_G","Strike_G","Defend_G","Defend_G","Defend_G","Survivor","Neutralize+1","Good Instincts","Mayhem+1","hubris:EnhanceAbility+1","Specialist","Quick Slash+1","PiercingWail","ReplayTheSpireMod:Scrap Shanks+1","Unload+1","Infinite Blades","Noxious Fumes","Underhanded Strike","Prepared+1","Escape Plan","Reflex+1"],"relics":["Ring of the Snake","Onion Ring","Replay:Wax Seal","Omamori","Anchor","hubris:Metronome","PreservedInsect","Ectoplasm","Whetstone","Orichalcum","Pet Ghost","aspiration:WatcherSkillbook","aspiration:VileToxins","Ancient Tea Set","Replay:Mystery Machine"],"acts_visited":["Exordium","TheCity","TheBeyond"],"potions_floor_usage":[37,40,50],"damage_taken":[{"damage":0.0,"enemies":"2 Louse","floor":1.0,"turns":4.0},{"damage":0.0,"enemies":"Cultist","floor":3.0,"turns":3.0},{"damage":0.0,"enemies":"Jaw Worm","floor":4.0,"turns":4.0},{"damage":5.0,"enemies":"Looter","floor":5.0,"turns":4.0},{"damage":7.0,"enemies":"Replay:BlueRogue","floor":7.0,"turns":10.0},{"damage":1.0,"enemies":"3 Sentries","floor":11.0,"turns":11.0},{"damage":0.0,"enemies":"Blue Slaver","floor":13.0,"turns":3.0},{"damage":1.0,"enemies":"The Guardian","floor":16.0,"turns":14.0},{"damage":0.0,"enemies":"Shell Parasite","floor":18.0,"turns":5.0},{"damage":0.0,"enemies":"Spheric Guardian","floor":20.0,"turns":3.0},{"damage":0.0,"enemies":"Snake Plant","floor":22.0,"turns":4.0},{"damage":8.0,"enemies":"Centurion and Healer","floor":24.0,"turns":8.0},{"damage":3.0,"enemies":"Book of Stabbing","floor":25.0,"turns":5.0},{"damage":0.0,"enemies":"Gremlin Leader","floor":27.0,"turns":6.0},{"damage":1.0,"enemies":"Sentry and Sphere","floor":28.0,"turns":4.0},{"damage":7.0,"enemies":"Snake Plant","floor":29.0,"turns":3.0},{"damage":0.0,"enemies":"Centurion and Healer","floor":31.0,"turns":5.0},{"damage":22.0,"enemies":"Pondfish","floor":33.0,"turns":7.0},{"damage":0.0,"enemies":"3 Darklings","floor":35.0,"turns":6.0},{"damage":1.0,"enemies":"Orb Walker","floor":36.0,"turns":3.0},{"damage":42,"enemies":"Transient","floor":37,"turns":5},{"damage":0,"enemies":"Jaw Worm Horde","floor":39,"turns":3},{"damage":0,"enemies":"Nemesis","floor":40,"turns":7},{"damage":19,"enemies":"Reptomancer","floor":42,"turns":5},{"damage":0,"enemies":"Sphere and 2 Shapes","floor":46,"turns":3},{"damage":0,"enemies":"Transient","floor":47,"turns":5},{"damage":10,"enemies":"4 Shapes","floor":48,"turns":6},{"damage":7,"enemies":"Donu and Deca","floor":50,"turns":7}],"seed_played":"-3071433578926765071","potions_obtained":[{"floor":5.0,"key":"SteroidPotion"},{"floor":7.0,"key":"Swift Potion"},{"floor":13.0,"key":"GamblersBrew"},{"floor":16.0,"key":"Adrenaline Potion"},{"floor":18.0,"key":"SkillPotion"},{"floor":24.0,"key":"Dexterity Potion"},{"floor":28.0,"key":"Explosive Potion"},{"floor":29.0,"key":"BlessingOfTheForge"},{"floor":36.0,"key":"SkillPotion"},{"floor":37,"key":"LifebloodPotion"}],"is_trial":true,"path_per_floor":["M","?","M","M","M","R","E","R","T","T","E","?","M","$","R","B",null,"M","$","M","?","M","R","M","E","T","E","M","M","?","M","R","B",null,"M","M","M","$","M","E","R","E","T","R","?","M","M","M","R","B",null],"character_chosen":"THE_SILENT","items_purchased":[],"campfire_rested":2,"item_purchase_floors":[],"current_hp_per_floor":[59,52,52,52,47,47,40,40,40,40,39,39,39,39,39,38,59,59,59,59,66,66,66,58,55,55,55,54,47,47,47,47,25,56,56,55,13,13,13,13,32,13,13,32,76,76,76,66,66,59],"gold":36,"neow_bonus":"","is_daily":false,"chose_seed":false,"campfire_upgraded":6,"win_rate":0.0,"timestamp":1609890232,"path_taken":["M","?","M","M","M","R","E","R","T","?","E","?","M","$","R","BOSS","M","$","M","?","M","R","M","E","T","E","M","?","?","M","R","BOSS","M","M","M","$","?","E","R","E","T","R","?","?","M","M","R","BOSS"],"items_purchased_type":[],"build_version":"2020-12-22","purchased_purges":3,"victory":true,"max_hp_per_floor":[66,66,66,66,66,66,66,66,66,66,66,66,66,66,66,66,66,66,66,66,66,66,66,66,66,66,66,66,66,66,66,66,66,66,66,66,66,66,66,66,66,66,66,66,76,76,76,76,76,76],"card_choices":[{"not_picked":["Dodge and Roll"],"picked":"Quick Slash","floor":1.0},{"not_picked":["Flying Knee"],"picked":"PiercingWail","floor":3.0},{"not_picked":["Poisoned Stab","ReplayTheSpireMod:From All Sides"],"picked":"SKIP","floor":4.0},{"not_picked":["Dodge and Roll","Catalyst"],"picked":"SKIP","floor":5.0},{"not_picked":["Masterful Stab","Quick Slash"],"picked":"SKIP","floor":7.0},{"not_picked":["Masterful Stab"],"picked":"ReplayTheSpireMod:Scrap Shanks","floor":11.0},{"not_picked":["Hidden Blade","Bane"],"picked":"SKIP","floor":13.0},{"not_picked":["ReplayTheSpireMod:From All Sides"],"picked":"Unload","floor":16.0},{"not_picked":["Flying Knee+1","Slice"],"picked":"SKIP","floor":18.0},{"not_picked":["Slice","PiercingWail+1"],"picked":"SKIP","floor":20.0},{"not_picked":["hubris:TrickCloak"],"picked":"Infinite Blades","floor":22.0},{"not_picked":["Flying Knee"],"picked":"Noxious Fumes","floor":24.0},{"not_picked":["Outmaneuver","Eviscerate"],"picked":"SKIP","floor":25.0},{"not_picked":["Calculated Gamble","Draining Mist+1"],"picked":"SKIP","floor":27.0},{"not_picked":["hubris:SlightOfHand"],"picked":"Underhanded Strike","floor":28.0},{"not_picked":["Flying Knee","Bane"],"picked":"SKIP","floor":29.0},{"not_picked":["Hidden Blade"],"picked":"Prepared","floor":31.0},{"not_picked":["ReplayTheSpireMod:Exploit Weakness","Prostrate","InnerPeace+1"],"picked":"SKIP","floor":35.0},{"not_picked":["EmptyFist","Bouncing Flask","hubris:Counter"],"picked":"SKIP","floor":36.0},{"not_picked":["Evaluate","Choke","Underhanded Strike"],"picked":"SKIP","floor":37},{"not_picked":["Backflip","Blade Dance","Noxious Fumes"],"picked":"SKIP","floor":39},{"not_picked":["EmptyMind","Sucker Punch"],"picked":"Escape Plan","floor":40},{"not_picked":["Terror","ReplayTheSpireMod:The Works"],"picked":"Reflex","floor":42},{"not_picked":["Replay:ManipulateFuture","ConjureBlade","Replay:BluntJabs+1"],"picked":"SKIP","floor":46},{"not_picked":["Escape Plan+1","Evaluate","EmptyFist+1"],"picked":"SKIP","floor":47},{"not_picked":["Escape Plan+1","Evaluate","EmptyFist+1"],"picked":"SKIP","floor":47},{"not_picked":["FollowUp","Slice","Quick Slash+1"],"picked":"SKIP","floor":48}],"player_experience":2386016,"relics_obtained":[{"floor":7.0,"key":"Replay:Wax Seal"},{"floor":9.0,"key":"Omamori"},{"floor":10.0,"key":"Anchor"},{"floor":11.0,"key":"hubris:Metronome"},{"floor":12.0,"key":"PreservedInsect"},{"floor":25.0,"key":"Whetstone"},{"floor":26.0,"key":"Orichalcum"},{"floor":27.0,"key":"Pet Ghost"},{"floor":40,"key":"aspiration:VileToxins"},{"floor":42,"key":"Ancient Tea Set"},{"floor":43,"key":"Replay:Mystery Machine"}],"event_choices":[{"damage_healed":0.0,"max_hp_gain":0.0,"max_hp_loss":0.0,"gold_gain":0.0,"event_name":"Scrap Ooze","player_choice":"Success","floor":2.0,"gold_loss":0.0,"damage_taken":7.0,"relics_obtained":["Onion Ring"]},{"damage_healed":0.0,"max_hp_gain":0.0,"max_hp_loss":0.0,"gold_gain":0.0,"event_name":"Wheel of Change","player_choice":"Relic","floor":12.0,"gold_loss":0.0,"damage_taken":0.0},{"damage_healed":7.0,"max_hp_gain":0.0,"max_hp_loss":0.0,"gold_gain":0.0,"event_name":"Wheel of Change","player_choice":"Full Heal","floor":21.0,"gold_loss":0.0,"damage_taken":0.0},{"damage_healed":0.0,"max_hp_gain":0.0,"max_hp_loss":0.0,"gold_gain":100.0,"event_name":"Golden Shrine","player_choice":"Pray","floor":30.0,"gold_loss":0.0,"damage_taken":0.0},{"cards_removed":["Secret Weapon"],"damage_healed":34,"gold_gain":0,"player_choice":"Offered Rare","damage_taken":0,"max_hp_gain":10,"max_hp_loss":0,"event_name":"Bonfire Elementals","floor":45,"gold_loss":0}],"is_beta":false,"boss_relics":[{"not_picked":["SacredBark","Tiny House"],"picked":"Ectoplasm"},{"not_picked":["Snecko Eye","Abe\u0027s Treasure"],"picked":"aspiration:WatcherSkillbook"}],"items_purged_floors":[14,19,38],"is_endless":false,"potions_floor_spawned":[5,7,13,16,18,24,28,29,36,37,39],"ascension_level":14}}