{"host":"d66n7ln59ex8canu","time":1609813102,"event":{"mods":["AchievementEnabler","BaseMod","Colored Map","Minty Spire (QoL Compilation)","Quick Restart","StSLib"],"gold_per_floor":[116,154,154,43,218,218,228,228,228],"floor_reached":8,"playtime":254,"items_purged":[],"score":71,"play_id":"b11ea5c4-70d6-4f13-af43-20fbdb0ba90d","local_time":"20210104211822","is_ascension_mode":true,"campfire_choices":[{"data":"Inflame","floor":6,"key":"SMITH"}],"circlet_count":0,"master_deck":["AscendersBane","Strike_R+1","Strike_R","Strike_R","Strike_R","Strike_R","Defend_R","Defend_R","Defend_R+1","Defend_R","Bash","HandOfGreed","Inflame+1","Rupture","Bandage Up","Thunderclap","Doubt","Inflame"],"relics":["Burning Blood"],"acts_visited":["Exordium"],"potions_floor_usage":[8],"damage_taken":[{"damage":17,"enemies":"Cultist","floor":1,"turns":6},{"damage":0,"enemies":"Small Slimes","floor":2,"turns":3},{"damage":15,"enemies":"Jaw Worm","floor":7,"turns":4},{"damage":36,"enemies":"Gremlin Nob","floor":8,"turns":4}],"seed_played":"1409080148442522311","potions_obtained":[{"floor":2,"key":"Energy Potion"}],"is_trial":false,"path_per_floor":["M","M","?","$","?","R","M","E"],"character_chosen":"IRONCLAD","items_purchased":["Bandage Up","Thunderclap"],"campfire_rested":0,"item_purchase_floors":[4,4],"current_hp_per_floor":[40,46,30,30,30,30,25,0,0],"gold":228,"neow_bonus":"RANDOM_COLORLESS_2","is_daily":false,"chose_seed":false,"campfire_upgraded":1,"win_rate":0.0,"timestamp":1609813102,"path_taken":["M","M","?","$","?","R","M","E"],"items_purchased_type":["Card","Card"],"build_version":"2020-12-22","purchased_purges":0,"victory":false,"max_hp_per_floor":[80,80,80,80,80,80,80,80,80],"card_choices":[{"not_picked":["Chrysalis","The Bomb"],"picked":"HandOfGreed","floor":0},{"not_picked":["Warcry","Carnage"],"picked":"Inflame","floor":1},{"not_picked":["Shrug It Off","Iron Wave"],"picked":"Rupture","floor":2},{"not_picked":["Burning Pact","Clash"],"picked":"Inflame","floor":7}],"player_experience":305794,"relics_obtained":[],"event_choices":[{"damage_healed":0,"gold_gain":0,"player_choice":"Entered Light","damage_taken":16,"max_hp_gain":0,"max_hp_loss":0,"event_name":"Shining Light","floor":3,"gold_loss":0,"cards_upgraded":["Defend_R","Strike_R"]},{"damage_healed":0,"gold_gain":175,"player_choice":"AGREE","damage_taken":0,"max_hp_gain":0,"max_hp_loss":0,"event_name":"Liars Game","floor":5,"gold_loss":0,"cards_obtained":["Doubt"]}],"is_beta":false,"boss_relics":[],"items_purged_floors":[],"is_endless":false,"potions_floor_spawned":[2],"killed_by":"Gremlin Nob","ascension_level":11}}