{"host":"g0kvl32a5uvdvg3r","time":1609810780,"event":{"mods":["BaseMod","Hermit","Minty Spire (QoL Compilation)","Replay The Spire","Shop Mod","StSLib"],"gold_per_floor":[114,149,164,179,179,179,209,224,224,239,239,239,254,4,4,104,154,169,184,283,323,338,368,136,136,211,102,117,36,36,51,51,151,151,166,197,212,227,267,267,267,302,377,407,407,407,407],"floor_reached":46,"playtime":3828,"items_purged":[],"score":601,"play_id":"31d4552f-cfe4-430a-b378-4eac6f4c2da6","local_time":"20210105013940","daily_mods":["Shiny","Colorless Cards","Night Terrors"],"is_ascension_mode":false,"campfire_choices":[{"floor":6,"key":"REST"},{"data":"Apotheosis","floor":11,"key":"SMITH"},{"floor":15,"key":"REST"},{"floor":25,"key":"REST"},{"data":"Replay:Parry","floor":30,"key":"SMITH"},{"data":"ReplayUltimateDefense","floor":32,"key":"SMITH"},{"floor":40,"key":"REST"},{"floor":45,"key":"REST"}],"circlet_count":0,"master_deck":["Double Tap","Demon Form","Fiend Fire","Eclipse","Berserk","Impervious","Juggernaut","Brutality","Demonic Infusion","Exhume+1","Offering","Bludgeon","Feed","Replay:Many Hands","Limit Break+1","Corruption","Barricade","Hemogenesis","Reaper","Immolate","Thinking Ahead","Metamorphosis+1","Master of Strategy","Magnetism","Chrysalis","Mayhem","Secret Weapon","Midas Touch","ReplayTheSpireMod:Brewmster","Poisoned Strike","Sadistic Nature","ReplayUltimateDefense+1","Transmutation","HandOfGreed","ReplayTheSpireMod:Necrogeddon","Apotheosis+1","Panache","Violence","Secret Technique","The Bomb","Crow Ritual","Armaments","Trip","Pummel","Dual Wield","Body Slam+1","Madness","Flex","Panacea","Chrysalis","Dark Embrace","Anger+1","Ghostly Armor","Iron Wave+1","Pot Of Greed","Pot Of Greed","Pot Of Greed","Pot Of Greed","Pot Of Greed","Dramatic Entrance","Flex","Replay:Parry+1","Thunderclap","Rupture","Good Instincts","Pot Of Greed","ReplayTheSpireMod:Necrogeddon","Dark Shackles+1","ReplayTheSpireMod:Strike From Hell","Thunderclap","Parasite","ReplayTheSpireMod:Trickstab","Havoc+1","Feel No Pain"],"relics":["Burning Blood","Toy Ornithopter","Meat on the Bone","ReplayTheSpireMod:Shallot","Tiny House","Replay:Bottled Eggs","Grinning Jar","Replay:Bottled Snecko","Ring of Chaos","FossilizedHelix","Darkstone Periapt","Blue Doll"],"acts_visited":["Exordium","TheCity","TheBeyond"],"potions_floor_usage":[8,13,16,16,21,21,21,21,21,23,28,31,33,33,33,33,33,33,35,36,36,38,38,44],"damage_taken":[{"damage":23,"enemies":"Small Slimes","floor":1,"turns":4},{"damage":5,"enemies":"Jaw Worm","floor":2,"turns":3},{"damage":7,"enemies":"2 Louse","floor":3,"turns":2},{"damage":28,"enemies":"Exordium Wildlife","floor":4,"turns":4},{"damage":20,"enemies":"Replay:BlueRogue","floor":7,"turns":4},{"damage":25,"enemies":"3 Louse","floor":8,"turns":3},{"damage":20,"enemies":"Gremlin Gang","floor":10,"turns":2},{"damage":5,"enemies":"Lots of Slimes","floor":13,"turns":2},{"damage":42,"enemies":"The Guardian","floor":16,"turns":7},{"damage":6,"enemies":"Shell Parasite","floor":18,"turns":4},{"damage":7,"enemies":"2 Thieves","floor":19,"turns":2},{"damage":15,"enemies":"3 Cultists","floor":21,"turns":5},{"damage":24,"enemies":"Centurion and Healer","floor":22,"turns":7},{"damage":47,"enemies":"Book of Stabbing","floor":23,"turns":6},{"damage":17,"enemies":"Snecko","floor":28,"turns":4},{"damage":10,"enemies":"Cultist and Chosen","floor":31,"turns":5},{"damage":47,"enemies":"Champ","floor":33,"turns":6},{"damage":41,"enemies":"3 Darklings","floor":35,"turns":6},{"damage":32,"enemies":"2 Orb Walkers","floor":36,"turns":4},{"damage":28,"enemies":"3 Shapes","floor":37,"turns":4},{"damage":46,"enemies":"Writhing Mass","floor":38,"turns":6},{"damage":25,"enemies":"Jaw Worm Horde","floor":39,"turns":5},{"damage":25,"enemies":"Sphere and 2 Shapes","floor":42,"turns":4},{"damage":50,"enemies":"Reptomancer","floor":44,"turns":7},{"damage":68,"enemies":"Nemesis","floor":46,"turns":6}],"seed_played":"-8136925521176778862","potions_obtained":[{"floor":4,"key":"FairyPotion"},{"floor":7,"key":"Energy Potion"},{"floor":8,"key":"Reflective Coating"},{"floor":13,"key":"PowerPotion"},{"floor":18,"key":"EssenceOfSteel"},{"floor":23,"key":"Fire Potion"},{"floor":28,"key":"SteroidPotion"},{"floor":31,"key":"SteroidPotion"},{"floor":38,"key":"Dexterity Potion"},{"floor":42,"key":"AttackPotion"}],"is_trial":false,"path_per_floor":["M","M","M","M","?","R","E","M","T","M","R","?","M","$","R","B",null,"M","M","?","M","M","E","$","R","T","$","M","$","R","M","R","B",null,"M","?","M","M","M","R","?","M","T","E","R","E"],"character_chosen":"IRONCLAD","items_purchased":["ReplayTheSpireMod:Shallot","Grinning Jar","Dramatic Entrance","Flex","Replay:Parry","Rupture"],"campfire_rested":5,"item_purchase_floors":[14,24,24,27,27,29],"current_hp_per_floor":[70,71,70,48,31,78,64,50,50,51,51,51,63,63,82,56,87,87,87,87,87,69,49,49,82,82,82,75,75,75,76,76,61,82,52,55,45,27,32,77,73,54,54,27,68,0,0],"gold":407,"neow_bonus":"","is_daily":true,"chose_seed":false,"campfire_upgraded":3,"win_rate":0.0,"timestamp":1609810780,"path_taken":["M","M","M","M","?","R","E","M","T","M","R","?","M","$","R","BOSS","M","M","?","M","M","E","$","R","T","$","M","$","R","M","R","BOSS","M","?","M","M","M","R","?","M","T","E","R","E"],"items_purchased_type":["Relic","Relic","Card","Card","Card","Card"],"build_version":"2020-12-22","purchased_purges":0,"victory":false,"max_hp_per_floor":[83,83,83,83,83,78,78,78,78,81,81,81,87,87,82,82,87,87,87,87,87,87,87,87,82,82,82,82,82,82,82,82,82,82,82,82,82,82,82,77,73,73,73,73,68,68,68],"card_choices":[{"not_picked":["Clothesline","Twin Strike"],"picked":"Armaments","floor":1},{"not_picked":["Carnage","Sword Boomerang"],"picked":"Trip","floor":2},{"not_picked":["True Grit","Clash"],"picked":"Pummel","floor":3},{"not_picked":["Run Through","Clash"],"picked":"Dual Wield","floor":4},{"not_picked":["Pommel Strike","ReplayUltimateDefense"],"picked":"Body Slam","floor":7},{"not_picked":["Flex","Battle Trance"],"picked":"Madness","floor":8},{"not_picked":["Shockwave","Thunderclap"],"picked":"Flex","floor":10},{"not_picked":["ReplayTheSpireMod:Uncanny Aura","Flex"],"picked":"Panacea","floor":13},{"not_picked":["Master of Strategy","Berserk"],"picked":"Chrysalis","floor":16},{"not_picked":["Burning Pact","Madness"],"picked":"Dark Embrace","floor":17},{"not_picked":["Dark Embrace","Sword Boomerang"],"picked":"Anger+1","floor":18},{"not_picked":["Replay:BasicMightCard","Pommel Strike+1"],"picked":"Ghostly Armor","floor":19},{"not_picked":["Wild Strike","Havoc"],"picked":"Iron Wave+1","floor":21},{"not_picked":["Clothesline+1","Life Link","Evolve+1"],"picked":"SKIP","floor":22},{"not_picked":["Seeing Red","Defy Death","Disarm+1"],"picked":"SKIP","floor":23},{"not_picked":["Twin Strike","Cleave"],"picked":"Thunderclap","floor":28},{"not_picked":["Shrug It Off","Combust"],"picked":"Good Instincts","floor":31},{"not_picked":["HandOfGreed","Immolate"],"picked":"ReplayTheSpireMod:Necrogeddon","floor":33},{"not_picked":["Replay:Undeath\u0027s Touch+1","Sword Boomerang"],"picked":"Dark Shackles+1","floor":35},{"not_picked":["True Grit","Wild Strike+1"],"picked":"ReplayTheSpireMod:Strike From Hell","floor":36},{"not_picked":["Pommel Strike","Dramatic Entrance"],"picked":"Thunderclap","floor":37},{"not_picked":["Shrug It Off","Shockwave"],"picked":"ReplayTheSpireMod:Trickstab","floor":38},{"not_picked":["Sword Boomerang+1","Replay:BasicMightCard+1"],"picked":"Havoc+1","floor":39},{"not_picked":["Brutality","Run Through+1"],"picked":"Feel No Pain","floor":42},{"not_picked":["Replay:Many Hands","Abandon+1","Burning Pact"],"picked":"SKIP","floor":44}],"player_experience":1129119,"relics_obtained":[{"floor":7,"key":"Toy Ornithopter"},{"floor":9,"key":"Meat on the Bone"},{"floor":23,"key":"Replay:Bottled Eggs"},{"floor":26,"key":"Replay:Bottled Snecko"},{"floor":36,"key":"FossilizedHelix"},{"floor":43,"key":"Darkstone Periapt"},{"floor":44,"key":"Blue Doll"}],"event_choices":[{"damage_healed":0,"gold_gain":0,"player_choice":"Entered Light","damage_taken":17,"max_hp_gain":0,"max_hp_loss":0,"event_name":"Shining Light","floor":5,"gold_loss":0,"cards_upgraded":["Metamorphosis","Limit Break"]},{"damage_healed":0,"gold_gain":0,"player_choice":"Ignored","damage_taken":0,"max_hp_gain":0,"max_hp_loss":0,"event_name":"Golden Idol","floor":12,"gold_loss":0},{"damage_healed":0,"gold_gain":99,"player_choice":"Stole From Cult","damage_taken":0,"max_hp_gain":0,"max_hp_loss":0,"event_name":"Nest","floor":20,"gold_loss":0},{"damage_healed":0,"gold_gain":0,"player_choice":"Fight","damage_taken":0,"max_hp_gain":0,"max_hp_loss":0,"event_name":"Mysterious Sphere","floor":36,"gold_loss":0},{"damage_healed":0,"gold_gain":0,"player_choice":"Max HP","damage_taken":0,"max_hp_gain":0,"max_hp_loss":4,"event_name":"Winding Halls","floor":41,"gold_loss":0}],"is_beta":false,"boss_relics":[{"not_picked":["Snecko Eye","Ectoplasm"],"picked":"Tiny House"},{"not_picked":["Busted Crown","Velvet Choker"],"picked":"Ring of Chaos"}],"items_purged_floors":[],"is_endless":false,"potions_floor_spawned":[4,7,8,13,18,23,28,31,38,42],"killed_by":"Nemesis","ascension_level":0}}