{"host":"svwqvw2il1zfkkg0","time":1609880218,"event":{"mods":["AchievementEnabler","BaseMod","BetterRewards","Colored Map","Colored Powertips","Custom Start","Downfall","GifTheSpireLib","Highlight Path","Hubris","Infinite Spire","Minty Spire (QoL Compilation)","Quick Restart","Replay The Spire","Shop Mod","StSLib","SuperFastMode"],"gold_per_floor":[117,133,147,166,166,166,193,203,203,222,222,234,234,234],"floor_reached":13,"playtime":426,"items_purged":[],"score":89,"play_id":"969818b8-6803-4eec-9b6c-6e89aa2e48d1","local_time":"20210105125658","is_ascension_mode":false,"campfire_choices":[{"data":"Envenom","floor":6,"key":"SMITH"},{"floor":11,"key":"REST"}],"circlet_count":0,"master_deck":["Strike_G","Strike_G","Strike_G","Strike_G","Strike_G+1","Defend_G","Defend_G","Defend_G","Defend_G","Defend_G","Survivor","Neutralize","Envenom+1","Riddle With Holes","Poisoned Stab","Blade Dance","Flying Knee","Underhanded Strike","Quick Slash","Corpse Explosion"],"relics":["Ring of the Snake","Gremlin Food","infinitespire:Bottled Soul"],"acts_visited":["Exordium"],"potions_floor_usage":[2,4],"damage_taken":[{"damage":3,"enemies":"Jaw Worm","floor":1,"turns":5},{"damage":0,"enemies":"Small Slimes","floor":2,"turns":3},{"damage":0,"enemies":"2 Louse","floor":3,"turns":3},{"damage":10,"enemies":"Looter","floor":4,"turns":2},{"damage":23,"enemies":"3 Sentries","floor":7,"turns":7},{"damage":22,"enemies":"Large Slime","floor":8,"turns":5},{"damage":10,"enemies":"Red Slaver","floor":10,"turns":4},{"damage":12,"enemies":"Exordium Wildlife","floor":12,"turns":5},{"damage":19,"enemies":"Replay:BlueRogue","floor":13,"turns":4}],"seed_played":"5364047359822065282","potions_obtained":[{"floor":1,"key":"Weak Potion"},{"floor":3,"key":"Poison Potion"}],"is_trial":false,"path_per_floor":["M","M","M","M","?","R","E","M","T","M","R","M","E"],"character_chosen":"THE_SILENT","items_purchased":[],"campfire_rested":1,"item_purchase_floors":[],"current_hp_per_floor":[67,67,67,57,57,57,34,12,12,2,23,11,0,0],"gold":234,"neow_bonus":"ONE_RANDOM_RARE_CARD","is_daily":false,"chose_seed":false,"campfire_upgraded":1,"win_rate":0.0,"timestamp":1609880218,"path_taken":["M","M","M","M","?","R","E","M","T","M","R","M","E"],"items_purchased_type":[],"build_version":"2020-12-22","purchased_purges":0,"victory":false,"max_hp_per_floor":[70,70,70,70,70,70,70,70,70,70,70,70,70,70],"card_choices":[{"not_picked":["Hidden Blade","hubris:Counter"],"picked":"Riddle With Holes","floor":1},{"not_picked":["Deflect","Blade Dance"],"picked":"Poisoned Stab","floor":2},{"not_picked":["Finisher","PiercingWail"],"picked":"Blade Dance","floor":3},{"not_picked":["Backflip","Calculated Gamble"],"picked":"Flying Knee","floor":4},{"not_picked":["ReplayTheSpireMod:From All Sides","Footwork","hubris:SlightOfHand"],"picked":"SKIP","floor":7},{"not_picked":["Sucker Punch","Backflip"],"picked":"Underhanded Strike","floor":8},{"not_picked":["Finisher","Outmaneuver"],"picked":"Quick Slash","floor":10},{"not_picked":["Deflect","Caltrops"],"picked":"Corpse Explosion","floor":12}],"player_experience":453089,"relics_obtained":[{"floor":7,"key":"Gremlin Food"},{"floor":9,"key":"infinitespire:Bottled Soul"}],"event_choices":[{"damage_healed":0,"gold_gain":0,"player_choice":"Ignored","damage_taken":0,"max_hp_gain":0,"max_hp_loss":0,"event_name":"Golden Wing","floor":5,"gold_loss":0}],"is_beta":false,"boss_relics":[],"items_purged_floors":[],"is_endless":false,"potions_floor_spawned":[1,3],"killed_by":"Replay:BlueRogue","ascension_level":0}}