{"host":"l60rmjjsfi0fipmi","time":1609807002,"event":{"mods":["BaseMod","Colored Map","DeckTracker","Highlight Path","Minty Spire (QoL Compilation)"],"gold_per_floor":[119,135,55,68,82,82,116,130,155,155,179,179,206,106,106,240,240,258,283,382,406,415,415,415,415],"floor_reached":24,"playtime":3116,"items_purged":["Strike_R"],"score":200,"play_id":"56f8d42c-3e63-4ec1-a1f2-a0c085ca3701","local_time":"20210104193642","is_ascension_mode":false,"campfire_choices":[{"data":"Bash","floor":6,"key":"SMITH"},{"data":"Immolate","floor":10,"key":"SMITH"},{"floor":15,"key":"REST"},{"floor":23,"key":"REST"}],"circlet_count":0,"master_deck":["Strike_R","Strike_R","Strike_R","Strike_R","Defend_R","Defend_R","Defend_R","Defend_R","Bash+1","Iron Wave","Heavy Blade","Dual Wield","Flex","Feed","Immolate+1","Shrug It Off","Seeing Red","Body Slam","Metallicize","Impervious","Flame Barrier+1","Writhe"],"relics":["Burning Blood","HornCleat","CeramicFish","Golden Idol","Runic Cube","Oddly Smooth Stone"],"acts_visited":["Exordium","TheCity"],"potions_floor_usage":[16,21,24,24],"damage_taken":[{"damage":10,"enemies":"Jaw Worm","floor":1,"turns":5},{"damage":1,"enemies":"2 Louse","floor":2,"turns":3},{"damage":0,"enemies":"Small Slimes","floor":4,"turns":3},{"damage":4,"enemies":"2 Fungi Beasts","floor":5,"turns":5},{"damage":39,"enemies":"Gremlin Nob","floor":7,"turns":5},{"damage":7,"enemies":"Looter","floor":8,"turns":4},{"damage":0,"enemies":"Exordium Wildlife","floor":11,"turns":2},{"damage":12,"enemies":"Blue Slaver","floor":13,"turns":2},{"damage":44,"enemies":"Slime Boss","floor":16,"turns":21},{"damage":31,"enemies":"3 Byrds","floor":18,"turns":7},{"damage":46,"enemies":"Spheric Guardian","floor":19,"turns":10},{"damage":23,"enemies":"Snake Plant","floor":21,"turns":5},{"damage":35,"enemies":"Slavers","floor":24,"turns":6}],"seed_played":"6742525551073134836","potions_obtained":[{"floor":2,"key":"Dexterity Potion"},{"floor":7,"key":"CultistPotion"},{"floor":8,"key":"GamblersBrew"},{"floor":11,"key":"SkillPotion"},{"floor":19,"key":"Energy Potion"}],"is_trial":false,"path_per_floor":["M","M","$","M","M","R","E","M","T","R","M","?","M","$","R","B",null,"M","M","?","M","?","R","E"],"character_chosen":"IRONCLAD","items_purchased":["Dual Wield","Metallicize"],"campfire_rested":2,"item_purchase_floors":[3,14],"current_hp_per_floor":[84,88,88,88,88,88,55,54,54,54,60,60,57,57,82,47,87,65,25,25,8,8,35,0,0],"gold":415,"neow_bonus":"TEN_PERCENT_HP_BONUS","is_daily":false,"chose_seed":false,"campfire_upgraded":2,"win_rate":0.0,"timestamp":1609807002,"path_taken":["M","M","$","M","M","R","E","M","T","R","M","?","M","$","R","BOSS","M","M","?","M","?","R","E"],"items_purchased_type":["Card","Card"],"build_version":"2020-12-22","purchased_purges":1,"victory":false,"max_hp_per_floor":[88,88,88,88,88,88,88,88,88,88,88,81,84,84,84,87,87,90,90,90,90,90,90,90,90],"card_choices":[{"not_picked":["Sword Boomerang","Havoc"],"picked":"Iron Wave","floor":1},{"not_picked":["Rage","Clash"],"picked":"Heavy Blade","floor":2},{"not_picked":["Sentinel","Thunderclap"],"picked":"Flex","floor":4},{"not_picked":["Clash","Body Slam"],"picked":"Feed","floor":5},{"not_picked":["Dark Embrace","Feel No Pain"],"picked":"Immolate","floor":7},{"not_picked":["Clothesline","Thunderclap"],"picked":"Shrug It Off","floor":8},{"not_picked":["Armaments","Sword Boomerang"],"picked":"Seeing Red","floor":11},{"not_picked":["Burning Pact","Hemokinesis"],"picked":"Body Slam","floor":13},{"not_picked":["Brutality","Juggernaut"],"picked":"Impervious","floor":16},{"not_picked":["Pommel Strike","Warcry","Heavy Blade+1"],"picked":"SKIP","floor":18},{"not_picked":["Anger","Cleave"],"picked":"Flame Barrier+1","floor":19},{"not_picked":["Wild Strike","Flex","True Grit"],"picked":"SKIP","floor":21}],"player_experience":229903,"relics_obtained":[{"floor":7,"key":"HornCleat"},{"floor":9,"key":"CeramicFish"}],"event_choices":[{"damage_healed":0,"gold_gain":0,"player_choice":"Lose Max HP","damage_taken":0,"relics_obtained":["Golden Idol"],"max_hp_gain":0,"max_hp_loss":7,"event_name":"Golden Idol","floor":12,"gold_loss":0},{"damage_healed":0,"gold_gain":99,"player_choice":"Stole From Cult","damage_taken":0,"max_hp_gain":0,"max_hp_loss":0,"event_name":"Nest","floor":20,"gold_loss":0},{"damage_healed":0,"gold_gain":0,"player_choice":"Opened","damage_taken":0,"relics_obtained":["Oddly Smooth Stone"],"max_hp_gain":0,"max_hp_loss":0,"event_name":"The Mausoleum","floor":22,"gold_loss":0,"cards_obtained":["Writhe"]}],"is_beta":false,"boss_relics":[{"not_picked":["Fusion Hammer","Black Star"],"picked":"Runic Cube"}],"items_purged_floors":[14],"is_endless":false,"potions_floor_spawned":[2,7,8,11,13,19],"killed_by":"Slavers","ascension_level":0}}