{"host":"r6jigiblrojhp6xe","time":1609877793,"event":{"mods":["AchievementEnabler","BaseMod","DeckTracker","Minty Spire (QoL Compilation)","Quick Restart","Rare Cards Sparkle","Relic Stats","StSLib","SuperFastMode","The Cursed","everything is the same but u backflip on backflip"],"gold_per_floor":[117,132,151,151,167,200,200,213,239,239,253,20,70,96,96,96,96],"floor_reached":16,"playtime":304,"items_purged":["Strike_R"],"score":224,"play_id":"0d379f5e-65c4-4396-bfbe-294d5e946022","local_time":"20210106051633","is_ascension_mode":true,"campfire_choices":[{"data":"Carnage","floor":7.0,"key":"SMITH"},{"data":"Shockwave","floor":10.0,"key":"SMITH"},{"floor":15,"key":"REST"}],"circlet_count":0,"master_deck":["AscendersBane","Strike_R","Strike_R+1","Defend_R","Defend_R","Defend_R","Defend_R","Bash","Bloodletting","Carnage+1","Cleave+1","Shockwave+1","Double Tap","Barricade"],"relics":["Burning Blood","Gambling Chip","Whetstone","Medical Kit","Regal Pillow"],"acts_visited":["Exordium"],"potions_floor_usage":[16],"damage_taken":[{"damage":1.0,"enemies":"Cultist","floor":1.0,"turns":3.0},{"damage":7.0,"enemies":"Jaw Worm","floor":2.0,"turns":3.0},{"damage":0.0,"enemies":"Small Slimes","floor":3.0,"turns":2.0},{"damage":14.0,"enemies":"Red Slaver","floor":5.0,"turns":2.0},{"damage":29.0,"enemies":"Gremlin Nob","floor":6.0,"turns":4.0},{"damage":12.0,"enemies":"Gremlin Gang","floor":8.0,"turns":3.0},{"damage":3.0,"enemies":"Lots of Slimes","floor":11.0,"turns":2.0},{"damage":23,"enemies":"3 Sentries","floor":14,"turns":6},{"damage":50,"enemies":"The Guardian","floor":16,"turns":10}],"seed_played":"4086322071568748776","potions_obtained":[{"floor":2.0,"key":"SpeedPotion"},{"floor":6.0,"key":"Dexterity Potion"}],"is_trial":false,"path_per_floor":["M","M","M","?","M","E","R","M","T","R","M","$","?","E","R","B"],"character_chosen":"IRONCLAD","items_purchased":["Medical Kit"],"campfire_rested":1,"item_purchase_floors":[12],"current_hp_per_floor":[68,67,68,68,60,37,37,31,31,31,34,34,28,11,46,0,0],"gold":96,"neow_bonus":"TRANSFORM_TWO_CARDS","is_daily":false,"chose_seed":false,"campfire_upgraded":2,"win_rate":0.0,"timestamp":1609877793,"path_taken":["M","M","?","?","M","E","R","M","T","R","M","$","?","E","R","BOSS"],"items_purchased_type":["Relic"],"build_version":"2020-12-22","purchased_purges":1,"victory":false,"max_hp_per_floor":[68,68,68,68,68,68,68,68,68,68,68,68,68,68,68,68,68],"relic_stats":{"Regal Pillow":15,"counters":[9,35],"Gambling Chip":[16],"Whetstone":["Cleave","Strike_R"],"Medical Kit":[1],"obtain_stats":[{"Regal Pillow":14,"Gambling Chip":6,"Whetstone":9,"Medical Kit":12,"Burning Blood":0},{"Regal Pillow":8,"Gambling Chip":5,"Whetstone":6,"Medical Kit":7,"Burning Blood":0},{"Regal Pillow":25,"Gambling Chip":14,"Whetstone":17,"Medical Kit":19,"Burning Blood":0}],"Burning Blood":38},"card_choices":[{"not_picked":["Pommel Strike","Flex"],"picked":"Cleave","floor":1.0},{"not_picked":["Warcry","Pommel Strike","Carnage"],"picked":"SKIP","floor":2.0},{"not_picked":["Twin Strike","Anger","Intimidate"],"picked":"SKIP","floor":3.0},{"not_picked":["Iron Wave","Anger"],"picked":"Shockwave","floor":5.0},{"not_picked":["Pommel Strike","Exhume"],"picked":"Double Tap","floor":6.0},{"not_picked":["Flex","Clothesline","Sword Boomerang"],"picked":"SKIP","floor":8.0},{"not_picked":["Armaments","Ghostly Armor","Body Slam"],"picked":"SKIP","floor":11.0},{"not_picked":["Headbutt","Anger","Barricade"],"picked":"SKIP","floor":14},{"not_picked":["Headbutt","Anger"],"picked":"Barricade","floor":14}],"player_experience":572333,"relics_obtained":[{"floor":6.0,"key":"Gambling Chip"},{"floor":9.0,"key":"Whetstone"},{"floor":14,"key":"Regal Pillow"}],"event_choices":[{"damage_healed":0.0,"max_hp_gain":0.0,"max_hp_loss":0.0,"gold_gain":0.0,"event_name":"Liars Game","player_choice":"Ignored","floor":4.0,"gold_loss":0.0,"damage_taken":0.0},{"damage_healed":0,"gold_gain":50,"player_choice":"Touch","damage_taken":6,"max_hp_gain":0,"max_hp_loss":0,"event_name":"FaceTrader","floor":13,"gold_loss":0}],"is_beta":false,"boss_relics":[],"items_purged_floors":[12],"is_endless":false,"potions_floor_spawned":[2,6,11],"killed_by":"The Guardian","ascension_level":20}}