{"host":"yb1yv0i4ygq2c9jc","time":1609835806,"event":{"mods":["2.2 Compatiblity","AchievementEnabler","Act Like it!","Alarm Clock","Arknights The Spire","Aspiration","BaseMod","Bestiary","Better Altar","Better Match","Better Note","Better Sensory Stone","Better Skull","Better Third Choice","CCEM","CapriCore","ChefMod","Colored Powertips","Displayed Cursed Tome","Elementarium","Energized Spire","Fiend Mod","GifTheSpireLib","Hermit","Infinite Spire","JesterMod","Luminous","Magitek Elite","Marisa????????","Marked Mod","Mimic Mod","Minty Spire (QoL Compilation)","Pale of the Ancients","Puzzle Mod","Rare Cards Sparkle","Relic Stats","Remilia??????","Replay The Spire","Robot Space Explorer","SOS???????","Shade Mod","Slumbering Mod","Spicy Shops","StSLib","The Animator","The Clintock","The Dragon Tamer","The Elementalist","The Forsaken","The Hayseed","The Immortal","The Marked","The Necromancer","The Problem Sleuth","The Runesmith","The Senshi","The Servant 0.9.4","TheArtist","TheBandit","TheFirefly","TheVacant","Thieving Mod","Wandering Minibosses"],"gold_per_floor":[113,4,4,4,28,71,71,84,122,122,122,146,189,214,214,345,345,360,386,386,386,436,436,467,467,467,500,523,487,507,519,519,618,568,628,628,628,628,642,642,663,699,699,712,725,748,748,787,787,787,787,787,213,249,249],"floor_reached":56,"playtime":4673,"items_purged":["ats:Strike G","ats:Strike S","ats:Assault Order"],"score":1232,"play_id":"5e258103-201b-4fb7-9f5e-89d8e599e454","local_time":"20210105003646","is_ascension_mode":false,"campfire_choices":[{"data":"ats:Sunburst","floor":7.0,"key":"SMITH"},{"data":"ats:Emotion Absorption","floor":15.0,"key":"SMITH"},{"data":"ats:Burning Ground","floor":23.0,"key":"SMITH"},{"data":"ats:Burning Ground","floor":25.0,"key":"SMITH"},{"data":"ats:Charging Defense","floor":32.0,"key":"SMITH"},{"floor":40.0,"key":"RECALL"},{"data":"ats:Nebulous Foxfire","floor":49.0,"key":"SMITH"}],"circlet_count":0,"master_deck":["ats:Strike C","ats:Armor Crushing Shot","ats:Defend","ats:Defend","ats:Defend","ats:Defend","ats:Emotion Absorption+1","ats:Sunburst+1","ats:Apocalypse+1","ats:Burning Ground+1","ats:Revitalization+1","ats:Charging Defense+1","ats:Burning Ground+1","ats:Wolf Pack","ats:Flame Of Heaven+1","ats:Assault Order+1","ats:Counter Healing Mode","ats:Thorns","ats:Healing Drone","ats:Disruption Kick","ats:Strike C","ats:Revitalization+1","ats:Nebulous Foxfire+1","ats:Mental Burst+1","ats:Ignite+1","ats:Soul Absorption+1","ats:Flame Of Heaven","ats:Song Of Battle+1"],"relics":["ats:Sanity","NeowsBlessing","ats:Originium","Tiny Chest","ReplayTheSpireMod:Lightbulb","War Paint","ats:Tactical Delivery","Vajra","CCEMRelics:OverlyComfyChair","infinitespire:CursedDice","Replay:Grab Bag","Coffee Dripper","energizedSpire:HugeHouse","Gem_Box","wanderingMiniBosses:ThiefScarf","Golden Idol","CCEMRelics:WhiteRose","ats:Support","Ancient Tea Set","CCEMRelics:Barrel","CCEMRelics:OldTooth","Unceasing Top"],"acts_visited":["Exordium","TheCity","TheBeyond","TheEnding"],"potions_floor_usage":[55],"damage_taken":[{"damage":0.0,"enemies":"theSlumbering:NewCultist","floor":1.0,"turns":1.0},{"damage":0.0,"enemies":"Small Slimes","floor":5.0,"turns":1.0},{"damage":0.0,"enemies":"theSlumbering:Adrasteia","floor":6.0,"turns":1.0},{"damage":16.0,"enemies":"infinitespire:Voidling","floor":8.0,"turns":3.0},{"damage":23.0,"enemies":"Lots of Slimes","floor":9.0,"turns":10.0},{"damage":5.0,"enemies":"Lots of Slimes","floor":12.0,"turns":4.0},{"damage":8.0,"enemies":"Lagavulin","floor":13.0,"turns":8.0},{"damage":12.0,"enemies":"3 Louse","floor":14.0,"turns":2.0},{"damage":131.0,"enemies":"Hexaghost","floor":16.0,"turns":17.0},{"damage":5.0,"enemies":"Spheric Guardian","floor":18.0,"turns":4.0},{"damage":29.0,"enemies":"Gremlin Leader","floor":24.0,"turns":7.0},{"damage":0.0,"enemies":"Slavers","floor":27.0,"turns":3.0},{"damage":7.0,"enemies":"Shell Parasite","floor":28.0,"turns":5.0},{"damage":49.0,"enemies":"Chosen and Byrds","floor":29.0,"turns":7.0},{"damage":16.0,"enemies":"Centurion and Healer","floor":30.0,"turns":8.0},{"damage":4.0,"enemies":"Dream Cultist and Chosen","floor":31.0,"turns":4.0},{"damage":40.0,"enemies":"Collector","floor":33.0,"turns":12.0},{"damage":5.0,"enemies":"Orb Walker","floor":35.0,"turns":4.0},{"damage":0.0,"enemies":"3 Shapes","floor":39.0,"turns":5.0},{"damage":46.0,"enemies":"Jaw Worm Horde","floor":41.0,"turns":5.0},{"damage":41.0,"enemies":"Reptomancer","floor":42.0,"turns":7.0},{"damage":11.0,"enemies":"Transient","floor":44.0,"turns":5.0},{"damage":21.0,"enemies":"Writhing Mass","floor":45.0,"turns":4.0},{"damage":0.0,"enemies":"Jaw Worm Horde","floor":46.0,"turns":2.0},{"damage":24.0,"enemies":"R_Hoarder","floor":48.0,"turns":7.0},{"damage":64.0,"enemies":"infinitespire:MassOfShapes","floor":50.0,"turns":7.0},{"damage":30.0,"enemies":"Shield and Spear","floor":54.0,"turns":5.0},{"damage":103,"enemies":"The Heart","floor":55,"turns":10}],"seed_played":"-6031131475582913854","potions_obtained":[{"floor":8.0,"key":"Fruit Juice"},{"floor":12.0,"key":"Adrenaline Potion"},{"floor":14.0,"key":"Regen Potion"},{"floor":16.0,"key":"Regen Potion"},{"floor":27.0,"key":"Adrenaline Potion"},{"floor":30.0,"key":"Swift Potion"},{"floor":31.0,"key":"BlessingOfTheForge"},{"floor":37.0,"key":"LiquidMemories"},{"floor":37.0,"key":"SteroidPotion"},{"floor":37.0,"key":"Milkshake"},{"floor":45.0,"key":"DuplicationPotion"}],"is_trial":false,"path_per_floor":["M","$","?","?","M","E","R","M","MIM","?","?","M","E","M","R","B",null,"M","T","?","?","?","R","E","R","T","E","M","M","M","M","R","B",null,"M","T","?","AVR","M","R","M","E","T","M","M","M","R","E","R","B",null,"R","$","E","B",null],"character_chosen":"DOCTOR_CLASS","items_purchased":["ats:Sunburst","CCEMRelics:OldTooth","ats:Flame Of Heaven","Explosive Potion"],"campfire_rested":0,"item_purchase_floors":[2,53,53,53],"current_hp_per_floor":[72,72,67,67,67,67,67,51,49,56,50,51,60,53,53,2,67,64,64,64,64,64,64,55,55,55,66,61,36,50,63,63,72,67,67,67,67,67,67,67,67,67,67,67,63,63,63,67,67,67,67,67,67,67,67],"gold":249,"neow_bonus":"THREE_ENEMY_KILL","is_daily":false,"chose_seed":false,"campfire_upgraded":6,"win_rate":0.0,"timestamp":1609835806,"path_taken":["M","$","?","?","M","E","R","?","MIM","?","?","M","E","M","R","BOSS","M","?","?","?","?","R","E","R","T","E","M","M","M","M","R","BOSS","M","?","?","AVR","M","R","M","E","T","M","?","M","R","E","R","BOSS","R","$","E","BOSS"],"items_purchased_type":["Card","Relic","Card","Potion"],"build_version":"2020-12-22","purchased_purges":3,"victory":true,"max_hp_per_floor":[72,72,67,67,67,67,67,67,67,67,67,67,67,67,67,67,67,67,67,67,67,67,67,67,67,67,67,67,67,67,72,72,72,67,67,67,67,67,67,67,67,67,67,67,67,67,67,67,67,67,67,67,67,67,67],"relic_stats":{"counters":[28,149],"Golden Idol":180,"Tiny Chest":2,"War Paint":["ats:Apocalypse","ats:Revitalization"],"obtain_stats":[{"Darkstone Periapt":42,"Ice Cream":54,"Golden Egg":41,"Lantern":39,"theSlumbering:CrystalEffigy":45,"Vajra":24,"ats:Support":38,"Ancient Tea Set":43,"Sling":46,"ats:Special":48,"CCEMRelics:OldTooth":53,"CCEMRelics:OverlyComfyChair":26,"Tiny Chest":6,"CCEMRelics:D6":45,"energizedSpire:HugeHouse":34,"ats:Sanity":0,"Chemical X":50,"CCEMRelics:WhiteRose":36,"theSenshi:SailorFukuRelic":54,"CCEMRelics:Barrel":39,"CCEMRelics:HistoryBook":55,"NeowsBlessing":0,"wanderingMiniBosses:ThiefScarf":35,"Golden Idol":3,"infinitespire:CursedDice":27,"Replay:Grab Bag":34,"ats:Assault":55,"infinitespire:Lucky Rock":44,"War Paint":13,"Medical Kit":42,"ats:Originium":6,"infinitespire:WardingShard":44,"ats:Tactical Delivery":17,"Coffee Dripper":34,"Black Star":48,"Gem_Box":34,"ReplayTheSpireMod:Lightbulb":9,"Mirror":41,"Unceasing Top":54},{"Darkstone Periapt":20,"Ice Cream":26,"Golden Egg":19,"Lantern":18,"theSlumbering:CrystalEffigy":22,"Vajra":11,"ats:Support":18,"Ancient Tea Set":21,"Sling":23,"ats:Special":24,"CCEMRelics:OldTooth":26,"CCEMRelics:OverlyComfyChair":11,"Tiny Chest":3,"CCEMRelics:D6":22,"energizedSpire:HugeHouse":17,"ats:Sanity":0,"Chemical X":25,"CCEMRelics:WhiteRose":18,"theSenshi:SailorFukuRelic":26,"CCEMRelics:Barrel":18,"CCEMRelics:HistoryBook":27,"NeowsBlessing":0,"wanderingMiniBosses:ThiefScarf":18,"Golden Idol":1,"infinitespire:CursedDice":12,"Replay:Grab Bag":17,"ats:Assault":27,"infinitespire:Lucky Rock":21,"War Paint":7,"Medical Kit":20,"ats:Originium":3,"infinitespire:WardingShard":21,"ats:Tactical Delivery":9,"Coffee Dripper":17,"Black Star":24,"Gem_Box":17,"ReplayTheSpireMod:Lightbulb":5,"Mirror":19,"Unceasing Top":27},{"Darkstone Periapt":105,"Ice Cream":134,"Golden Egg":100,"Lantern":96,"theSlumbering:CrystalEffigy":116,"Vajra":55,"ats:Support":96,"Ancient Tea Set":111,"Sling":119,"ats:Special":120,"CCEMRelics:OldTooth":134,"CCEMRelics:OverlyComfyChair":55,"Tiny Chest":3,"CCEMRelics:D6":116,"energizedSpire:HugeHouse":92,"ats:Sanity":0,"Chemical X":127,"CCEMRelics:WhiteRose":96,"theSenshi:SailorFukuRelic":134,"CCEMRelics:Barrel":96,"CCEMRelics:HistoryBook":139,"NeowsBlessing":0,"wanderingMiniBosses:ThiefScarf":96,"Golden Idol":1,"infinitespire:CursedDice":58,"Replay:Grab Bag":92,"ats:Assault":139,"infinitespire:Lucky Rock":111,"War Paint":27,"Medical Kit":105,"ats:Originium":3,"infinitespire:WardingShard":111,"ats:Tactical Delivery":45,"Coffee Dripper":92,"Black Star":120,"Gem_Box":92,"ReplayTheSpireMod:Lightbulb":15,"Mirror":100,"Unceasing Top":139}],"Unceasing Top":[2]},"card_choices":[{"not_picked":["ats:Steam Pump","ats:Poison Spread"],"picked":"ats:Powerful Strike","floor":1.0},{"not_picked":["ats:Overload","ats:Explosion Area Strengthen"],"picked":"ats:Apocalypse","floor":5.0},{"not_picked":["ats:Powerful Strike","ats:Assault Order"],"picked":"ats:Burning Ground","floor":6.0},{"not_picked":["ats:Flexible Camouflage","ats:Ignite"],"picked":"ats:Revitalization","floor":8.0},{"not_picked":["ats:Shadow Raid","ats:Assault Order"],"picked":"ats:Charging Defense","floor":12.0},{"not_picked":["ats:Leaping Hammer","ats:Hammer On","ats:Ambush"],"picked":"SKIP","floor":13.0},{"not_picked":["ats:Cat Scratch","ats:Neurotoxin"],"picked":"ats:Burning Ground","floor":14.0},{"not_picked":["ats:Dogmatic Field","ats:Nebulous Foxfire"],"picked":"ats:Wolf Pack","floor":16.0},{"not_picked":["ats:Leaping Hammer","ats:Sword Rain"],"picked":"ats:Flame Of Heaven+1","floor":18.0},{"not_picked":["ats:Apocalypse","ats:Song Of Battle"],"picked":"ats:Assault Order+1","floor":24.0},{"not_picked":["ats:Soul Rend","ats:Beaten Up"],"picked":"ats:Counter Healing Mode","floor":27.0},{"not_picked":["ats:Consecutive Shot Auto","ats:Closed Bolt Burst Fire+1"],"picked":"ats:Thorns","floor":28.0},{"not_picked":["ats:Flexible Camouflage","ats:Curse Doll","ats:Explosion Area Strengthen"],"picked":"SKIP","floor":29.0},{"not_picked":["ats:Consecutive Shot Auto","ats:Beaten Up"],"picked":"ats:Healing Drone","floor":30.0},{"not_picked":["ats:Apocalypse","ats:Childhood Dance","ats:Poison Spread"],"picked":"SKIP","floor":31.0},{"not_picked":["ats:Shadow Assault","ats:True Silver Slash"],"picked":"ats:Disruption Kick","floor":33.0},{"not_picked":["ats:Assault Order+1","ats:Cat Scratch"],"picked":"ats:Revitalization+1","floor":35.0},{"not_picked":["ats:Shell Defense","ats:Revitalization","ats:Cat Scratch+1"],"picked":"SKIP","floor":39.0},{"not_picked":["ats:Apocalypse+1","ats:Thermite Blade+1"],"picked":"ats:Nebulous Foxfire","floor":41.0},{"not_picked":["ats:Shell Defense","ats:Burning Ground+1"],"picked":"ats:Mental Burst+1","floor":42.0},{"not_picked":["ats:Assault Order","ats:LN2 Cannon"],"picked":"ats:Ignite+1","floor":44.0},{"not_picked":["ats:Apocalypse+1","ats:Chain Hook+1","ats:Leaping Hammer+1"],"picked":"SKIP","floor":45.0},{"not_picked":["ats:Powerful Strike","ats:Part Time Job+1","ats:Apocalypse"],"picked":"SKIP","floor":46.0},{"not_picked":["ats:Red Shift","ats:Dogmatic Field"],"picked":"ats:Soul Absorption+1","floor":48.0},{"not_picked":["ats:Cat Scratch","ats:Revitalization"],"picked":"ats:Song Of Battle+1","floor":54.0}],"player_experience":486863,"relics_obtained":[{"floor":6.0,"key":"ats:Originium"},{"floor":6.0,"key":"Tiny Chest"},{"floor":9.0,"key":"ReplayTheSpireMod:Lightbulb"},{"floor":13.0,"key":"ats:Originium"},{"floor":13.0,"key":"War Paint"},{"floor":24.0,"key":"Vajra"},{"floor":26.0,"key":"CCEMRelics:OverlyComfyChair"},{"floor":27.0,"key":"infinitespire:CursedDice"},{"floor":35.0,"key":"wanderingMiniBosses:ThiefScarf"},{"floor":35.0,"key":"Golden Idol"},{"floor":36.0,"key":"CCEMRelics:WhiteRose"},{"floor":43.0,"key":"Ancient Tea Set"},{"floor":48.0,"key":"CCEMRelics:Barrel"},{"floor":54.0,"key":"Unceasing Top"}],"event_choices":[{"damage_healed":0.0,"max_hp_gain":0.0,"max_hp_loss":5.0,"gold_gain":0.0,"event_name":"Golden Idol","player_choice":"Lose Max HP","floor":3.0,"gold_loss":0.0,"damage_taken":0.0,"relics_obtained":["Golden Idol"]},{"cards_removed":["ats:Strike V"],"damage_healed":0.0,"max_hp_gain":0.0,"max_hp_loss":0.0,"gold_gain":0.0,"event_name":"Purifier","player_choice":"Purged","floor":4.0,"gold_loss":0.0,"damage_taken":0.0},{"damage_healed":0.0,"max_hp_gain":0.0,"max_hp_loss":0.0,"gold_gain":0.0,"event_name":"Wheel of Change","player_choice":"Damaged","floor":11.0,"gold_loss":0.0,"damage_taken":6.0},{"cards_removed":["ats:Wolf Pack"],"damage_healed":0.0,"max_hp_gain":0.0,"max_hp_loss":0.0,"gold_gain":0.0,"event_name":"betterNote:BetterNote","player_choice":"Give","floor":20.0,"gold_loss":0.0,"damage_taken":0.0,"cards_obtained":["Redorb"]},{"damage_healed":0.0,"max_hp_gain":0.0,"max_hp_loss":0.0,"gold_gain":0.0,"event_name":"Lab","player_choice":"Got Potions","floor":37.0,"gold_loss":0.0,"damage_taken":0.0}],"is_beta":false,"boss_relics":[{"not_picked":["ReplayTheSpireMod:DimensionalGlitch","theSlumbering:EnchantedHammer"],"picked":"ats:Tactical Delivery"},{"not_picked":["Velvet Choker","aspiration:RandomNobGenerator"],"picked":"Replay:Grab Bag"},{"not_picked":["energizedSpire:DeadBattery","aspiration:FutureDiary"],"picked":"Coffee Dripper"},{"not_picked":["Sozu","energizedSpire:EnergizedDie"],"picked":"energizedSpire:HugeHouse"},{"not_picked":["Empty Cage","ats:Omniscience"],"picked":"Gem_Box"}],"items_purged_floors":[2,38,53],"is_endless":false,"potions_floor_spawned":[8,12,14,16,27,30,31,39,45],"ascension_level":0}}