{"host":"xkmvu47k9fdstweo","time":1609878950,"event":{"mods":["BaseMod","Colored Map","Conspire","Hubris","Minty Spire (QoL Compilation)","Quick Restart","Railgun Mod","Shop Mod","StSLib","The Alterego","The Servant 0.9.4","The Wild Card","TheBandit","WarShipGirlsR/??è≠èóR mod","vexMod"],"gold_per_floor":[112,12,53,53,63,63,91,126,151,191,191,191,201,213,213,237,237],"floor_reached":16,"playtime":388,"items_purged":[],"score":151,"play_id":"e8e99b64-266e-4f74-9035-a6c6504d94cf","local_time":"20210105153550","is_ascension_mode":true,"campfire_choices":[{"data":"Zap","floor":6,"key":"SMITH"},{"floor":12,"key":"REST"},{"data":"Ball Lightning","floor":15,"key":"SMITH"}],"circlet_count":0,"master_deck":["Strike_B","Strike_B","Strike_B","Strike_B","Defend_B","Defend_B","Defend_B","Defend_B","Zap+1","Dualcast","BootSequence","conspire:SpireCoStock","Genetic Algorithm+1","Ball Lightning+1","Coolheaded","Skim","White Noise","Self Repair","Cold Snap"],"relics":["Cracked Core","NeowsBlessing","vexMod:FocusSash","Oddly Smooth Stone"],"acts_visited":["Exordium"],"potions_floor_usage":[7,8,16,16],"damage_taken":[{"damage":0,"enemies":"2 Louse","floor":1,"turns":1},{"damage":0,"enemies":"Small Slimes","floor":3,"turns":2},{"damage":0,"enemies":"Cultist","floor":5,"turns":1},{"damage":2,"enemies":"Exordium Thugs","floor":7,"turns":3},{"damage":49,"enemies":"Gremlin Nob","floor":8,"turns":6},{"damage":8,"enemies":"Large Slime","floor":10,"turns":6},{"damage":5,"enemies":"Looter","floor":13,"turns":4},{"damage":0,"enemies":"conspire:2 RoseBushes","floor":14,"turns":4},{"damage":33,"enemies":"Slime Boss","floor":16,"turns":6}],"seed_played":"2161858645292360473","potions_obtained":[{"floor":1,"key":"AttackPotion"},{"floor":5,"key":"Weak Potion"},{"floor":8,"key":"SkillPotion"},{"floor":13,"key":"FearPotion"}],"is_trial":false,"path_per_floor":["M","?","M","?","M","R","M","E","T","M","?","R","M","M","R","B"],"character_chosen":"DEFECT","items_purchased":[],"campfire_rested":1,"item_purchase_floors":[],"current_hp_per_floor":[68,68,68,68,68,68,66,17,17,9,9,31,26,33,33,0,0],"gold":237,"neow_bonus":"THREE_ENEMY_KILL","is_daily":false,"chose_seed":false,"campfire_upgraded":2,"win_rate":0.0,"timestamp":1609878950,"path_taken":["M","?","M","?","M","R","M","E","T","M","?","R","?","M","R","BOSS"],"items_purchased_type":[],"build_version":"2020-12-22","purchased_purges":0,"victory":false,"max_hp_per_floor":[75,75,75,75,75,75,75,75,75,75,75,75,75,75,75,75,75],"card_choices":[{"not_picked":["Streamline","Compile Driver"],"picked":"BootSequence","floor":1},{"not_picked":["Barrage","Leap"],"picked":"Genetic Algorithm","floor":3},{"not_picked":["Fusion","Barrage"],"picked":"Ball Lightning","floor":5},{"not_picked":["Skim","Rebound"],"picked":"Coolheaded","floor":7},{"not_picked":["Consume","Stack"],"picked":"Skim","floor":8},{"not_picked":["Static Discharge","Leap"],"picked":"White Noise","floor":10},{"not_picked":["Rebound","Hologram"],"picked":"Self Repair","floor":13},{"not_picked":["Conserve Battery","Hologram"],"picked":"Cold Snap","floor":14}],"player_experience":349115,"relics_obtained":[{"floor":8,"key":"vexMod:FocusSash"},{"floor":9,"key":"Oddly Smooth Stone"}],"event_choices":[{"damage_healed":0,"gold_gain":0,"player_choice":"Invest 2","damage_taken":0,"max_hp_gain":0,"max_hp_loss":0,"event_name":"conspire:Investor","floor":2,"gold_loss":0},{"cards_removed":["conspire:SpireCoStock"],"damage_healed":0,"gold_gain":0,"player_choice":"Purged","damage_taken":0,"max_hp_gain":0,"max_hp_loss":0,"event_name":"Purifier","floor":11,"gold_loss":0}],"is_beta":false,"boss_relics":[],"items_purged_floors":[],"is_endless":false,"potions_floor_spawned":[1,5,8,13],"killed_by":"Slime Boss","ascension_level":9}}