{"host":"zwuytn9vh5b8tdl7","time":1609821141,"event":{"mods":["AchievementEnabler","BaseMod","Colored Powertips","GifTheSpireLib","Minty Spire (QoL Compilation)","Rare Cards Sparkle","StSLib","The Animator"],"gold_per_floor":[123,123,143,166,186,240,240,265,315,397,420,444,47,66,66,187,212,231,231,81,181,218,218,218],"floor_reached":23,"playtime":1141,"items_purged":["Injury"],"score":203,"play_id":"d4dcf550-f644-4f1e-97b1-919d8cc00090","local_time":"20210104233221","is_ascension_mode":false,"campfire_choices":[{"floor":7,"key":"REST"},{"floor":15,"key":"REST"}],"circlet_count":0,"master_deck":["animator:Strike_NoGameNoLife","animator:Defend_NoGameNoLife","animator:Strike","animator:Strike","animator:Strike","animator:Defend","animator:Defend","animator:Defend","animator:DolaSchwi","animator:DolaCouronne","animator:Assassin","animator:EmiyaShirou","animator:Gilgamesh+6","animator:Rider","animator:MetalKnight","animator:Archer","animator:YunYun","animator:Lancer","animator:Saber","animator:Caster","animator:ChaikaBohdan","animator:Megumin","animator:Yoichi"],"relics":["animator:LivingPicture","animator:TheMissingPiece","Boot","Pantograph","Golden Idol","Anchor","animator:Hoodie","Ornamental Fan","SlaversCollar","Bag of Marbles"],"acts_visited":["Exordium","TheCity"],"potions_floor_usage":[6,16,16,22,23],"damage_taken":[{"damage":10,"enemies":"Jaw Worm","floor":1,"turns":4},{"damage":2,"enemies":"Cultist","floor":3,"turns":5},{"damage":7,"enemies":"2 Louse","floor":4,"turns":3},{"damage":5,"enemies":"Looter","floor":5,"turns":4},{"damage":34,"enemies":"3 Sentries","floor":6,"turns":9},{"damage":17,"enemies":"Lagavulin","floor":10,"turns":7},{"damage":0,"enemies":"Red Slaver","floor":11,"turns":2},{"damage":0,"enemies":"Exordium Wildlife","floor":12,"turns":3},{"damage":2,"enemies":"Blue Slaver","floor":14,"turns":3},{"damage":47,"enemies":"Hexaghost","floor":16,"turns":8},{"damage":25,"enemies":"Shell Parasite","floor":18,"turns":5},{"damage":21,"enemies":"2 Thieves","floor":22,"turns":4},{"damage":35,"enemies":"Slavers","floor":23,"turns":2}],"seed_played":"603029861177442397","potions_obtained":[{"floor":4,"key":"Explosive Potion"},{"floor":5,"key":"LiquidMemories"},{"floor":6,"key":"Energy Potion"},{"floor":10,"key":"SpeedPotion"},{"floor":18,"key":"ColorlessPotion"}],"is_trial":false,"path_per_floor":["M","?","M","M","M","E","R","?","T","E","M","M","$","M","R","B",null,"M","?","$","?","M","E"],"character_chosen":"THE_ANIMATOR","items_purchased":["Ornamental Fan","animator:Saber","Bag of Marbles"],"campfire_rested":2,"item_purchase_floors":[13,13,20],"current_hp_per_floor":[56,56,55,48,44,10,30,30,30,13,16,21,21,19,41,19,76,51,51,51,51,30,0,0],"gold":218,"neow_bonus":"RANDOM_COMMON_RELIC","is_daily":false,"chose_seed":false,"campfire_upgraded":0,"win_rate":0.0,"timestamp":1609821141,"path_taken":["M","?","?","M","M","E","R","?","T","E","M","M","$","M","R","BOSS","M","?","$","?","M","E"],"items_purchased_type":["Relic","Card","Relic"],"build_version":"2020-12-22","purchased_purges":1,"victory":false,"max_hp_per_floor":[66,66,67,67,68,68,68,68,68,68,71,76,76,76,76,76,76,76,76,76,76,76,76,76],"card_choices":[{"not_picked":["animator:Shigure","animator:ShinjiMatou"],"picked":"animator:Assassin","floor":1},{"not_picked":["animator:Kazuma","animator:KrulTepes"],"picked":"animator:EmiyaShirou","floor":3},{"not_picked":["animator:Mitsuba","animator:Mikaela"],"picked":"animator:Gilgamesh","floor":4},{"not_picked":["animator:Lancer","animator:Assassin"],"picked":"animator:Rider","floor":5},{"not_picked":["animator:Kazuma","animator:SilverFang"],"picked":"animator:MetalKnight","floor":6},{"not_picked":["animator:Tatsumaki","animator:DolaStephanie"],"picked":"animator:Archer","floor":10},{"not_picked":["animator:PandorasActor","animator:Darkness"],"picked":"animator:YunYun","floor":11},{"not_picked":["animator:Alexander","animator:Rider"],"picked":"animator:Lancer","floor":12},{"not_picked":["animator:Sonic","animator:Hans"],"picked":"animator:Caster","floor":14},{"not_picked":["animator:Boros","animator:Hans"],"picked":"animator:Gilgamesh","floor":16},{"not_picked":["animator:Melzalgald","animator:DolaCouronne"],"picked":"animator:ChaikaBohdan","floor":18},{"not_picked":["animator:Viivi","animator:Jibril"],"picked":"animator:Yoichi","floor":22}],"player_experience":317569,"relics_obtained":[{"floor":6,"key":"Pantograph"},{"floor":9,"key":"Anchor"},{"floor":10,"key":"animator:Hoodie"}],"event_choices":[{"damage_healed":0,"gold_gain":0,"player_choice":"Ignored","damage_taken":0,"max_hp_gain":0,"max_hp_loss":0,"event_name":"Purifier","floor":2,"gold_loss":0},{"damage_healed":0,"gold_gain":0,"player_choice":"Take Wound","damage_taken":0,"relics_obtained":["Golden Idol"],"max_hp_gain":0,"max_hp_loss":0,"event_name":"Golden Idol","floor":8,"gold_loss":0,"cards_obtained":["Injury"]},{"damage_healed":0,"gold_gain":0,"player_choice":"Read","damage_taken":0,"max_hp_gain":0,"max_hp_loss":0,"event_name":"The Library","floor":19,"gold_loss":0,"cards_obtained":["animator:Megumin"]},{"damage_healed":0,"gold_gain":100,"player_choice":"Pray","damage_taken":0,"max_hp_gain":0,"max_hp_loss":0,"event_name":"Golden Shrine","floor":21,"gold_loss":0}],"is_beta":false,"boss_relics":[{"not_picked":["Fusion Hammer","Cursed Key"],"picked":"SlaversCollar"}],"items_purged_floors":[13],"is_endless":false,"potions_floor_spawned":[4,5,6,10,14,18],"killed_by":"Slavers","ascension_level":0}}