{"host":"359hz4210ybch7ku","time":1609812325,"event":{"mods":["BaseMod","Block Reminder","Colored Map","Colored Powertips","Highlight Path","Minty Spire (QoL Compilation)","Slay the Relics Exporter","StSLib"],"gold_per_floor":[109,34,209,209,223,263,263,263,263,263,278,293,320,344,344,468,468,481,481,490,77,105,105,130,130,130],"floor_reached":25,"playtime":1189,"items_purged":["Strike_P","Regret"],"score":260,"play_id":"afcf79e2-c444-4e5a-bb83-e48ae3e2cc20","local_time":"20210104180525","is_ascension_mode":true,"campfire_choices":[{"data":"Consecrate","floor":7,"key":"SMITH"},{"data":"Consecrate","floor":10,"key":"SMITH"},{"data":"Eruption","floor":15,"key":"SMITH"},{"data":"Scrawl","floor":23,"key":"SMITH"}],"circlet_count":0,"master_deck":["Strike_P","Strike_P","Strike_P","Defend_P","Defend_P","Defend_P","Defend_P","Eruption+1","Vigilance","Consecrate+1","Doubt","Consecrate+1","SignatureMove+1","Consecrate+1","Scrawl+1","Writhe","Adaptation","ClearTheMind"],"relics":["HolyWater","NeowsBlessing","Golden Idol","Ice Cream","Molten Egg 2","Meat on the Bone","Bag of Preparation","CeramicFish","Eternal Feather"],"acts_visited":["Exordium","TheCity"],"potions_floor_usage":[16,16,25,25],"damage_taken":[{"damage":0,"enemies":"2 Louse","floor":1,"turns":1},{"damage":0,"enemies":"Jaw Worm","floor":5,"turns":1},{"damage":0,"enemies":"Gremlin Nob","floor":6,"turns":1},{"damage":1,"enemies":"Small Slimes","floor":11,"turns":2},{"damage":1,"enemies":"Looter","floor":12,"turns":2},{"damage":16,"enemies":"Blue Slaver","floor":14,"turns":7},{"damage":40,"enemies":"The Guardian","floor":16,"turns":8},{"damage":0,"enemies":"Spheric Guardian","floor":18,"turns":1},{"damage":3,"enemies":"Shell Parasite","floor":22,"turns":3},{"damage":54,"enemies":"Snake Plant","floor":24,"turns":4},{"damage":25,"enemies":"Gremlin Leader","floor":25,"turns":2}],"seed_played":"-6332272215232762912","potions_obtained":[{"floor":6,"key":"EssenceOfSteel"},{"floor":11,"key":"Weak Potion"},{"floor":22,"key":"BlessingOfTheForge"},{"floor":24,"key":"DuplicationPotion"}],"is_trial":false,"path_per_floor":["M","$","?","?","M","E","R","?","T","R","M","M","T","M","R","B",null,"M","?","?","$","M","R","M","E"],"character_chosen":"WATCHER","items_purchased":["Eternal Feather","Adaptation"],"campfire_rested":0,"item_purchase_floors":[21,21],"current_hp_per_floor":[72,72,72,67,67,67,67,67,67,67,66,65,65,49,49,21,67,67,67,67,67,64,67,25,0,0],"gold":130,"neow_bonus":"THREE_ENEMY_KILL","is_daily":false,"chose_seed":false,"campfire_upgraded":4,"win_rate":0.0,"timestamp":1609812325,"path_taken":["M","$","?","?","?","E","R","?","T","R","M","M","?","M","R","BOSS","M","?","?","$","M","R","M","E"],"items_purchased_type":["Relic","Card"],"build_version":"2020-12-22","purchased_purges":2,"victory":false,"max_hp_per_floor":[72,72,72,67,67,67,67,67,67,67,67,67,67,67,67,67,67,67,67,67,67,67,67,67,67,67],"card_choices":[{"not_picked":["Crescendo","Protect"],"picked":"Consecrate","floor":1},{"not_picked":["Indignation","Conclude","EmptyBody"],"picked":"SKIP","floor":5},{"not_picked":["CutThroughFate","Blasphemy"],"picked":"Consecrate","floor":6},{"not_picked":["Halt","ClearTheMind","EmptyMind"],"picked":"SKIP","floor":11},{"not_picked":["SashWhip+1","BowlingBash+1"],"picked":"SignatureMove+1","floor":12},{"not_picked":["Collect","ThirdEye"],"picked":"Consecrate+1","floor":14},{"not_picked":["Blasphemy","Judgement"],"picked":"Scrawl","floor":16},{"not_picked":["Pray","FlyingSleeves+1","CarveReality+1"],"picked":"SKIP","floor":18},{"not_picked":["PathToVictory+1","WindmillStrike+1"],"picked":"ClearTheMind","floor":22},{"not_picked":["Fasting2","FlyingSleeves+1","SashWhip+1"],"picked":"SKIP","floor":24}],"player_experience":139952,"relics_obtained":[{"floor":6,"key":"Ice Cream"},{"floor":9,"key":"Meat on the Bone"},{"floor":13,"key":"Bag of Preparation"}],"event_choices":[{"damage_healed":0,"gold_gain":175,"player_choice":"AGREE","damage_taken":0,"max_hp_gain":0,"max_hp_loss":0,"event_name":"Liars Game","floor":3,"gold_loss":0,"cards_obtained":["Doubt"]},{"damage_healed":0,"gold_gain":0,"player_choice":"Lose Max HP","damage_taken":0,"relics_obtained":["Golden Idol"],"max_hp_gain":0,"max_hp_loss":5,"event_name":"Golden Idol","floor":4,"gold_loss":0},{"damage_healed":0,"gold_gain":0,"player_choice":"Box","damage_taken":0,"relics_obtained":["Molten Egg 2"],"max_hp_gain":0,"max_hp_loss":0,"event_name":"Big Fish","floor":8,"gold_loss":0,"cards_obtained":["Regret"]},{"damage_healed":0,"gold_gain":0,"player_choice":"Ignored","damage_taken":0,"max_hp_gain":0,"max_hp_loss":0,"event_name":"Ghosts","floor":19,"gold_loss":0},{"damage_healed":0,"gold_gain":0,"player_choice":"Opened","damage_taken":0,"relics_obtained":["CeramicFish"],"max_hp_gain":0,"max_hp_loss":0,"event_name":"The Mausoleum","floor":20,"gold_loss":0,"cards_obtained":["Writhe"]}],"is_beta":false,"boss_relics":[{"not_picked":["VioletLotus","SacredBark"],"picked":"HolyWater"}],"items_purged_floors":[2,21],"is_endless":false,"potions_floor_spawned":[6,11,22,24],"killed_by":"Gremlin Leader","ascension_level":3}}