{"host":"066y5nba5qw19k68","time":1609835305,"event":{"mods":["BaseMod","Colored Powertips","Downfall","Minty Spire (QoL Compilation)","Replay The Spire","Shop Mod","StSLib"],"gold_per_floor":[112,37,48,48,48,83,83,83,83,93,113,126,139,156,156,254,254,269,280,298,317,317,317,352,352,352,2,2,18,46,56,56,159,159,175,192,204,217,236,264,282,313,338,338,133,151,151,166,166,166],"floor_reached":51,"playtime":7120,"items_purged":["Strike_P","Strike_P"],"score":682,"play_id":"15d766a9-5b84-431e-bb87-f3e47889a329","local_time":"20210105162825","is_ascension_mode":false,"campfire_choices":[{"data":"Eruption","floor":8.0,"key":"SMITH"},{"data":"FlurryOfBlows","floor":15.0,"key":"SMITH"},{"data":"DevaForm","floor":23.0,"key":"SMITH"},{"floor":28.0,"key":"REST"},{"data":"EmptyMind","floor":32.0,"key":"SMITH"},{"data":"FlurryOfBlows","floor":44,"key":"SMITH"},{"data":"FlurryOfBlows","floor":47,"key":"SMITH"},{"floor":49,"key":"REST"}],"circlet_count":0,"master_deck":["Defend_P","Defend_P","Defend_P","Defend_P","Eruption+1","Vigilance","FlurryOfBlows+1","Perseverance","Consecrate","EmptyMind+1","FearNoEvil","FlurryOfBlows+1","DevaForm+1","Indignation","Wallop","Crescendo+1","FlurryOfBlows","Scrawl+1","InnerPeace+1","ClearTheMind+1","EmptyMind+1","FollowUp","FlurryOfBlows+1","Tantrum+1"],"relics":["PureWater","NeowsBlessing","Shuriken","Replay:Baseball","ReplayTheSpireMod:Shallot","Empty Cage","Regal Pillow","Mirror","Toxic Egg 2","Darkstone Periapt","Question Card","Iron Hammer","Happy Flower","Pet Ghost"],"acts_visited":["Exordium","TheCity","TheBeyond"],"potions_floor_usage":[],"damage_taken":[{"damage":0.0,"enemies":"Small Slimes","floor":1.0,"turns":1.0},{"damage":0.0,"enemies":"Cultist","floor":3.0,"turns":1.0},{"damage":0.0,"enemies":"Gremlin Nob","floor":6.0,"turns":1.0},{"damage":3.0,"enemies":"Jaw Worm","floor":10.0,"turns":2.0},{"damage":0.0,"enemies":"Gremlin Gang","floor":11.0,"turns":5.0},{"damage":0.0,"enemies":"2 Fungi Beasts","floor":12.0,"turns":2.0},{"damage":0.0,"enemies":"Exordium Thugs","floor":13.0,"turns":3.0},{"damage":0.0,"enemies":"Large Slime","floor":14.0,"turns":5.0},{"damage":41.0,"enemies":"The Guardian","floor":16.0,"turns":8.0},{"damage":6.0,"enemies":"3 Byrds","floor":18.0,"turns":5.0},{"damage":7.0,"enemies":"Shell Parasite","floor":19.0,"turns":3.0},{"damage":2.0,"enemies":"3 Cultists","floor":20.0,"turns":5.0},{"damage":0.0,"enemies":"Snecko","floor":21.0,"turns":2.0},{"damage":18.0,"enemies":"Book of Stabbing","floor":24.0,"turns":4.0},{"damage":0.0,"enemies":"Centurion and Healer","floor":29.0,"turns":5.0},{"damage":12.0,"enemies":"Slavers","floor":30.0,"turns":5.0},{"damage":2.0,"enemies":"Shelled Parasite and Fungi","floor":31.0,"turns":5.0},{"damage":17.0,"enemies":"Collector","floor":33.0,"turns":7.0},{"damage":0.0,"enemies":"3 Darklings","floor":35.0,"turns":2.0},{"damage":0.0,"enemies":"Orb Walker","floor":36.0,"turns":2.0},{"damage":23.0,"enemies":"Spire Growth","floor":37.0,"turns":3.0},{"damage":17.0,"enemies":"Transient","floor":38.0,"turns":5.0},{"damage":0.0,"enemies":"Sphere and 2 Shapes","floor":39.0,"turns":1.0},{"damage":0.0,"enemies":"Giant Head","floor":40.0,"turns":5.0},{"damage":0.0,"enemies":"3 Darklings","floor":41.0,"turns":2.0},{"damage":0,"enemies":"Nemesis","floor":42,"turns":1},{"damage":0,"enemies":"Jaw Worm Horde","floor":46,"turns":2},{"damage":9,"enemies":"Writhing Mass","floor":48,"turns":3},{"damage":11,"enemies":"Replay:Hell Engine","floor":50,"turns":2}],"seed_played":"-5269248807040955666","potions_obtained":[{"floor":1.0,"key":"hexamod:EctoCoolerPotion"},{"floor":3.0,"key":"Dexterity Potion"},{"floor":11.0,"key":"ColorlessPotion"},{"floor":12.0,"key":"Explosive Potion"},{"floor":24.0,"key":"Energy Potion"},{"floor":30.0,"key":"ColorlessPotion"},{"floor":40.0,"key":"BottledMiracle"}],"is_trial":false,"path_per_floor":["M","$","M","?","$","E","$","R","T","M","M","M","M","M","R","B",null,"M","M","M","M","?","R","E","?","T","$","R","M","E","M","R","B",null,"M","M","M","M","M","E","M","E","T","R","$","M","R","M","R","B",null],"character_chosen":"WATCHER","items_purchased":["Toxic Egg 2","FlurryOfBlows","Pet Ghost"],"campfire_rested":2,"item_purchase_floors":[27,45,45],"current_hp_per_floor":[72,72,72,72,72,72,72,72,72,69,69,69,69,69,69,28,72,66,59,57,57,44,44,26,26,26,26,64,64,52,50,50,33,77,77,77,54,37,37,37,37,37,37,37,37,37,37,28,66,55],"gold":166,"neow_bonus":"THREE_ENEMY_KILL","is_daily":false,"chose_seed":false,"campfire_upgraded":6,"win_rate":0.0,"timestamp":1609835305,"path_taken":["M","$","M","?","?","E","$","R","T","M","M","?","M","M","R","BOSS","M","M","M","M","?","R","E","?","T","$","R","?","E","M","R","BOSS","M","M","M","M","M","E","M","E","T","R","$","M","R","M","R","BOSS"],"items_purchased_type":["Relic","Card","Relic"],"build_version":"2020-12-22","purchased_purges":2,"victory":true,"max_hp_per_floor":[72,72,72,72,72,72,72,72,72,72,72,72,72,72,72,72,72,72,72,72,72,77,77,77,77,77,77,77,77,77,77,77,77,77,77,77,77,77,77,77,77,77,77,77,77,77,77,77,77,77],"card_choices":[{"not_picked":["TalkToTheHand","PathToVictory"],"picked":"FlurryOfBlows","floor":1.0},{"not_picked":["CrushJoints","Replay:Anticipation"],"picked":"EmptyBody","floor":3.0},{"not_picked":["Crescendo","Replay:Vibes"],"picked":"Perseverance","floor":6.0},{"not_picked":["Swivel","ThirdEye","CutThroughFate"],"picked":"SKIP","floor":10.0},{"not_picked":["Pray","Swivel"],"picked":"Consecrate","floor":11.0},{"not_picked":["Swivel","Replay:ManipulateFuture"],"picked":"EmptyMind","floor":12.0},{"not_picked":["Fasting2","Crescendo"],"picked":"FearNoEvil","floor":13.0},{"not_picked":["Swivel","FlyingSleeves"],"picked":"FlurryOfBlows","floor":14.0},{"not_picked":["Vault","ConjureBlade"],"picked":"DevaForm","floor":16.0},{"not_picked":["Replay:Vibes","Replay:AtTheReady"],"picked":"Indignation","floor":18.0},{"not_picked":["Replay:Battleflow","FearNoEvil","Swivel"],"picked":"SKIP","floor":19.0},{"not_picked":["Consecrate","Replay:Anticipation+1"],"picked":"Wallop","floor":20.0},{"not_picked":["Study","ThirdEye","EmptyBody"],"picked":"SKIP","floor":21.0},{"not_picked":["Replay:AllIn","CarveReality+1","DeceiveReality"],"picked":"SKIP","floor":24.0},{"not_picked":["Replay:AtTheReady+1","Replay:ManipulateFuture+1"],"picked":"Crescendo+1","floor":29.0},{"not_picked":["WaveOfTheHand+1","ThirdEye+1","Replay:AtTheReady+1"],"picked":"SKIP","floor":30.0},{"not_picked":["Halt+1","Replay:BluntJabs"],"picked":"FlurryOfBlows","floor":31.0},{"not_picked":["Vault+1","Replay:AllIn+1"],"picked":"Scrawl+1","floor":33.0},{"not_picked":["FlurryOfBlows","Indignation+1","SashWhip"],"picked":"SKIP","floor":35.0},{"not_picked":["Replay:Vibes+1","BowlingBash+1"],"picked":"InnerPeace+1","floor":36.0},{"not_picked":["ConjureBlade+1","Replay:Anticipation+1"],"picked":"ClearTheMind+1","floor":37.0},{"not_picked":["Replay:AtTheReady+1","EmptyBody+1","JustLucky+1"],"picked":"SKIP","floor":38.0},{"not_picked":["Replay:BluntJabs","ClearTheMind+1"],"picked":"EmptyMind+1","floor":39.0},{"not_picked":["SashWhip+1","CarveReality","PathToVictory+1"],"picked":"SKIP","floor":40.0},{"not_picked":["Fasting2","Crescendo+1","Replay:AtTheReady+1"],"picked":"FollowUp","floor":41.0},{"not_picked":["Vengeance+1","SashWhip+1","Replay:AtTheReady+1","Weave"],"picked":"SKIP","floor":42},{"not_picked":["BowlingBash","Replay:AtTheReady+1","Evaluate+1","Vengeance+1"],"picked":"SKIP","floor":46},{"not_picked":["Replay:AtTheReady+1","EmptyBody+1","Establishment"],"picked":"Tantrum+1","floor":48}],"player_experience":54825,"relics_obtained":[{"floor":6.0,"key":"Replay:Baseball"},{"floor":9.0,"key":"ReplayTheSpireMod:Shallot"},{"floor":24.0,"key":"Regal Pillow"},{"floor":26.0,"key":"Mirror"},{"floor":30.0,"key":"Darkstone Periapt"},{"floor":40.0,"key":"Question Card"},{"floor":42,"key":"Iron Hammer"},{"floor":43,"key":"Happy Flower"}],"event_choices":[{"cards_removed":["EmptyBody"],"damage_healed":0.0,"max_hp_gain":0.0,"max_hp_loss":0.0,"gold_gain":0.0,"event_name":"WeMeetAgain","player_choice":"Gave Card","floor":4.0,"gold_loss":0.0,"damage_taken":0.0,"relics_obtained":["Shuriken"]},{"damage_healed":0.0,"max_hp_gain":5.0,"max_hp_loss":0.0,"gold_gain":0.0,"event_name":"Forgotten Altar","player_choice":"Shed Blood","floor":22.0,"gold_loss":0.0,"damage_taken":18.0},{"damage_healed":0.0,"max_hp_gain":0.0,"max_hp_loss":0.0,"gold_gain":0.0,"event_name":"The Woman in Blue","player_choice":"Bought 0 Potions","floor":25.0,"gold_loss":0.0,"damage_taken":0.0}],"is_beta":false,"boss_relics":[{"not_picked":["Busted Crown","Astrolabe"],"picked":"Empty Cage"},{"not_picked":["Kintsugi","Replay:Bronze Core","Replay:Drink Me"]}],"items_purged_floors":[2,27],"is_endless":false,"potions_floor_spawned":[1,3,11,12,18,24,29,30,31,33,36,38,39,40,42],"ascension_level":0}}