{"host":"2461dio7vetlq1z3","time":1609882572,"event":{"mods":["2.2 Compatiblity","AchievementEnabler","BaseMod","Better Third Choice","Friendly Minions","Minty Spire (QoL Compilation)","Relic Stats","Spicy Shops","StSLib","The Marked","Waifu the Spire"],"gold_per_floor":[218,230,35,35,35,73,89,89,115,115,156,181,181,194,194,284,284,309,330,57,77,77,77,77],"floor_reached":23,"playtime":1299,"items_purged":["Strike_B","Double Energy"],"score":402,"play_id":"458fe481-221d-4fb5-83a1-532ab4e7922f","local_time":"20210105223612","is_ascension_mode":true,"campfire_choices":[{"data":"Defragment","floor":8,"key":"SMITH"},{"floor":10,"key":"REST"},{"floor":13,"key":"REST"},{"data":"Genetic Algorithm","floor":15,"key":"SMITH"}],"circlet_count":0,"master_deck":["AscendersBane","Zap","Dualcast","FTL","Static Discharge","Defragment+1","Genetic Algorithm+1","All For One","Coolheaded","Loop","Go for the Eyes","Reinforced Body","Machine Learning","FTL","Force Field","Compile Driver","Fusion","Go for the Eyes","Glacier","Heatsinks","Static Discharge+1","RitualDagger"],"relics":["Cracked Core","Golden Idol","Happy Flower","Whetstone","White Beast Statue","Pandora\u0027s Box","Potion Belt"],"acts_visited":["Exordium","TheCity"],"potions_floor_usage":[12,14,16,16,23,23,23],"damage_taken":[{"damage":1,"enemies":"Cultist","floor":1,"turns":3},{"damage":2,"enemies":"2 Louse","floor":2,"turns":3},{"damage":15,"enemies":"Lagavulin","floor":6,"turns":7},{"damage":12,"enemies":"Jaw Worm","floor":7,"turns":3},{"damage":30,"enemies":"Gremlin Nob","floor":11,"turns":4},{"damage":8,"enemies":"Large Slime","floor":12,"turns":5},{"damage":3,"enemies":"Gremlin Gang","floor":14,"turns":6},{"damage":10,"enemies":"Hexaghost","floor":16,"turns":10},{"damage":16,"enemies":"Spheric Guardian","floor":18,"turns":4},{"damage":0,"enemies":"3 Byrds","floor":19,"turns":5},{"damage":11,"enemies":"Sentry and Sphere","floor":21,"turns":7},{"damage":34,"enemies":"Slavers","floor":23,"turns":3}],"seed_played":"-7914104714386529424","potions_obtained":[{"floor":1,"key":"Energy Potion"},{"floor":7,"key":"Energy Potion"},{"floor":12,"key":"DistilledChaos"},{"floor":14,"key":"SpeedPotion"},{"floor":16,"key":"Regen Potion"},{"floor":18,"key":"Ancient Potion"},{"floor":21,"key":"Fire Potion"}],"is_trial":false,"path_per_floor":["M","M","$","?","?","E","M","R","T","R","E","M","R","M","R","B",null,"M","M","$","M","?","E"],"character_chosen":"DEFECT","items_purchased":["Defragment","Genetic Algorithm","Potion Belt"],"campfire_rested":2,"item_purchase_floors":[3,3,20],"current_hp_per_floor":[63,61,61,61,61,46,34,34,34,53,23,15,34,31,31,21,53,37,37,37,26,20,0,0],"gold":77,"neow_bonus":"HUNDRED_GOLD","is_daily":false,"chose_seed":false,"campfire_upgraded":2,"win_rate":0.0,"timestamp":1609882572,"path_taken":["M","M","$","?","?","E","M","R","T","R","E","M","R","M","R","BOSS","M","M","?","M","?","E"],"items_purchased_type":["Card","Card","Relic"],"build_version":"2020-12-22","purchased_purges":2,"victory":false,"max_hp_per_floor":[71,71,71,64,64,64,64,64,64,64,64,64,64,64,64,64,64,64,64,64,64,64,64,64],"relic_stats":{"Happy Flower":[15],"counters":[12,60],"Golden Idol":58,"Pandora\u0027s Box":["FTL","Force Field","Compile Driver","Double Energy","Fusion","Go for the Eyes"],"Whetstone":["Strike_B","Strike_B"],"obtain_stats":[{"Potion Belt":20,"Happy Flower":6,"Golden Idol":4,"Pandora\u0027s Box":17,"Whetstone":9,"Cracked Core":0,"White Beast Statue":11},{"Potion Belt":10,"Happy Flower":3,"Golden Idol":2,"Pandora\u0027s Box":8,"Whetstone":4,"Cracked Core":0,"White Beast Statue":5},{"Potion Belt":50,"Happy Flower":13,"Golden Idol":6,"Pandora\u0027s Box":41,"Whetstone":16,"Cracked Core":0,"White Beast Statue":20}]},"card_choices":[{"not_picked":["Undo","Force Field"],"picked":"FTL","floor":1},{"not_picked":["Fusion","Coolheaded"],"picked":"Static Discharge","floor":2},{"not_picked":["Machine Learning","Turbo"],"picked":"All For One","floor":6},{"not_picked":["Leap","Hologram"],"picked":"Coolheaded","floor":7},{"not_picked":["Redo","Compile Driver"],"picked":"Loop","floor":11},{"not_picked":["Sunder","Fusion"],"picked":"Go for the Eyes","floor":12},{"not_picked":["Melter","Turbo"],"picked":"Reinforced Body","floor":14},{"not_picked":["Meteor Strike","Creative AI"],"picked":"Machine Learning","floor":16},{"not_picked":["Beam Cell","Fusion"],"picked":"Glacier","floor":18},{"not_picked":["Barrage","Chaos"],"picked":"Heatsinks","floor":19},{"not_picked":["Compile Driver","Go for the Eyes"],"picked":"Static Discharge+1","floor":21}],"player_experience":1066940,"relics_obtained":[{"floor":6,"key":"Happy Flower"},{"floor":9,"key":"Whetstone"},{"floor":11,"key":"White Beast Statue"}],"event_choices":[{"damage_healed":0,"gold_gain":0,"player_choice":"Lose Max HP","damage_taken":0,"relics_obtained":["Golden Idol"],"max_hp_gain":0,"max_hp_loss":7,"event_name":"Golden Idol","floor":4,"gold_loss":0},{"cards_removed":["Defend_B"],"damage_healed":0,"gold_gain":0,"player_choice":"Purged","damage_taken":0,"max_hp_gain":0,"max_hp_loss":0,"event_name":"Purifier","floor":5,"gold_loss":0},{"damage_healed":0,"gold_gain":0,"player_choice":"Dagger","damage_taken":6,"max_hp_gain":0,"max_hp_loss":0,"event_name":"betterThird:BetterNest","floor":22,"gold_loss":0,"cards_obtained":["RitualDagger"]}],"is_beta":false,"boss_relics":[{"not_picked":["Sozu","Calling Bell"],"picked":"Pandora\u0027s Box"}],"items_purged_floors":[3,20],"is_endless":false,"potions_floor_spawned":[1,7,12,14,16,18,19,21],"killed_by":"Slavers","ascension_level":20}}