{"host":"u4pncpybdtxxvw4r","time":1609887578,"event":{"mods":["AchievementEnabler","BaseMod","Block Reminder","Colored Powertips","Downfall","Marisa£®ÏF”Í°°ƒß¿Ì…≥£©","Minty Spire (QoL Compilation)","Permanent Neow","Potion Indicator Mod","Rare Cards Sparkle","StSLib","SuperFastMode"],"gold_per_floor":[116,116,133,15,33,33,52,52,122,138,138,155,155,33,33,150,150,164,12,22,38,38,67,98,110,122,184,40,57,57,69,69,69,69],"floor_reached":33,"playtime":1628,"items_purged":[],"score":309,"play_id":"ab258b1b-36dd-4832-a325-fa932e86fe1b","local_time":"20210106065938","is_ascension_mode":false,"campfire_choices":[{"floor":6,"key":"RECALL"},{"data":"Catalyst","floor":11,"key":"SMITH"},{"data":"Dodge and Roll","floor":13,"key":"SMITH"},{"floor":15,"key":"REST"},{"floor":25,"key":"REST"},{"floor":30,"key":"REST"},{"floor":32,"key":"REST"}],"circlet_count":0,"master_deck":["Strike_G","Strike_G","Strike_G","Strike_G","Strike_G","Defend_G","Defend_G","Defend_G","Defend_G","Defend_G","Survivor","Neutralize+1","Backflip","Bane","expansioncontent:ChargeUp","Acrobatics","Dodge and Roll","Catalyst+1","Dodge and Roll+1","Venomology","Deflect","Corpse Explosion","Sucker Punch+1","Dodge and Roll","Footwork+1","Corpse Explosion","Blur","PiercingWail+1","Envenom","Dodge and Roll","Tools of the Trade"],"relics":["Ring of the Snake","Lantern","Snake Skull","Fusion Hammer","Happy Flower","MawBank","Molten Egg 2"],"acts_visited":["Exordium","TheCity"],"potions_floor_usage":[16,16,21,21,23,23,23,29,29],"damage_taken":[{"damage":0,"enemies":"2 Louse","floor":1,"turns":3},{"damage":0,"enemies":"Cultist","floor":3,"turns":4},{"damage":0,"enemies":"Jaw Worm","floor":5,"turns":5},{"damage":5,"enemies":"Red Slaver","floor":7,"turns":7},{"damage":7,"enemies":"3 Louse","floor":10,"turns":6},{"damage":2,"enemies":"Large Slime","floor":12,"turns":8},{"damage":41,"enemies":"The Guardian","floor":16,"turns":18},{"damage":6,"enemies":"2 Thieves","floor":18,"turns":4},{"damage":2,"enemies":"Shell Parasite","floor":20,"turns":5},{"damage":10,"enemies":"Snake Plant","floor":21,"turns":5},{"damage":9,"enemies":"Gremlin Leader","floor":23,"turns":6},{"damage":3,"enemies":"Centurion and Healer","floor":24,"turns":5},{"damage":46,"enemies":"Cultist and Chosen","floor":29,"turns":6},{"damage":6,"enemies":"Snake Plant","floor":31,"turns":3},{"damage":55,"enemies":"Automaton","floor":33,"turns":6}],"seed_played":"133523639355024616","potions_obtained":[{"floor":1,"key":"ColorlessPotion"},{"floor":16,"key":"SpeedPotion"},{"floor":18,"key":"DistilledChaos"},{"floor":21,"key":"SmokeBomb"},{"floor":24,"key":"Energy Potion"}],"is_trial":false,"path_per_floor":["M","?","M","$","M","R","M","?","T","M","R","M","R","$","R","B",null,"M","$","M","M","?","E","M","R","T","?","$","M","R","M","R","B"],"character_chosen":"THE_SILENT","items_purchased":["expansioncontent:ChargeUp","Acrobatics","Venomology","Deflect","Happy Flower","Envenom"],"campfire_rested":4,"item_purchase_floors":[4,4,14,14,19,28],"current_hp_per_floor":[70,70,70,70,70,70,65,62,62,55,55,53,53,53,70,29,70,64,64,62,52,52,43,40,61,61,61,61,15,36,30,51,0,0],"gold":69,"neow_bonus":"RANDOM_COMMON_RELIC","is_daily":false,"chose_seed":false,"campfire_upgraded":2,"win_rate":0.0,"timestamp":1609887578,"path_taken":["M","?","?","$","M","R","M","?","T","M","R","M","R","$","R","BOSS","M","$","M","M","?","E","?","R","T","?","$","M","R","M","R","BOSS"],"items_purchased_type":["Card","Card","Card","Card","Relic","Card"],"build_version":"2020-12-22","purchased_purges":0,"victory":false,"max_hp_per_floor":[70,70,70,70,70,70,70,70,70,70,70,70,70,70,70,70,70,70,70,70,70,70,70,70,70,70,70,70,70,70,70,70,70,70],"card_choices":[{"not_picked":["Leg Sweep","Quick Slash"],"picked":"Backflip","floor":1},{"not_picked":["Outmaneuver","Dodge and Roll"],"picked":"Bane","floor":3},{"not_picked":["Dash","Terror"],"picked":"Dodge and Roll","floor":5},{"not_picked":["Finisher","Sucker Punch"],"picked":"Catalyst","floor":7},{"not_picked":["Backflip","Infinite Blades"],"picked":"Dodge and Roll","floor":10},{"not_picked":["Endless Agony","Prepared","Infinite Blades"],"picked":"SKIP","floor":12},{"not_picked":["Night Terror","Tools of the Trade"],"picked":"Corpse Explosion","floor":16},{"not_picked":["Escape Plan+1","Outmaneuver"],"picked":"Sucker Punch+1","floor":18},{"not_picked":["Masterful Stab+1","Blade Dance+1"],"picked":"Dodge and Roll","floor":20},{"not_picked":["Dagger Throw","Deflect+1"],"picked":"Footwork+1","floor":21},{"not_picked":["Dagger Throw+1","PiercingWail"],"picked":"Blur","floor":23},{"not_picked":["Outmaneuver","Prepared"],"picked":"PiercingWail+1","floor":24},{"not_picked":["Prepared","Calculated Gamble"],"picked":"Dodge and Roll","floor":29},{"not_picked":["Bane+1","Underhanded Strike+1"],"picked":"Tools of the Trade","floor":31}],"player_experience":42673,"relics_obtained":[{"floor":23,"key":"MawBank"},{"floor":26,"key":"Molten Egg 2"}],"event_choices":[{"damage_healed":0,"gold_gain":0,"player_choice":"Upgraded","damage_taken":0,"max_hp_gain":0,"max_hp_loss":0,"event_name":"Upgrade Shrine","floor":2,"gold_loss":0,"cards_upgraded":["Neutralize"]},{"damage_healed":0,"gold_gain":0,"player_choice":"Success","damage_taken":3,"relics_obtained":["Snake Skull"],"max_hp_gain":0,"max_hp_loss":0,"event_name":"Scrap Ooze","floor":8,"gold_loss":0},{"damage_healed":0,"gold_gain":0,"player_choice":"Copied","damage_taken":0,"max_hp_gain":0,"max_hp_loss":0,"event_name":"Duplicator","floor":22,"gold_loss":0,"cards_obtained":["Corpse Explosion"]},{"damage_healed":0,"gold_gain":100,"player_choice":"Bet on Murderer","damage_taken":0,"max_hp_gain":0,"max_hp_loss":0,"event_name":"The Joust","floor":27,"gold_loss":50}],"is_beta":false,"boss_relics":[{"not_picked":["Empty Cage","WristBlade"],"picked":"Fusion Hammer"}],"items_purged_floors":[],"is_endless":false,"potions_floor_spawned":[1,16,18,21,24],"killed_by":"Automaton","ascension_level":0}}