{"host":"56ghxnzsglgdq727","time":1609817516,"event":{"mods":["AchievementEnabler","BaseMod","Downfall","Minty Spire (QoL Compilation)","StSLib"],"gold_per_floor":[349,367,817,917,927,942,942,960,979,330,345,363,363,388,403,499,499,424,444,461,77,96,96,172,172,172,172,172,18,18,35,49,146,146,146,160,179,229,243,243,243,243,292,292,308,308,320,72,90,90],"floor_reached":51,"playtime":3345,"items_purged":["Slimebound:Icky","Slimebound:Icky"],"score":928,"play_id":"b5d12373-feac-44f3-b500-f0b80077e647","local_time":"20210104223156","is_ascension_mode":false,"campfire_choices":[{"data":"champ:Taunt","floor":1,"key":"SMITH"},{"data":"champ:PerfectedStrike","floor":13,"key":"SMITH"},{"data":"champ:CheapShot","floor":18,"key":"SMITH"},{"data":"champ:PerfectedStrike","floor":28,"key":"SMITH"},{"data":"champ:SteelEdge","floor":30,"key":"SMITH"},{"data":"champ:StrikeOfGenius","floor":35,"key":"SMITH"},{"data":"champ:DancingMaster","floor":40,"key":"SMITH"},{"floor":44,"key":"DIG"}],"circlet_count":0,"master_deck":["champ:Strike","champ:Strike","champ:Strike","champ:Strike","champ:Defend","champ:Defend","champ:Defend","champ:Defend","champ:Execute","champ:Taunt+1","champ:PerfectedStrike+1","Slimebound:Icky","champ:DefensiveStyle","champ:Balance+1","champ:BringItOn+1","champ:CheapShot+1","champ:HoldFirm+1","champ:RisingSlash","champ:PerfectedStrike+1","champ:DancingMaster+1","champ:HoldFirm+1","champ:ArenaPreparation+1","champ:DefensiveShout+1","champ:FocusedDefense+1","champ:IgnorePain+1","champ:SteelEdge+1","champ:StrikeOfGenius+1","champ:CalledShot+1","champ:PerfectedStrike","champ:PerfectedStrike+1","champ:StrikeOfGenius","expansioncontent:DashGenerateEvil","champ:SteelEdge+1","Parasite"],"relics":["champ:ChampionCrownUpgraded","Toxic Egg 2","Shuriken","ClockworkSouvenir","downfall:HeartBlessingGreen","TungstenRod","Question Card","champ:FightingForDummies","Philosopher\u0027s Stone","Lizard Tail","Singing Bowl","Shovel","Blood Vial","DollysMirror","Ancient Tea Set"],"acts_visited":["Exordium","TheCity","TheBeyond"],"potions_floor_usage":[6,10,15,21,22,22,29,33,48,50,50,50],"damage_taken":[{"damage":5,"enemies":"Small Slimes","floor":2,"turns":4},{"damage":0,"enemies":"2 Louse","floor":5,"turns":2},{"damage":5,"enemies":"Cultist","floor":6,"turns":3},{"damage":13,"enemies":"Large Slime","floor":8,"turns":6},{"damage":6,"enemies":"3 Louse","floor":9,"turns":4},{"damage":10,"enemies":"downfall:FleeingMerchant","floor":10,"turns":4},{"damage":0,"enemies":"Blue Slaver","floor":11,"turns":5},{"damage":0,"enemies":"Exordium Wildlife","floor":12,"turns":4},{"damage":9,"enemies":"3 Sentries","floor":14,"turns":5},{"damage":8,"enemies":"Large Slime","floor":15,"turns":4},{"damage":39,"enemies":"downfall:Watcher","floor":16,"turns":7},{"damage":6,"enemies":"Spheric Guardian","floor":19,"turns":4},{"damage":11,"enemies":"3 Byrds","floor":20,"turns":4},{"damage":30,"enemies":"downfall:FleeingMerchant","floor":21,"turns":5},{"damage":26,"enemies":"Snake Plant","floor":22,"turns":3},{"damage":20,"enemies":"downfall:FleeingMerchant","floor":29,"turns":4},{"damage":22,"enemies":"Sentry and Sphere","floor":31,"turns":3},{"damage":32,"enemies":"Chosen and Byrds","floor":32,"turns":5},{"damage":25,"enemies":"downfall:Silent","floor":33,"turns":6},{"damage":43,"enemies":"3 Darklings","floor":36,"turns":6},{"damage":22,"enemies":"3 Shapes","floor":37,"turns":4},{"damage":30,"enemies":"Mind Bloom Boss Battle","floor":38,"turns":10},{"damage":33,"enemies":"Sphere and 2 Shapes","floor":39,"turns":4},{"damage":20,"enemies":"2 Orb Walkers","floor":43,"turns":6},{"damage":21,"enemies":"Jaw Worm Horde","floor":45,"turns":3},{"damage":18,"enemies":"4 Shapes","floor":47,"turns":7},{"damage":4,"enemies":"downfall:FleeingMerchant","floor":48,"turns":4},{"damage":37,"enemies":"Writhing Mass","floor":49,"turns":5},{"damage":24,"enemies":"downfall:Ironclad","floor":50,"turns":12}],"seed_played":"2281904391045678852","potions_obtained":[{"floor":5,"key":"hexamod:EctoCoolerPotion"},{"floor":6,"key":"SneckoOil"},{"floor":11,"key":"Ancient Potion"},{"floor":12,"key":"GamblersBrew"},{"floor":14,"key":"PowerPotion"},{"floor":16,"key":"FearPotion"},{"floor":20,"key":"Ancient Potion"},{"floor":25,"key":"CultistPotion"},{"floor":32,"key":"sneckomod:MuddlingPotion"},{"floor":33,"key":"CultistPotion"},{"floor":38,"key":"SteroidPotion"},{"floor":45,"key":"ColorlessPotion"},{"floor":49,"key":"Regen Potion"}],"is_trial":false,"path_per_floor":["R","M","?","?","M","M","T","M","M","$","M","M","R","E","M","B",null,"R","M","M","$","M","?","T","?","?","?","R","$","R","M","M","B",null,"R","M","M","?","M","R","T","?","?","R","M","?","M","?","M","B",null],"character_chosen":"THE_CHAMP","items_purchased":["Shuriken","ClockworkSouvenir","champ:HoldFirm+1","TungstenRod","champ:IgnorePain+1","champ:SteelEdge","expansioncontent:DashGenerateEvil","DollysMirror","Ancient Tea Set"],"campfire_rested":0,"item_purchase_floors":[10,10,10,21,21,29,48,48,48],"current_hp_per_floor":[81,81,81,81,81,81,81,73,72,72,72,72,72,63,60,41,81,81,81,81,78,81,81,81,81,67,67,67,75,75,84,84,72,86,86,73,71,82,86,86,86,86,82,82,88,88,90,92,94,94],"gold":90,"neow_bonus":"TWO_FIFTY_GOLD","is_daily":false,"chose_seed":false,"campfire_upgraded":7,"win_rate":0.0,"timestamp":1609817516,"path_taken":["R","M","?","?","M","M","T","M","M","$","M","?","R","E","M","BOSS","R","M","M","$","M","?","T","?","?","?","R","$","R","M","M","BOSS","R","M","M","?","M","R","T","?","?","R","?","?","?","?","M","BOSS"],"items_purchased_type":["Relic","Relic","Card","Relic","Card","Card","Card","Relic","Relic"],"build_version":"2020-12-22","purchased_purges":2,"victory":true,"max_hp_per_floor":[81,81,81,81,81,81,81,81,81,81,81,81,81,81,81,81,81,81,81,81,81,81,81,81,81,86,86,86,86,86,86,86,86,86,86,86,86,86,86,86,86,86,86,86,88,88,90,92,94,94],"card_choices":[{"not_picked":["champ:Circumvent","champ:HeartStrike"],"picked":"champ:PerfectedStrike","floor":2},{"not_picked":["champ:GutPunch","champ:Backstep","champ:DeathBlow"],"picked":"SKIP","floor":5},{"not_picked":["champ:TornadoPunch","champ:EnragedBash"],"picked":"champ:DefensiveStyle","floor":6},{"not_picked":["champ:Control+1","champ:DeathBlow"],"picked":"champ:Balance+1","floor":8},{"not_picked":["champ:AdrenalArmor+1","champ:FocusedGladiator+1"],"picked":"champ:BringItOn+1","floor":9},{"not_picked":["champ:Shatter","champ:Encircle"],"picked":"champ:CheapShot","floor":10},{"not_picked":["champ:StanceDance+1","champ:CrookedStrike"],"picked":"champ:RisingSlash","floor":11},{"not_picked":["champ:FlashCut","champ:GutPunch"],"picked":"champ:PerfectedStrike","floor":12},{"not_picked":["champ:BerserkersShout+1","champ:GutPunch"],"picked":"champ:DancingMaster","floor":14},{"not_picked":["champ:Riposte+1","champ:StanceDance+1","champ:AdrenalArmor+1"],"picked":"SKIP","floor":15},{"not_picked":["champ:LastStand","champ:VampiricStrike"],"picked":"champ:HoldFirm+1","floor":16},{"not_picked":["champ:StanceDance+1","champ:FanOfKnives"],"picked":"champ:ArenaPreparation+1","floor":19},{"not_picked":["champ:GladiatorsShout+1","champ:PerfectedStrike"],"picked":"champ:DefensiveShout+1","floor":20},{"not_picked":["champ:CrookedStrike","champ:BerserkersShout+1"],"picked":"champ:FocusedDefense+1","floor":21},{"not_picked":["champ:FocusedBerserking+1","champ:BladeFlurry+1","champ:EnragedBash+1"],"picked":"SKIP","floor":22},{"not_picked":["champ:ArenaPreparation+1","champ:SwordThrow","champ:GutPunch","champ:BringItOn+1"],"picked":"SKIP","floor":29},{"not_picked":["champ:CrookedStrike","champ:StanceDance+1","champ:DeathBlow"],"picked":"champ:EndlessRage","floor":31},{"not_picked":["champ:GladiatorsShout+1","champ:StanceDance+1","champ:BladeFlurry","champ:TornadoPunch"],"picked":"SKIP","floor":32},{"not_picked":["champ:HeavySlash","champ:LastStand","champ:HoldFirm+1"],"picked":"champ:StrikeOfGenius","floor":33},{"not_picked":["champ:BerserkersShout+1","champ:FanOfKnives+1","champ:DefensiveShout+1","champ:Haymaker+1"],"picked":"SKIP","floor":36},{"not_picked":["champ:BladeFlurry","champ:BerserkerStyle","champ:ViciousMockery+1","champ:EndlessRage+1"],"picked":"SKIP","floor":37},{"not_picked":["champ:GutPunch","champ:FlashCut","champ:BringItOn+1"],"picked":"champ:CalledShot+1","floor":38},{"not_picked":["champ:FlashCut","champ:TornadoPunch","champ:RapidStrikes"],"picked":"champ:PerfectedStrike","floor":39},{"not_picked":["champ:AdrenalArmor+1","champ:GutPunch","champ:BladeFlurry+1"],"picked":"champ:PerfectedStrike+1","floor":43},{"not_picked":["champ:FanOfKnives","champ:CrookedStrike","champ:RecklessLeap","champ:TornadoPunch+1"],"picked":"Singing Bowl","floor":45},{"not_picked":["champ:FalseCounter+1","champ:FanOfKnives","champ:GutPunch","champ:TornadoPunch+1"],"picked":"Singing Bowl","floor":47},{"not_picked":["champ:Backstep+1","champ:ShieldWall","champ:LastStand","champ:BerserkersShout+1"],"picked":"Singing Bowl","floor":48},{"not_picked":["champ:BladeFlurry+1","champ:FocusedBerserking+1","champ:Aggression+1","champ:DefensiveStyle"],"picked":"Singing Bowl","floor":49}],"player_experience":145259,"relics_obtained":[{"floor":7,"key":"Toxic Egg 2"},{"floor":14,"key":"Bronze Scales"},{"floor":24,"key":"Question Card"},{"floor":38,"key":"Lizard Tail"},{"floor":41,"key":"Singing Bowl"},{"floor":43,"key":"Shovel"},{"floor":44,"key":"Blood Vial"}],"event_choices":[{"damage_healed":0,"gold_gain":0,"player_choice":"Ignored","damage_taken":0,"max_hp_gain":0,"max_hp_loss":0,"event_name":"Vampires","floor":23,"gold_loss":0},{"cards_removed":["champ:EndlessRage"],"damage_healed":0,"gold_gain":0,"player_choice":"Removed Power","damage_taken":0,"max_hp_gain":0,"max_hp_loss":0,"event_name":"Falling","floor":42,"gold_loss":0},{"damage_healed":0,"gold_gain":0,"player_choice":"Fight","damage_taken":0,"max_hp_gain":0,"max_hp_loss":0,"event_name":"Mysterious Sphere","floor":43,"gold_loss":0}],"is_beta":false,"boss_relics":[{"not_picked":["Sozu","Runic Dome"],"picked":"champ:ChampionCrownUpgraded"},{"not_picked":["Calling Bell","Tiny House"],"picked":"Philosopher\u0027s Stone"}],"items_purged_floors":[10,48],"is_endless":false,"potions_floor_spawned":[5,6,11,12,14,16,20,32,33,38,45,49],"ascension_level":0}}