{"host":"7k7fhzlbqzyu5ijh","time":1609888273,"event":{"mods":["AchievementEnabler","BaseMod","Bestiary","Colored Powertips","Filter the Spire","Highlight Path","Minty Spire (QoL Compilation)","Potion Indicator Mod","Relic Stats"],"gold_per_floor":[367,367,22,42,57,89,89,89,89,89,118,176,21,52,52,151,151,170,180,180,193,44,70,70,101,154,172,190,190,190,207,207,302,302,316,366,382,382,82,82,82],"floor_reached":40,"playtime":3862,"items_purged":["Strike_B","Strike_B"],"score":584,"play_id":"f4d2dd05-e36e-4f94-916b-7b73caa2f586","local_time":"20210105181113","is_ascension_mode":true,"campfire_choices":[{"data":"Streamline","floor":7,"key":"SMITH"},{"floor":10,"key":"REST"},{"floor":15,"key":"REST"},{"data":"Recycle","floor":24,"key":"SMITH"},{"data":"Hologram","floor":29,"key":"SMITH"},{"floor":32,"key":"REST"}],"circlet_count":0,"master_deck":["Strike_B","Strike_B","Defend_B","Defend_B","Defend_B","Defend_B+1","Zap","Dualcast","Sweeping Beam+1","FTL","Hologram+1","Streamline+1","Core Surge","Go for the Eyes","Recycle+1","Leap","Biased Cognition","Chill+1","Beam Cell","Tempest","Chaos","Tempest","Cold Snap+1","Echo Form","Hologram+1","Thunder Strike","Recycle+1"],"relics":["Cracked Core","Unceasing Top","Gambling Chip","Ornamental Fan","Sundial","Pen Nib","Omamori","Juzu Bracelet","Calling Bell","Oddly Smooth Stone","Gremlin Horn","Dead Branch","Anchor","Peace Pipe","Black Star","Ginger","Medical Kit"],"acts_visited":["Exordium","TheCity","TheBeyond"],"potions_floor_usage":[6,14,18,25,25,27,31,33,40],"damage_taken":[{"damage":7,"enemies":"Small Slimes","floor":1,"turns":2},{"damage":0,"enemies":"2 Louse","floor":4,"turns":2},{"damage":1,"enemies":"Cultist","floor":5,"turns":3},{"damage":33,"enemies":"3 Sentries","floor":6,"turns":6},{"damage":4,"enemies":"Gremlin Nob","floor":11,"turns":3},{"damage":10,"enemies":"3 Sentries","floor":12,"turns":4},{"damage":12,"enemies":"Lagavulin","floor":14,"turns":5},{"damage":31,"enemies":"The Guardian","floor":16,"turns":9},{"damage":4,"enemies":"Shell Parasite","floor":18,"turns":5},{"damage":0,"enemies":"3 Byrds","floor":19,"turns":2},{"damage":2,"enemies":"Centurion and Healer","floor":21,"turns":5},{"damage":0,"enemies":"Gremlin Leader","floor":23,"turns":5},{"damage":8,"enemies":"Slavers","floor":25,"turns":7},{"damage":14,"enemies":"Snake Plant","floor":27,"turns":3},{"damage":19,"enemies":"Shelled Parasite and Fungi","floor":28,"turns":5},{"damage":0,"enemies":"Centurion and Healer","floor":31,"turns":7},{"damage":53,"enemies":"Automaton","floor":33,"turns":11},{"damage":22,"enemies":"3 Darklings","floor":35,"turns":5},{"damage":12,"enemies":"Mind Bloom Boss Battle","floor":36,"turns":6},{"damage":6,"enemies":"3 Shapes","floor":37,"turns":3},{"damage":43,"enemies":"Giant Head","floor":40,"turns":8}],"seed_played":"-8158637217567860533","potions_obtained":[{"floor":4,"key":"Dexterity Potion"},{"floor":6,"key":"Weak Potion"},{"floor":16,"key":"Strength Potion"},{"floor":21,"key":"AttackPotion"},{"floor":23,"key":"PotionOfCapacity"},{"floor":25,"key":"FairyPotion"},{"floor":27,"key":"SneckoOil"},{"floor":30,"key":"DistilledChaos"},{"floor":30,"key":"Ancient Potion"},{"floor":36,"key":"PotionOfCapacity"},{"floor":37,"key":"PotionOfCapacity"}],"is_trial":false,"path_per_floor":["M","?","$","M","M","E","R","?","T","R","E","?","$","E","R","B",null,"M","M","?","M","$","E","R","E","T","M","M","R","?","M","R","B",null,"M","?","M","?","$","E"],"character_chosen":"DEFECT","items_purchased":["Unceasing Top","FTL","Omamori","Regen Potion","Medical Kit","Block Potion"],"campfire_rested":3,"item_purchase_floors":[3,3,13,22,39,39],"current_hp_per_floor":[68,68,68,68,67,34,34,19,19,41,37,27,27,15,37,6,58,54,54,54,52,52,52,52,44,44,39,20,20,20,20,42,22,62,40,28,22,22,22,0,0],"gold":82,"neow_bonus":"TWO_FIFTY_GOLD","is_daily":false,"chose_seed":false,"campfire_upgraded":3,"win_rate":0.0,"timestamp":1609888273,"path_taken":["M","?","$","M","M","E","R","?","T","R","E","?","$","E","R","BOSS","M","M","?","M","$","E","R","E","T","M","M","R","?","M","R","BOSS","M","?","M","?","$","E"],"items_purchased_type":["Relic","Card","Relic","Potion","Relic","Potion"],"build_version":"2020-12-22","purchased_purges":2,"victory":false,"max_hp_per_floor":[75,75,75,75,75,75,75,75,75,75,75,75,75,75,75,75,75,75,75,75,75,75,75,75,75,75,75,75,75,75,75,75,75,75,75,75,75,75,75,75,75],"relic_stats":{"Gremlin Horn":[19,19],"counters":[21,105],"Dead Branch":[71],"Pen Nib":[20],"Juzu Bracelet":1,"Ginger":[3],"Medical Kit":[0],"Peace Pipe":0,"Ornamental Fan":[160],"Sundial":[12],"Gambling Chip":[39],"Black Star":0,"obtain_stats":[{"Gremlin Horn":17,"Dead Branch":17,"Oddly Smooth Stone":17,"Pen Nib":12,"Omamori":13,"Juzu Bracelet":14,"Ginger":36,"Medical Kit":39,"Calling Bell":17,"Peace Pipe":25,"Anchor":23,"Ornamental Fan":9,"Sundial":11,"Gambling Chip":6,"Black Star":34,"Cracked Core":0,"Unceasing Top":3},{"Gremlin Horn":8,"Dead Branch":8,"Oddly Smooth Stone":8,"Pen Nib":6,"Omamori":6,"Juzu Bracelet":7,"Ginger":19,"Medical Kit":20,"Calling Bell":8,"Peace Pipe":13,"Anchor":12,"Ornamental Fan":4,"Sundial":5,"Gambling Chip":4,"Black Star":17,"Cracked Core":0,"Unceasing Top":1},{"Gremlin Horn":34,"Dead Branch":34,"Oddly Smooth Stone":34,"Pen Nib":20,"Omamori":20,"Juzu Bracelet":25,"Ginger":94,"Medical Kit":97,"Calling Bell":34,"Peace Pipe":58,"Anchor":51,"Ornamental Fan":13,"Sundial":16,"Gambling Chip":13,"Black Star":84,"Cracked Core":0,"Unceasing Top":2}],"Unceasing Top":[5]},"card_choices":[{"not_picked":["Consume","Leap"],"picked":"Sweeping Beam","floor":1},{"not_picked":["Turbo","Barrage"],"picked":"Hologram","floor":4},{"not_picked":["Leap","Force Field"],"picked":"Streamline","floor":5},{"not_picked":["Stack","Cold Snap"],"picked":"Core Surge","floor":6},{"not_picked":["Steam","Stack"],"picked":"Go for the Eyes","floor":11},{"not_picked":["Hologram","Go for the Eyes"],"picked":"Recycle","floor":12},{"not_picked":["Conserve Battery","Chill"],"picked":"Leap","floor":14},{"not_picked":["Multi-Cast","Creative AI"],"picked":"Biased Cognition","floor":16},{"not_picked":["Hologram","Turbo"],"picked":"Chill+1","floor":18},{"not_picked":["Redo+1","Turbo"],"picked":"Beam Cell","floor":19},{"not_picked":["Ball Lightning+1","Hologram"],"picked":"Tempest","floor":21},{"not_picked":["Turbo","Redo"],"picked":"Chaos","floor":23},{"not_picked":["Capacitor","Machine Learning"],"picked":"Tempest","floor":25},{"not_picked":["Rebound","Steam"],"picked":"Cold Snap+1","floor":27},{"not_picked":["Go for the Eyes","Beam Cell","Consume"],"picked":"SKIP","floor":28},{"not_picked":["Rebound","Hologram+1","Ball Lightning"],"picked":"SKIP","floor":31},{"not_picked":["Machine Learning","Hyperbeam"],"picked":"Echo Form","floor":33},{"not_picked":["Sweeping Beam+1","Gash","Hologram+1"],"picked":"SKIP","floor":35},{"not_picked":["Chill+1","Barrage+1"],"picked":"Hologram+1","floor":36},{"not_picked":["Rebound+1","Chaos"],"picked":"Thunder Strike","floor":37}],"player_experience":373264,"relics_obtained":[{"floor":6,"key":"Gambling Chip"},{"floor":9,"key":"Ornamental Fan"},{"floor":11,"key":"Sundial"},{"floor":12,"key":"Pen Nib"},{"floor":14,"key":"Juzu Bracelet"},{"floor":17,"key":"Oddly Smooth Stone"},{"floor":17,"key":"Gremlin Horn"},{"floor":17,"key":"Dead Branch"},{"floor":23,"key":"Anchor"},{"floor":25,"key":"Peace Pipe"},{"floor":36,"key":"Ginger"}],"event_choices":[{"cards_removed":["Shame"],"damage_healed":0,"gold_gain":0,"player_choice":"Forget","damage_taken":0,"max_hp_gain":0,"max_hp_loss":0,"event_name":"Living Wall","floor":2,"gold_loss":0},{"damage_healed":0,"gold_gain":0,"player_choice":"Entered Light","damage_taken":15,"max_hp_gain":0,"max_hp_loss":0,"event_name":"Shining Light","floor":8,"gold_loss":0,"cards_upgraded":["Sweeping Beam","Defend_B"]},{"damage_healed":0,"gold_gain":0,"player_choice":"Searched \u00272\u0027 times","damage_taken":0,"max_hp_gain":0,"max_hp_loss":0,"event_name":"Dead Adventurer","floor":12,"gold_loss":0},{"damage_healed":0,"gold_gain":0,"player_choice":"Ignored","damage_taken":0,"max_hp_gain":0,"max_hp_loss":0,"event_name":"Vampires","floor":20,"gold_loss":0},{"damage_healed":0,"gold_gain":0,"player_choice":"Got Potions","damage_taken":0,"max_hp_gain":0,"max_hp_loss":0,"event_name":"Lab","floor":30,"gold_loss":0},{"damage_healed":0,"gold_gain":0,"player_choice":"Fight","damage_taken":0,"max_hp_gain":0,"max_hp_loss":0,"event_name":"MindBloom","floor":36,"gold_loss":0},{"damage_healed":0,"gold_gain":0,"player_choice":"Copied","damage_taken":0,"max_hp_gain":0,"max_hp_loss":0,"event_name":"Duplicator","floor":38,"gold_loss":0,"cards_obtained":["Recycle"]}],"is_beta":false,"boss_relics":[{"not_picked":["Sozu","Inserter"],"picked":"Calling Bell"},{"not_picked":["Runic Pyramid","Empty Cage"],"picked":"Black Star"}],"items_purged_floors":[22,39],"is_endless":false,"potions_floor_spawned":[4,6,16,21,23,25,27,36,37],"killed_by":"Giant Head","ascension_level":5}}