{"host":"a0paspe0zwqgzttz","time":1609887486,"event":{"mods":["AchievementEnabler","Act Like it!","BaseMod","BetterRewards","Colored Powertips","Conspire","Downfall","GifTheSpireLib","Hermit","Highlight Path","Lobotomy","Marisa????????","Minty Spire (QoL Compilation)","Quick Restart","Replay The Spire","Robot Space Explorer","Shop Mod","StSLib","SuperFastMode","The Bug Knight","The Construct","The Cursed","The Hierophant","The Jungle","The Mystic","The Necromancer","The Runesmith","The Senshi","The Servant 0.9.4"],"gold_per_floor":[112,112,129,146,146,25,44,64,64,64,64,64,64,64,64,93,93,191,191,205,205,205,205,57,57,7,7,35,66,117,117,142,162,195,215,215,215,215],"floor_reached":37,"playtime":3910,"items_purged":[],"score":335,"play_id":"c95f4e1b-c700-479e-bdb0-72c401560b8e","local_time":"20210105175806","is_ascension_mode":false,"campfire_choices":[{"data":"hermit:Maintenance","floor":10,"key":"SMITH"},{"data":"hermit:Horror","floor":15,"key":"SMITH"},{"data":"hermit:PistolWhip","floor":17,"key":"SMITH"},{"data":"hermit:Manifest","floor":27,"key":"SMITH"},{"floor":31,"key":"REST"},{"floor":36,"key":"DIG"}],"circlet_count":0,"master_deck":["hermit:Strike_Hermit","hermit:Strike_Hermit+1","hermit:Strike_Hermit","hermit:Strike_Hermit","hermit:Defend_Hermit","hermit:Defend_Hermit","hermit:Defend_Hermit","hermit:Defend_Hermit","hermit:Snapshot","hermit:Covet","hermit:Maintenance+1","hermit:ItchyTrigger","hermit:Horror+1","hermit:BodyArmor","hermit:BodyArmor","Replay:SS_fish_2","hermit:ItchyTrigger","hermit:ItchyTrigger","Amnesia","hermit:PistolWhip+1","hermit:FinalCanter","hermit:Manifest+1","Shame","Ghostly","Ghostly","Ghostly","Ghostly","Ghostly","conspire:SpireCoStock","hermit:Spite+1","hermit:HeroicBravado","hermit:BigShot","hermit:Snipe","hermit:Grudge+1","hermit:GoldenBullet"],"relics":["hermit:Momento","Blue Doll","Runesmith:Nanobots","Iron Hammer","Ring of Fury","ReplayTheSpireMod:Ring of Exchange","Bag of Preparation","ClockworkSouvenir","Pantograph","Pet Ghost","Gremlin Food","ReplayTheSpireMod:Lightbulb","Red Mask","Girya"],"acts_visited":["Exordium","TheCity"],"potions_floor_usage":[4,8,18,28,32,37,37],"damage_taken":[{"damage":0,"enemies":"Cultist","floor":1,"turns":3},{"damage":1,"enemies":"Jaw Worm","floor":3,"turns":4},{"damage":7,"enemies":"Small Slimes","floor":4,"turns":3},{"damage":0,"enemies":"3 Louse","floor":7,"turns":2},{"damage":0,"enemies":"Large Slime","floor":8,"turns":6},{"damage":6,"enemies":"Gremlin Nob","floor":16,"turns":3},{"damage":59,"enemies":"The Guardian","floor":18,"turns":7},{"damage":0,"enemies":"Spheric Guardian","floor":20,"turns":3},{"damage":2,"enemies":"Chosen","floor":28,"turns":3},{"damage":28,"enemies":"Slavers","floor":29,"turns":8},{"damage":15,"enemies":"Shelled Parasite and Fungi","floor":32,"turns":7},{"damage":3,"enemies":"Snake Plant","floor":33,"turns":4},{"damage":6,"enemies":"Masked Bandits","floor":34,"turns":4},{"damage":4,"enemies":"3 Cultists","floor":35,"turns":6},{"damage":30,"enemies":"Pondfish","floor":37,"turns":8}],"seed_played":"-7514977705161409411","potions_obtained":[{"floor":1,"key":"Dexterity Potion"},{"floor":3,"key":"Flashbang"},{"floor":7,"key":"Energy Potion"},{"floor":20,"key":"Energy Potion"},{"floor":29,"key":"ColorlessPotion"},{"floor":32,"key":"Milkshake"},{"floor":35,"key":"Cursed Concoction"}],"is_trial":false,"path_per_floor":["M","?","M","M","T","$","M","M","T","R","PTL","PTL","?","?","R","E","R","B",null,"M","?","PTL","PTL","$","?","?","R","M","E","T","R","M","M","?","M","R","B"],"character_chosen":"HERMIT","items_purchased":["hermit:BodyArmor","Replay:SS_fish_2","Pet Ghost"],"campfire_rested":1,"item_purchase_floors":[6,6,24],"current_hp_per_floor":[75,75,74,67,67,67,67,75,75,75,75,75,75,75,75,69,69,10,75,75,75,75,75,75,37,37,37,35,7,7,18,17,14,8,4,4,0,0],"gold":215,"neow_bonus":"RANDOM_COMMON_RELIC","is_daily":false,"chose_seed":false,"campfire_upgraded":4,"win_rate":0.0,"timestamp":1609887486,"path_taken":["M","?","M","M","?","$","?","M","T","R","PTL","PTL","?","?","R","E","R","BOSS","M","?","PTL","PTL","$","?","?","R","M","E","T","R","M","?","?","M","R","BOSS"],"items_purchased_type":["Card","Card","Relic"],"build_version":"2020-12-22","purchased_purges":0,"victory":false,"max_hp_per_floor":[75,75,75,75,75,75,75,75,75,75,75,75,75,75,75,75,75,75,75,75,75,75,75,75,37,37,37,37,37,37,37,37,37,37,37,37,37,37],"card_choices":[{"not_picked":["hermit:Snipe","hermit:LowProfile"],"picked":"hermit:Maintenance","floor":1},{"not_picked":["hermit:Desperado","hermit:Feint"],"picked":"hermit:ItchyTrigger","floor":3},{"not_picked":["hermit:Combo","hermit:Misfire"],"picked":"hermit:Horror","floor":4},{"not_picked":["hermit:HoleUp","hermit:DeadMansHand"],"picked":"hermit:ItchyTrigger","floor":7},{"not_picked":["hermit:LowProfile","hermit:Combo"],"picked":"hermit:ItchyTrigger","floor":8},{"not_picked":["hermit:SprayPray","hermit:BlackWind"],"picked":"hermit:PistolWhip","floor":16},{"not_picked":["hermit:HeroicBravado","hermit:Roughhouse"],"picked":"hermit:FinalCanter","floor":18},{"not_picked":["hermit:Ricochet","hermit:Snipe"],"picked":"hermit:Manifest","floor":20},{"not_picked":["hermit:Malice","hermit:Combo+1"],"picked":"hermit:Spite+1","floor":28},{"not_picked":["hermit:Desperado","hermit:SprayPray"],"picked":"hermit:HeroicBravado","floor":29},{"not_picked":["hermit:Glare","hermit:Misfire"],"picked":"hermit:BigShot","floor":32},{"not_picked":["hermit:LoneWolf","hermit:Misfire"],"picked":"hermit:Snipe","floor":33},{"not_picked":["hermit:Misfire","hermit:Desperado+1"],"picked":"hermit:Grudge+1","floor":34},{"not_picked":["hermit:Cheat","hermit:Vantage"],"picked":"hermit:GoldenBullet","floor":35}],"player_experience":388298,"relics_obtained":[{"floor":5,"key":"Runesmith:Nanobots"},{"floor":9,"key":"Iron Hammer"},{"floor":13,"key":"Ring of Fury"},{"floor":13,"key":"ReplayTheSpireMod:Ring of Exchange"},{"floor":16,"key":"Bag of Preparation"},{"floor":29,"key":"Gremlin Food"},{"floor":30,"key":"ReplayTheSpireMod:Lightbulb"},{"floor":34,"key":"Red Mask"},{"floor":36,"key":"Girya"}],"event_choices":[{"damage_healed":0,"gold_gain":0,"player_choice":"Leave","damage_taken":0,"max_hp_gain":0,"max_hp_loss":0,"event_name":"The Cleric","floor":2,"gold_loss":0},{"damage_healed":0,"gold_gain":0,"player_choice":"Stole Relic","damage_taken":0,"relics_obtained":["Pantograph"],"max_hp_gain":0,"max_hp_loss":0,"event_name":"Addict","floor":21,"gold_loss":0,"cards_obtained":["Shame"]},{"damage_healed":0,"gold_gain":0,"player_choice":"Became a Ghost","damage_taken":0,"max_hp_gain":0,"max_hp_loss":38,"event_name":"Ghosts","floor":25,"gold_loss":0,"cards_obtained":["Ghostly","Ghostly","Ghostly","Ghostly","Ghostly"]},{"damage_healed":0,"gold_gain":0,"player_choice":"Invest 1","damage_taken":0,"max_hp_gain":0,"max_hp_loss":0,"event_name":"conspire:Investor","floor":26,"gold_loss":0},{"damage_healed":0,"gold_gain":0,"player_choice":"Fought Bandits","damage_taken":0,"max_hp_gain":0,"max_hp_loss":0,"event_name":"Masked Bandits","floor":34,"gold_loss":0}],"is_beta":false,"boss_relics":[{"not_picked":["Cauldron","Tiny House"],"picked":"ClockworkSouvenir"}],"items_purged_floors":[],"is_endless":false,"potions_floor_spawned":[1,3,7,20,29,32,35],"killed_by":"Pondfish","ascension_level":0}}