{"host":"sc0o2qwpf9j16a4i","time":1609844302,"event":{"mods":["AchievementEnabler","BaseMod","BetterRewards","Block Reminder","Colored Map","Colored Powertips","Custom Start","Highlight Path","Minty Spire (QoL Compilation)","Relic Stats"],"gold_per_floor":[112,24,0,20,30,30,58,58,58,86,86,102,115,35,35,112,112,129,129,129,143,154,154,154,154,154,154,187,200,200,215,215,286,286,298,298,316,336,352,386,411,459,483,483,509,529,567,599,611,623,635,647,659,22,47,47],"floor_reached":57,"playtime":2757,"items_purged":["Strike_R","Strike_R","Strike_R"],"score":3594,"play_id":"73ab0f13-ddda-4d1b-a31c-79ed27af7dc0","local_time":"20210105125822","is_ascension_mode":true,"campfire_choices":[{"floor":6,"key":"REST"},{"floor":8,"key":"REST"},{"data":"Apotheosis","floor":15,"key":"SMITH"},{"floor":23,"key":"REST"},{"data":"Feel No Pain","floor":25,"key":"SMITH"},{"data":"Offering","floor":27,"key":"SMITH"},{"floor":32,"key":"REST"},{"floor":49,"key":"RECALL"},{"data":"Strike_R","floor":53,"key":"PURGE"}],"circlet_count":0,"master_deck":["AscendersBane","Defend_R","Defend_R","Defend_R","Defend_R","Bash","Feel No Pain+1","Offering+1","Metallicize","Apotheosis+1","Clothesline","Infernal Blade","Battle Trance","Spot Weakness","Shockwave","Spot Weakness","Heavy Blade","Impervious","Shrug It Off","Shrug It Off","Flame Barrier","Offering","Body Slam+1","Barricade+1","Warcry+1","Havoc+1","Power Through","Exhume","True Grit","Burning Pact"],"relics":["Burning Blood","Medical Kit","Bronze Scales","Peace Pipe","Mango","The Courier","StrikeDummy","Meat on the Bone","Runic Pyramid","Nilry\u0027s Codex","Orichalcum","Frozen Egg 2","Bag of Marbles","Ancient Tea Set","Fusion Hammer","Lantern","Champion Belt","Charon\u0027s Ashes","CeramicFish","MawBank","Lee\u0027s Waffle","Centennial Puzzle","Calipers","Boot"],"acts_visited":["Exordium","TheCity","TheBeyond","TheEnding"],"potions_floor_usage":[33,40,50,56],"damage_taken":[{"damage":6,"enemies":"Jaw Worm","floor":1,"turns":3},{"damage":3,"enemies":"2 Louse","floor":4,"turns":2},{"damage":2,"enemies":"Cultist","floor":5,"turns":4},{"damage":30,"enemies":"Gremlin Nob","floor":7,"turns":4},{"damage":16,"enemies":"3 Sentries","floor":10,"turns":7},{"damage":10,"enemies":"Blue Slaver","floor":12,"turns":3},{"damage":3,"enemies":"2 Fungi Beasts","floor":13,"turns":3},{"damage":6,"enemies":"The Guardian","floor":16,"turns":7},{"damage":16,"enemies":"2 Thieves","floor":18,"turns":4},{"damage":4,"enemies":"Chosen","floor":21,"turns":5},{"damage":7,"enemies":"Centurion and Healer","floor":22,"turns":6},{"damage":42,"enemies":"Slavers","floor":28,"turns":5},{"damage":31,"enemies":"Shelled Parasite and Fungi","floor":29,"turns":7},{"damage":8,"enemies":"Cultist and Chosen","floor":31,"turns":7},{"damage":49,"enemies":"Automaton","floor":33,"turns":12},{"damage":7,"enemies":"Orb Walker","floor":35,"turns":4},{"damage":41,"enemies":"3 Darklings","floor":37,"turns":5},{"damage":12,"enemies":"Maw","floor":38,"turns":5},{"damage":12,"enemies":"Spire Growth","floor":39,"turns":3},{"damage":19,"enemies":"Reptomancer","floor":40,"turns":7},{"damage":12,"enemies":"Mind Bloom Boss Battle","floor":41,"turns":6},{"damage":22,"enemies":"2 Orb Walkers","floor":42,"turns":3},{"damage":15,"enemies":"Giant Head","floor":45,"turns":6},{"damage":6,"enemies":"Sphere and 2 Shapes","floor":46,"turns":4},{"damage":12,"enemies":"Nemesis","floor":47,"turns":5},{"damage":18,"enemies":"3 Darklings","floor":48,"turns":6},{"damage":34,"enemies":"Time Eater","floor":50,"turns":9},{"damage":18,"enemies":"Donu and Deca","floor":51,"turns":8},{"damage":62,"enemies":"Shield and Spear","floor":55,"turns":8},{"damage":40,"enemies":"The Heart","floor":56,"turns":11}],"seed_played":"-4353915915553036463","potions_obtained":[{"floor":5,"key":"BloodPotion"},{"floor":12,"key":"Fire Potion"},{"floor":13,"key":"ColorlessPotion"},{"floor":33,"key":"PowerPotion"},{"floor":38,"key":"DistilledChaos"},{"floor":40,"key":"EssenceOfSteel"},{"floor":47,"key":"HeartOfIron"}],"is_trial":false,"path_per_floor":["M","$","?","M","M","R","E","R","T","E","?","M","M","$","R","B",null,"M","?","?","M","M","R","T","R","T","R","E","M","T","M","R","B",null,"M","?","M","M","M","E","?","?","T","?","E","M","E","M","R","B","B",null,"R","$","E","B",null],"character_chosen":"IRONCLAD","items_purchased":["Medical Kit","Feel No Pain","Offering","Bronze Scales","Metallicize","Peace Pipe","Apotheosis","Infernal Blade","Lee\u0027s Waffle","Centennial Puzzle","Calipers","Burning Pact"],"campfire_rested":4,"item_purchase_floors":[0,0,0,0,0,0,0,2,54,54,54,54],"current_hp_per_floor":[21,21,21,24,28,50,40,66,66,56,56,52,55,55,55,55,81,71,45,24,38,49,77,77,77,77,77,53,40,40,50,78,47,82,81,81,58,64,58,57,63,59,59,59,62,62,56,56,56,40,40,81,81,101,57,35],"gold":47,"neow_bonus":"","is_daily":false,"chose_seed":false,"campfire_upgraded":3,"win_rate":0.0,"timestamp":1609844302,"path_taken":["M","$","?","M","M","R","E","R","T","E","?","M","?","$","R","BOSS","M","?","?","M","M","R","?","R","T","R","E","M","?","M","R","BOSS","M","?","?","M","?","E","?","?","T","?","E","M","E","M","R","BOSS","BOSS","R","$","E","BOSS"],"items_purchased_type":["Relic","Card","Card","Relic","Card","Relic","Card","Card","Relic","Relic","Relic","Card"],"build_version":"2020-12-22","purchased_purges":3,"victory":true,"max_hp_per_floor":[75,75,75,75,75,75,89,89,89,89,89,89,89,89,89,89,89,89,94,94,94,94,94,94,94,94,94,94,94,94,94,94,94,94,94,94,94,94,94,94,94,94,94,94,94,94,94,94,94,94,94,94,94,101,101,101],"relic_stats":{"Lee\u0027s Waffle":20,"counters":[90,487],"CeramicFish":135,"Charon\u0027s Ashes":[446],"Orichalcum":[168],"Medical Kit":[40],"MawBank":204,"Boot":[0],"Burning Blood":490,"Peace Pipe":1,"Centennial Puzzle":[30],"Bronze Scales":[910],"Champion Belt":[28],"obtain_stats":[{"Ice Cream":27,"Calipers":54,"Nilry\u0027s Codex":20,"CeramicFish":29,"Boot":55,"Centennial Puzzle":19,"Fusion Hammer":17,"Girya":9,"Velvet Choker":34,"Pen Nib":11,"Charon\u0027s Ashes":42,"Akabeko":42,"OrangePellets":44,"Bottled Flame":39,"Shuriken":8,"Bronze Scales":0,"Mark of Pain":17,"StrikeDummy":10,"Meat on the Bone":11,"Darkstone Periapt":9,"Regal Pillow":48,"Lantern":7,"Magic Flower":26,"Mango":8,"Bag of Preparation":27,"Ancient Tea Set":12,"Burning Blood":0,"Mummified Hand":44,"Pantograph":24,"Tiny Chest":0,"WingedGreaves":24,"Red Mask":19,"Chemical X":0,"InkBottle":26,"Red Skull":28,"Paper Frog":0,"Runic Pyramid":34,"Lee\u0027s Waffle":12,"Golden Idol":2,"The Courier":31,"Odd Mushroom":10,"Orichalcum":19,"Frozen Egg 2":26,"MawBank":9,"Medical Kit":0,"Peace Pipe":0,"Bloody Idol":28,"Bag of Marbles":28,"Bottled Lightning":24,"Champion Belt":41,"TungstenRod":20,"FossilizedHelix":0,"Toy Ornithopter":43},{"Ice Cream":51,"Calipers":88,"Nilry\u0027s Codex":69,"CeramicFish":52,"Boot":89,"Centennial Puzzle":48,"Fusion Hammer":8,"Girya":5,"Velvet Choker":53,"Pen Nib":44,"Charon\u0027s Ashes":82,"Akabeko":56,"OrangePellets":35,"Bottled Flame":55,"Shuriken":5,"Bronze Scales":38,"Mark of Pain":22,"StrikeDummy":65,"Meat on the Bone":65,"Darkstone Periapt":19,"Regal Pillow":37,"Lantern":42,"Magic Flower":27,"Mango":19,"Bag of Preparation":12,"Ancient Tea Set":20,"Burning Blood":0,"Mummified Hand":35,"Pantograph":27,"Tiny Chest":38,"WingedGreaves":11,"Red Mask":24,"Chemical X":38,"InkBottle":11,"Red Skull":51,"Paper Frog":13,"Runic Pyramid":31,"Lee\u0027s Waffle":6,"Golden Idol":1,"The Courier":30,"Odd Mushroom":44,"Orichalcum":48,"Frozen Egg 2":71,"MawBank":43,"Medical Kit":60,"Peace Pipe":60,"Bloody Idol":12,"Bag of Marbles":72,"Bottled Lightning":51,"Champion Belt":81,"TungstenRod":24,"FossilizedHelix":38,"Toy Ornithopter":56},{"Ice Cream":255,"Calipers":468,"Nilry\u0027s Codex":355,"CeramicFish":257,"Boot":476,"Centennial Puzzle":247,"Fusion Hammer":35,"Girya":19,"Velvet Choker":272,"Pen Nib":233,"Charon\u0027s Ashes":430,"Akabeko":284,"OrangePellets":188,"Bottled Flame":278,"Shuriken":19,"Bronze Scales":216,"Mark of Pain":96,"StrikeDummy":338,"Meat on the Bone":338,"Darkstone Periapt":80,"Regal Pillow":201,"Lantern":228,"Magic Flower":126,"Mango":80,"Bag of Preparation":55,"Ancient Tea Set":84,"Burning Blood":0,"Mummified Hand":188,"Pantograph":126,"Tiny Chest":216,"WingedGreaves":50,"Red Mask":104,"Chemical X":216,"InkBottle":50,"Red Skull":255,"Paper Frog":59,"Runic Pyramid":156,"Lee\u0027s Waffle":21,"Golden Idol":4,"The Courier":145,"Odd Mushroom":233,"Orichalcum":247,"Frozen Egg 2":366,"MawBank":230,"Medical Kit":318,"Peace Pipe":318,"Bloody Idol":55,"Bag of Marbles":371,"Bottled Lightning":255,"Champion Belt":427,"TungstenRod":104,"FossilizedHelix":216,"Toy Ornithopter":284}],"Meat on the Bone":204},"card_choices":[{"not_picked":["Battle Trance","Bloodletting"],"picked":"Clothesline","floor":1},{"not_picked":["Second Wind","Armaments"],"picked":"Battle Trance","floor":4},{"not_picked":["Cleave","Anger","Flex"],"picked":"SKIP","floor":5},{"not_picked":["Blood for Blood","Whirlwind"],"picked":"Spot Weakness","floor":7},{"not_picked":["Burning Pact","Thunderclap"],"picked":"Shockwave","floor":10},{"not_picked":["Rupture","Body Slam"],"picked":"Spot Weakness","floor":12},{"not_picked":["Anger","Iron Wave"],"picked":"Heavy Blade","floor":13},{"not_picked":["Brutality","Double Tap"],"picked":"Impervious","floor":16},{"not_picked":["Twin Strike","Flex"],"picked":"Shrug It Off","floor":18},{"not_picked":["Cleave","Warcry"],"picked":"Shrug It Off","floor":21},{"not_picked":["Warcry","Cleave","Flex"],"picked":"SKIP","floor":22},{"not_picked":["Sword Boomerang","Sentinel"],"picked":"Flame Barrier","floor":28},{"not_picked":["Carnage+1","Wild Strike","Combust+1"],"picked":"SKIP","floor":29},{"not_picked":["Spot Weakness","Sword Boomerang","Flex"],"picked":"SKIP","floor":31},{"not_picked":["Heavy Blade","Cleave","Thunderclap"],"picked":"SKIP","floor":35},{"not_picked":["Anger+1","Flex","Pommel Strike"],"picked":"SKIP","floor":37},{"not_picked":["Flex+1","Anger"],"picked":"Body Slam+1","floor":38},{"not_picked":["Perfected Strike","Clothesline+1","Twin Strike"],"picked":"SKIP","floor":39},{"not_picked":["Headbutt","Entrench+1"],"picked":"Barricade+1","floor":40},{"not_picked":["Pommel Strike","Heavy Blade"],"picked":"Warcry+1","floor":41},{"not_picked":["Bloodletting","Whirlwind"],"picked":"Havoc+1","floor":42},{"not_picked":["Havoc","Anger+1","Carnage"],"picked":"SKIP","floor":45},{"not_picked":["Dropkick","Combust+1"],"picked":"Power Through","floor":46},{"not_picked":["Bloodletting","Body Slam"],"picked":"Exhume","floor":47},{"not_picked":["Carnage","Clothesline"],"picked":"True Grit","floor":48},{"not_picked":["Cleave","Double Tap","Perfected Strike+1"],"picked":"SKIP","floor":55}],"player_experience":550093,"relics_obtained":[{"floor":7,"key":"Mango"},{"floor":9,"key":"The Courier"},{"floor":10,"key":"StrikeDummy"},{"floor":20,"key":"Nilry\u0027s Codex"},{"floor":24,"key":"Orichalcum"},{"floor":26,"key":"Frozen Egg 2"},{"floor":28,"key":"Bag of Marbles"},{"floor":30,"key":"Ancient Tea Set"},{"floor":40,"key":"Lantern"},{"floor":41,"key":"Champion Belt"},{"floor":42,"key":"Charon\u0027s Ashes"},{"floor":45,"key":"CeramicFish"},{"floor":47,"key":"MawBank"},{"floor":55,"key":"Boot"}],"event_choices":[{"damage_healed":0,"gold_gain":0,"player_choice":"Left Gold","damage_taken":0,"max_hp_gain":0,"max_hp_loss":0,"event_name":"World of Goop","floor":3,"gold_loss":24},{"damage_healed":0,"gold_gain":0,"player_choice":"Gave Potion","damage_taken":0,"relics_obtained":["Meat on the Bone"],"max_hp_gain":0,"max_hp_loss":0,"event_name":"WeMeetAgain","floor":11,"gold_loss":0},{"damage_healed":0,"gold_gain":0,"player_choice":"Shed Blood","damage_taken":31,"max_hp_gain":5,"max_hp_loss":0,"event_name":"Forgotten Altar","floor":19,"gold_loss":0},{"damage_healed":0,"gold_gain":0,"player_choice":"Obtained Book","damage_taken":21,"max_hp_gain":0,"max_hp_loss":0,"event_name":"Cursed Tome","floor":20,"gold_loss":0},{"damage_healed":0,"gold_gain":0,"cards_transformed":["Strike_R"],"player_choice":"Transformed","damage_taken":0,"max_hp_gain":0,"max_hp_loss":0,"event_name":"Transmorgrifier","floor":36,"gold_loss":0,"cards_obtained":["Offering"]},{"damage_healed":0,"gold_gain":0,"player_choice":"Fight","damage_taken":0,"max_hp_gain":0,"max_hp_loss":0,"event_name":"MindBloom","floor":41,"gold_loss":0},{"damage_healed":0,"gold_gain":0,"player_choice":"Fight","damage_taken":0,"max_hp_gain":0,"max_hp_loss":0,"event_name":"Mysterious Sphere","floor":42,"gold_loss":0},{"damage_healed":0,"gold_gain":0,"player_choice":"Ignored","damage_taken":0,"max_hp_gain":0,"max_hp_loss":0,"event_name":"Tomb of Lord Red Mask","floor":44,"gold_loss":0}],"is_beta":false,"boss_relics":[{"not_picked":["Tiny House","Velvet Choker"],"picked":"Runic Pyramid"},{"not_picked":["Mark of Pain","Coffee Dripper"],"picked":"Fusion Hammer"}],"items_purged_floors":[0,14,54],"is_endless":false,"potions_floor_spawned":[5,12,13,18,21,28,31,33,38,39,40,47],"ascension_level":20}}