{"host":"uikxj58mzlixykyi","time":1609850152,"event":{"mods":["AchievementEnabler","BaseMod","BetterRewards","Colored Map","Colored Powertips","Downfall","Highlight Path","Minty Spire (QoL Compilation)","Rare Cards Sparkle","Replay The Spire","Shop Mod","StSLib"],"gold_per_floor":[99,119,137,147,165,265,288,288,306,306,373,391,441,504,515,610,610,610,630,647,665,727,741,741,809,809,199,273,323,323,337,337,432,432,432,506,556,416,435,435,435,485,499,572,200,217,237,253,267,267],"floor_reached":51,"playtime":2272,"items_purged":["Slimebound:Defend_Slimebound","Delirium","Slimebound:Defend_Slimebound"],"score":1069,"play_id":"d0911547-f240-4bc5-98a8-64eceaa88457","local_time":"20210105143552","is_ascension_mode":true,"campfire_choices":[{"data":"Slimebound:CorrosiveSpit","floor":1.0,"key":"SMITH"},{"data":"Slimebound:Split","floor":8,"key":"SMITH"},{"data":"Slimebound:SplitBruiser","floor":10,"key":"SMITH"},{"data":"Slimebound:Overexert","floor":18,"key":"SMITH"},{"data":"Slimebound:FormOfPuddle","floor":26,"key":"SMITH"},{"data":"Slimebound:SplitLeeching","floor":30,"key":"SMITH"},{"data":"Slimebound:TagTeam","floor":35,"key":"SMITH"},{"data":"Slimebound:Darklings","floor":40,"key":"SMITH"}],"circlet_count":0,"master_deck":["Slimebound:Strike_Slimebound","Slimebound:Strike_Slimebound","Slimebound:Strike_Slimebound","Slimebound:Tackle","Slimebound:Defend_Slimebound","Slimebound:Split+1","Slimebound:CorrosiveSpit+1","Slimebound:SplitLeeching","Slimebound:SplitBruiser+1","Slimebound:FormOfPuddle+1","Slimebound:Overexert+1","Slimebound:SlimeBarrage+1","Slimebound:SplitLeeching+1","Slimebound:SplitMire","Slimebound:SplitBruiser","Slimebound:RejuvenatingLick+1","Slimebound:SplitMire+1","Slimebound:SplitAcid","Slimebound:TagTeam+1","Slimebound:SamplingLick+1","Slimebound:OozeBath","Slimebound:SamplingLick+1","Slimebound:Darklings+1","Slimebound:Darklings","Slimebound:DivideAndConquer+1","Slimebound:SplitBruiser+1","Replay:SS_hec_2","expansioncontent:DashGenerateEvil","Slimebound:ServeAndProtect+1","Slimebound:FormOfPuddle"],"relics":["Slimebound:AbsorbEndCombatUpgraded","downfall:CloakOfManyFaces","CultistMask","FaceOfCleric","NlothsMask","GremlinMask","SsserpentHead","Meat on the Bone","Slimebound:TarBlob","Mummified Hand","Incense Burner","MerchantsRug","Orichalcum","Durian","Ring of Chaos","Ring of Peace","Slimebound:AggressiveSlimeRelic","Orrery","Iron Hammer","Blue Doll"],"acts_visited":["Exordium","TheCity","TheBeyond"],"potions_floor_usage":[6,27,32,33,38,38,50],"damage_taken":[{"damage":4.0,"enemies":"Cultist","floor":2.0,"turns":3.0},{"damage":8.0,"enemies":"2 Louse","floor":3.0,"turns":2.0},{"damage":10.0,"enemies":"Jaw Worm","floor":4.0,"turns":4.0},{"damage":23.0,"enemies":"Lots of Slimes","floor":5.0,"turns":4.0},{"damage":33,"enemies":"downfall:FaceTrader","floor":6,"turns":11},{"damage":27,"enemies":"Gremlin Gang","floor":9,"turns":4},{"damage":14,"enemies":"Exordium Thugs","floor":11,"turns":3},{"damage":6,"enemies":"3 Louse","floor":12,"turns":3},{"damage":12,"enemies":"Blue Slaver","floor":14,"turns":3},{"damage":17,"enemies":"Large Slime","floor":15,"turns":3},{"damage":63,"enemies":"downfall:Watcher","floor":16,"turns":10},{"damage":24,"enemies":"Spheric Guardian","floor":19,"turns":3},{"damage":20,"enemies":"Chosen","floor":20,"turns":2},{"damage":18,"enemies":"Snecko","floor":21,"turns":4},{"damage":39,"enemies":"Centurion and Healer","floor":22,"turns":4},{"damage":21,"enemies":"Snake Plant","floor":23,"turns":3},{"damage":43,"enemies":"Cultist and Chosen","floor":25,"turns":5},{"damage":46,"enemies":"downfall:FleeingMerchant","floor":27,"turns":4},{"damage":32,"enemies":"Sentry and Sphere","floor":31,"turns":3},{"damage":0,"enemies":"Snake Plant","floor":32,"turns":1},{"damage":63,"enemies":"downfall:Silent","floor":33,"turns":6},{"damage":0,"enemies":"downfall:FleeingMerchant","floor":38,"turns":4},{"damage":6,"enemies":"Orb Walker","floor":39,"turns":3},{"damage":0,"enemies":"3 Shapes","floor":43,"turns":2},{"damage":0,"enemies":"Spire Growth","floor":46,"turns":3},{"damage":0,"enemies":"Transient","floor":47,"turns":5},{"damage":0,"enemies":"4 Shapes","floor":48,"turns":2},{"damage":0,"enemies":"Sphere and 2 Shapes","floor":49,"turns":5},{"damage":0,"enemies":"downfall:Defect","floor":50,"turns":6}],"seed_played":"8272334323692879155","potions_obtained":[{"floor":0.0,"key":"LiquidMemories"},{"floor":0.0,"key":"Strength Potion"},{"floor":0.0,"key":"Slimebound:SpawnSlimePotion"},{"floor":3.0,"key":"Fire Potion"},{"floor":6,"key":"Guardian:BlockOnCardUsePotion"},{"floor":9,"key":"EntropicBrew"}],"is_trial":false,"path_per_floor":["R","M","M","M","M","?","T","R","M","R","M","M","T","M","M","B",null,"R","M","M","M","M","M","T","M","R","$","T","?","R","M","M","B",null,"R","?","?","$","M","R","T","?","M","T","$","M","M","M","M","B",null],"character_chosen":"SLIMEBOUND","items_purchased":["Incense Burner","MerchantsRug","SmokeBomb","Slimebound:AggressiveSlimeRelic","Swift Potion","Orrery","Slimebound:SplitBruiser+1","Replay:SS_hec_2","expansioncontent:DashGenerateEvil"],"campfire_rested":0,"item_purchase_floors":[27,27,27,38,38,38,45,45,45],"current_hp_per_floor":[54,60,56,60,49,60,60,60,61,61,62,63,63,63,65,49,62,62,63,66,67,67,68,68,59,59,69,69,69,69,70,71,61,72,72,77,77,82,77,77,77,77,84,84,84,85,86,87,88,89],"gold":267,"neow_bonus":"THREE_SMALL_POTIONS","is_daily":false,"chose_seed":false,"campfire_upgraded":8,"win_rate":0.0,"timestamp":1609850152,"path_taken":["R","M","?","M","M","?","T","R","M","R","?","M","?","?","M","BOSS","R","M","M","M","?","M","T","?","R","?","?","?","R","M","M","BOSS","R","?","?","$","M","R","T","?","M","?","?","M","M","M","M","BOSS"],"items_purchased_type":["Relic","Relic","Potion","Relic","Potion","Relic","Card","Card","Card"],"build_version":"2020-12-22","purchased_purges":3,"victory":true,"max_hp_per_floor":[60,60,60,60,60,60,60,60,61,61,62,63,63,64,65,66,66,66,67,68,69,70,71,71,72,72,73,73,73,73,74,75,76,76,76,81,81,82,83,83,83,83,84,84,84,85,86,87,88,89],"card_choices":[{"not_picked":["Slimebound:HungryTackle","Slimebound:RejuvenatingLick","Slimebound:GoopTackle"],"picked":"SKIP","floor":2.0},{"not_picked":["Slimebound:GoopTackle","Slimebound:DivideAndConquer","Slimebound:SlimeBrawl"],"picked":"SKIP","floor":3.0},{"not_picked":["Slimebound:Prepare","Slimebound:Recollect"],"picked":"Slimebound:SplitLeeching","floor":4.0},{"not_picked":["Slimebound:PressTheAttack","Slimebound:SamplingLick","Slimebound:HauntingLick"],"picked":"SKIP","floor":5.0},{"not_picked":["Slimebound:GrowthPunch","Slimebound:SplitAcid"],"picked":"Slimebound:SplitBruiser","floor":9},{"not_picked":["Slimebound:LevelUp","Slimebound:DivideAndConquer","Slimebound:ServeAndProtect"],"picked":"SKIP","floor":11},{"not_picked":["Slimebound:SplitLeeching","Slimebound:GrowthPunch"],"picked":"Slimebound:FormOfPuddle","floor":12},{"not_picked":["Slimebound:Equalize","Slimebound:Repurpose"],"picked":"Slimebound:Overexert","floor":14},{"not_picked":["Slimebound:Schlurp","Slimebound:FlameTackle","Slimebound:DisruptingSlam"],"picked":"SKIP","floor":15},{"not_picked":["Slimebound:LevelUp","Slimebound:DivideAndConquer+1"],"picked":"Slimebound:SlimeBarrage+1","floor":19},{"not_picked":["Slimebound:GoopSpray","Slimebound:SlimeSpikes"],"picked":"Slimebound:SplitLeeching","floor":20},{"not_picked":["Slimebound:ComboTackle+1","Slimebound:LeechEnergy+1"],"picked":"Slimebound:SplitMire","floor":21},{"not_picked":["Slimebound:SlimeBrawl","Slimebound:AcidTongue+1"],"picked":"Slimebound:SplitBruiser","floor":22},{"not_picked":["Slimebound:SlimeSpikes","Slimebound:SamplingLick","Slimebound:ViciousTackle"],"picked":"SKIP","floor":23},{"not_picked":["Slimebound:SlimeSlap","Slimebound:PressTheAttack"],"picked":"Slimebound:RejuvenatingLick+1","floor":25},{"not_picked":["Slimebound:FirmFortitude","Slimebound:SamplingLick+1"],"picked":"Slimebound:SplitMire+1","floor":27},{"not_picked":["Slimebound:SplitMire","Slimebound:SplitBruiser","Slimebound:ServeAndProtect"],"picked":"SKIP","floor":31},{"not_picked":["Slimebound:OozeBath","Slimebound:CheckThePlaybook"],"picked":"Slimebound:TagTeam","floor":33},{"not_picked":["Slimebound:Dissolve","Slimebound:DivideAndConquer+1"],"picked":"Slimebound:SamplingLick+1","floor":38},{"not_picked":["Slimebound:SlimeSpikes+1","Slimebound:PressTheAttack+1"],"picked":"Slimebound:OozeBath","floor":38},{"not_picked":["Slimebound:SplitLeeching+1","Slimebound:ViciousTackle"],"picked":"Slimebound:SamplingLick+1","floor":38},{"not_picked":["Slimebound:SlimeSpikes+1","Slimebound:ProtectTheBoss+1"],"picked":"Slimebound:Darklings","floor":38},{"not_picked":["Slimebound:LeechingTouch","Slimebound:Gluttony+1","Slimebound:RollThrough+1"],"picked":"SKIP","floor":39},{"not_picked":["Slimebound:ComboTackle+1","Slimebound:SplitAcid+1"],"picked":"Slimebound:DivideAndConquer+1","floor":43},{"not_picked":["Slimebound:GrowthPunch","Slimebound:RollThrough","Slimebound:SplitAcid"],"picked":"SKIP","floor":46},{"not_picked":["Slimebound:LeechEnergy","Slimebound:LeechingTouch","Slimebound:GoopSpray"],"picked":"SKIP","floor":47},{"not_picked":["Slimebound:ViciousTackle+1","Slimebound:SplitAcid+1"],"picked":"Slimebound:ServeAndProtect+1","floor":48},{"not_picked":["Slimebound:SplitLeeching","Slimebound:SpikyOuterGoop"],"picked":"Slimebound:FormOfPuddle","floor":49}],"player_experience":109249,"relics_obtained":[{"floor":6,"key":"downfall:CloakOfManyFaces"},{"floor":13,"key":"Meat on the Bone"},{"floor":24,"key":"Mummified Hand"},{"floor":28,"key":"Orichalcum"},{"floor":36,"key":"Durian"},{"floor":37,"key":"Ring of Chaos"},{"floor":37,"key":"Ring of Peace"},{"floor":41,"key":"Iron Hammer"},{"floor":44,"key":"Blue Doll"}],"event_choices":[{"damage_healed":0,"gold_gain":0,"cards_transformed":["Slimebound:Defend_Slimebound"],"player_choice":"Transformed","damage_taken":0,"max_hp_gain":0,"max_hp_loss":0,"event_name":"Transmorgrifier","floor":29,"gold_loss":0,"cards_obtained":["Slimebound:SplitAcid"]}],"is_beta":false,"boss_relics":[{"not_picked":["Pandora\u0027s Box","Runic Dome"],"picked":"Slimebound:TarBlob"},{"not_picked":["Black Star","ReplayTheSpireMod:DimensionalGlitch"],"picked":"Slimebound:AbsorbEndCombatUpgraded"}],"items_purged_floors":[27,38,45],"is_endless":false,"potions_floor_spawned":[3,6,9,14,15,16,21,22,31,43,46,47],"ascension_level":9}}