{"host":"lqbszw1tv2isqkrb","time":1609834610,"event":{"mods":["BaseMod","Downfall","Hermit","Hubris","Minty Spire (QoL Compilation)","Quick Restart","StSLib","The Animator","The Hierophant"],"gold_per_floor":[118,193,210,229,248,278,228,228,228,263,278,248,248,52,52,52,52],"floor_reached":16,"playtime":464,"items_purged":["Strike_R"],"score":127,"play_id":"d573a7e0-f2d0-45db-8434-cae00dbcca2e","local_time":"20210105031650","is_ascension_mode":true,"campfire_choices":[{"data":"Reaper","floor":8.0,"key":"SMITH"},{"floor":15,"key":"REST"}],"circlet_count":0,"master_deck":["Strike_R","Strike_R","Strike_R","Defend_R","Defend_R","Defend_R","Defend_R","Bash","Heavy Blade","Reaper+1","Whirlwind","Feed"],"relics":["Burning Blood","NeowsBlessing","PreservedInsect","InkBottle","hubris:Towel"],"acts_visited":["Exordium"],"potions_floor_usage":[11,12,12,16],"damage_taken":[{"damage":0.0,"enemies":"2 Louse","floor":1.0,"turns":1.0},{"damage":0.0,"enemies":"Cultist","floor":3.0,"turns":1.0},{"damage":0.0,"enemies":"Small Slimes","floor":4.0,"turns":1.0},{"damage":20.0,"enemies":"3 Louse","floor":5.0,"turns":4.0},{"damage":20.0,"enemies":"Gremlin Nob","floor":6.0,"turns":4.0},{"damage":50,"enemies":"Lagavulin","floor":10,"turns":7},{"damage":14,"enemies":"Blue Slaver","floor":11,"turns":5},{"damage":8,"enemies":"Looter","floor":12,"turns":4},{"damage":44,"enemies":"The Guardian","floor":16,"turns":9}],"seed_played":"-7052282779556409818","potions_obtained":[{"floor":1.0,"key":"Strength Potion"},{"floor":5.0,"key":"Guardian:BlockOnCardUsePotion"},{"floor":10,"key":"PowerPotion"},{"floor":11,"key":"Dexterity Potion"}],"is_trial":false,"path_per_floor":["M","?","M","M","M","E","?","R","T","E","M","M","?","$","R","B"],"character_chosen":"IRONCLAD","items_purchased":["Feed","PowerPotion"],"campfire_rested":1,"item_purchase_floors":[14,14],"current_hp_per_floor":[80,72,78,80,66,52,52,52,52,13,10,13,13,13,37,0,0],"gold":52,"neow_bonus":"THREE_ENEMY_KILL","is_daily":false,"chose_seed":false,"campfire_upgraded":1,"win_rate":0.0,"timestamp":1609834610,"path_taken":["M","?","?","?","M","E","?","R","T","E","M","M","?","$","R","BOSS"],"items_purchased_type":["Card","Potion"],"build_version":"2020-12-22","purchased_purges":1,"victory":false,"max_hp_per_floor":[80,80,80,80,80,80,80,80,80,80,80,80,80,80,80,80,80],"card_choices":[{"not_picked":["Second Wind","Pommel Strike","Perfected Strike"],"picked":"SKIP","floor":1.0},{"not_picked":["Perfected Strike","Cleave","Rampage"],"picked":"SKIP","floor":3.0},{"not_picked":["Wild Strike","Uppercut","Clash"],"picked":"SKIP","floor":4.0},{"not_picked":["Perfected Strike","Uppercut"],"picked":"Heavy Blade","floor":5.0},{"not_picked":["Heavy Blade","Armaments"],"picked":"Reaper","floor":6.0},{"not_picked":["Warcry","Armaments"],"picked":"Whirlwind","floor":10},{"not_picked":["Clash","Clothesline","Power Through"],"picked":"SKIP","floor":11},{"not_picked":["hubris:ReadiedAction","Power Through","Disarm"],"picked":"SKIP","floor":12}],"player_experience":405661,"relics_obtained":[{"floor":6.0,"key":"PreservedInsect"},{"floor":10,"key":"InkBottle"}],"event_choices":[{"damage_healed":0.0,"max_hp_gain":0.0,"max_hp_loss":0.0,"gold_gain":75.0,"event_name":"FaceTrader","player_choice":"Touch","floor":2.0,"gold_loss":0.0,"damage_taken":8.0},{"cards_removed":["Strike_R"],"damage_healed":0.0,"max_hp_gain":0.0,"max_hp_loss":0.0,"gold_gain":0.0,"event_name":"The Cleric","player_choice":"Card Removal","floor":7.0,"gold_loss":50.0,"damage_taken":0.0}],"is_beta":false,"boss_relics":[],"items_purged_floors":[14],"is_endless":false,"potions_floor_spawned":[1,5,10,11],"killed_by":"The Guardian","ascension_level":3}}