{"host":"yp47u74hk6n79vj1","time":1609833274,"event":{"mods":["BaseMod","Colored Map","Highlight Path","Minty Spire (QoL Compilation)"],"gold_per_floor":[110,110,129,129,21,21,56,66,66,79,93,125,141,156,156,256,256,275,286,286,286,286],"floor_reached":21,"playtime":589,"items_purged":["Pain"],"score":251,"play_id":"9b1f636e-212e-4b63-9f6d-a106d4f4a5cb","local_time":"20210105025434","is_ascension_mode":true,"campfire_choices":[{"floor":6,"key":"RECALL"},{"data":"Disarm","floor":15,"key":"SMITH"}],"circlet_count":0,"master_deck":["Strike_R","Strike_R","Strike_R","Strike_R","Defend_R","Defend_R","Defend_R","Defend_R","Ghostly Armor","Whirlwind","Burning Pact","Battle Trance","Spot Weakness","Disarm+1","Juggernaut"],"relics":["Burning Blood","NeowsBlessing","WarpedTongs","The Courier","Mercury Hourglass","Black Star"],"acts_visited":["Exordium","TheCity"],"potions_floor_usage":[11,12,18],"damage_taken":[{"damage":0,"enemies":"2 Louse","floor":1,"turns":1},{"damage":0,"enemies":"Small Slimes","floor":3,"turns":1},{"damage":0,"enemies":"Gremlin Nob","floor":7,"turns":1},{"damage":1,"enemies":"Cultist","floor":8,"turns":4},{"damage":0,"enemies":"Gremlin Gang","floor":10,"turns":1},{"damage":7,"enemies":"Looter","floor":11,"turns":4},{"damage":42,"enemies":"Lagavulin","floor":12,"turns":8},{"damage":8,"enemies":"Blue Slaver","floor":13,"turns":4},{"damage":0,"enemies":"Gremlin Gang","floor":14,"turns":1},{"damage":29,"enemies":"Hexaghost","floor":16,"turns":13},{"damage":43,"enemies":"3 Byrds","floor":18,"turns":4},{"damage":31,"enemies":"2 Thieves","floor":19,"turns":4},{"damage":20,"enemies":"Chosen and Byrds","floor":21,"turns":6}],"seed_played":"5155698440169791013","potions_obtained":[{"floor":7,"key":"EssenceOfSteel"},{"floor":8,"key":"GamblersBrew"},{"floor":10,"key":"ColorlessPotion"},{"floor":16,"key":"PowerPotion"}],"is_trial":false,"path_per_floor":["M","?","M","?","$","R","E","M","T","M","M","E","M","M","R","B",null,"M","M","?","M"],"character_chosen":"IRONCLAD","items_purchased":["Ghostly Armor"],"campfire_rested":0,"item_purchase_floors":[5],"current_hp_per_floor":[80,73,79,79,79,79,80,80,80,80,79,43,41,47,47,24,80,43,18,18,0,0],"gold":286,"neow_bonus":"THREE_ENEMY_KILL","is_daily":false,"chose_seed":false,"campfire_upgraded":1,"win_rate":0.0,"timestamp":1609833274,"path_taken":["M","?","M","?","$","R","E","?","T","?","M","E","M","M","R","BOSS","M","M","?","M"],"items_purchased_type":["Card"],"build_version":"2020-12-22","purchased_purges":1,"victory":false,"max_hp_per_floor":[80,80,80,80,80,80,80,80,80,80,80,80,80,80,80,80,80,80,80,80,80,80],"card_choices":[{"not_picked":["Perfected Strike","Havoc","Flex"],"picked":"SKIP","floor":1},{"not_picked":["Perfected Strike","Anger","Immolate"],"picked":"SKIP","floor":3},{"not_picked":["Heavy Blade","Dark Embrace"],"picked":"Whirlwind","floor":7},{"not_picked":["Reckless Charge","Dual Wield"],"picked":"Burning Pact","floor":8},{"not_picked":["Twin Strike","Havoc"],"picked":"Battle Trance","floor":10},{"not_picked":["Twin Strike","Clothesline","Pommel Strike"],"picked":"SKIP","floor":11},{"not_picked":["Warcry","Inflame"],"picked":"Spot Weakness","floor":12},{"not_picked":["Clothesline","Heavy Blade"],"picked":"Disarm","floor":13},{"not_picked":["Feel No Pain","Perfected Strike","Dual Wield"],"picked":"SKIP","floor":14},{"not_picked":["Exhume","Impervious"],"picked":"Juggernaut","floor":16},{"not_picked":["Havoc","Clothesline","Wild Strike+1"],"picked":"SKIP","floor":18},{"not_picked":["Pummel","Wild Strike","Perfected Strike"],"picked":"SKIP","floor":19}],"player_experience":596296,"relics_obtained":[{"floor":7,"key":"The Courier"},{"floor":12,"key":"Mercury Hourglass"}],"event_choices":[{"cards_removed":["Bash"],"damage_healed":0,"gold_gain":0,"player_choice":"Card Removal","damage_taken":7,"max_hp_gain":0,"max_hp_loss":0,"event_name":"Golden Wing","floor":2,"gold_loss":0},{"damage_healed":0,"gold_gain":0,"player_choice":"Rummage","damage_taken":0,"relics_obtained":["WarpedTongs"],"max_hp_gain":0,"max_hp_loss":0,"event_name":"Accursed Blacksmith","floor":4,"gold_loss":0,"cards_obtained":["Pain"]},{"cards_removed":["Strike_R"],"damage_healed":0,"gold_gain":0,"player_choice":"Elegance","damage_taken":0,"max_hp_gain":0,"max_hp_loss":0,"event_name":"Back to Basics","floor":20,"gold_loss":0}],"is_beta":false,"boss_relics":[{"not_picked":["Sozu","SacredBark"],"picked":"Black Star"}],"items_purged_floors":[5],"is_endless":false,"potions_floor_spawned":[7,8,10,16],"killed_by":"Chosen and Byrds","ascension_level":3}}