{"host":"crmowuwgj9wiiaqp","time":1609889154,"event":{"mods":["BaseMod","ChefMod","Mathematician","Minty Spire (QoL Compilation)","StSLib"],"gold_per_floor":[114,114,125,142,67,67,85,85,85,118,138,138,152,227,227,332,332,345,345,358,358,39,39,68,81,105,105,30,30,60,79,79,179,179,195,214,139,158,158,158,191,191,191,206,233,283,283,314,314,314],"floor_reached":51,"playtime":2945,"items_purged":["chefmod:OrderUp"],"score":862,"play_id":"89c748b8-4a20-4f96-be40-5aa93c1a1b00","local_time":"20210105162554","is_ascension_mode":true,"campfire_choices":[{"data":"chefmod:KnifeFlurry","floor":6,"key":"SMITH"},{"data":"chefmod:QuickThaw","floor":8,"key":"SMITH"},{"data":"chefmod:FreshProduce","floor":12,"key":"SMITH"},{"data":"chefmod:Ratatouille","floor":15,"key":"SMITH"},{"data":"Enlightenment","floor":23,"key":"SMITH"},{"data":"chefmod:Mince","floor":27,"key":"SMITH"},{"data":"chefmod:FiveAlarmChili","floor":29,"key":"SMITH"},{"data":"chefmod:FrozenTuna","floor":32,"key":"SMITH"},{"data":"chefmod:Escargot","floor":40,"key":"SMITH"},{"data":"chefmod:FrozenTuna","floor":42,"key":"SMITH"},{"data":"1","floor":47,"key":"LIFT"},{"data":"2","floor":49,"key":"LIFT"}],"circlet_count":0,"master_deck":["chefmod:QuickThaw+1","chefmod:TodaysSpecial","chefmod:KnifeFlurry+1","chefmod:DinoKale","chefmod:HotSoup","chefmod:FreshProduce+1","chefmod:Ratatouille+1","chefmod:BaoBuns+1","chefmod:Mince+1","chefmod:FiveAlarmChili+1","chefmod:Granita","chefmod:OldCookbook","Enlightenment+1","chefmod:AllYouCanEat","chefmod:FrozenTuna+1","chefmod:FrozenTuna+1","chefmod:PrepCook","chefmod:Escargot+1","chefmod:OrderUp","chefmod:CuttingBoard","chefmod:SliceAndDice","chefmod:FreshProduce","chefmod:CapreseSalad+1","chefmod:AllYouCanEat","chefmod:CleanHouse+1"],"relics":["chefmod:TrustyPot","FaceOfCleric","Bottled Tornado","Calipers","Runic Pyramid","Lantern","Incense Burner","Bronze Scales","Pantograph","Pandora\u0027s Box","Shuriken","Happy Flower","War Paint","Girya","Bag of Marbles"],"acts_visited":["Exordium","TheCity","TheBeyond"],"potions_floor_usage":[16,33,50],"damage_taken":[{"damage":8,"enemies":"2 Louse","floor":1,"turns":3},{"damage":1,"enemies":"Cultist","floor":3,"turns":5},{"damage":0,"enemies":"Jaw Worm","floor":4,"turns":4},{"damage":2,"enemies":"Blue Slaver","floor":7,"turns":5},{"damage":22,"enemies":"Gremlin Nob","floor":10,"turns":4},{"damage":5,"enemies":"Looter","floor":11,"turns":2},{"damage":7,"enemies":"Exordium Wildlife","floor":13,"turns":4},{"damage":19,"enemies":"Hexaghost","floor":16,"turns":13},{"damage":2,"enemies":"Shell Parasite","floor":18,"turns":7},{"damage":8,"enemies":"Spheric Guardian","floor":20,"turns":4},{"damage":10,"enemies":"Book of Stabbing","floor":24,"turns":3},{"damage":5,"enemies":"Chosen and Byrds","floor":25,"turns":8},{"damage":14,"enemies":"Slavers","floor":30,"turns":4},{"damage":0,"enemies":"Snecko","floor":31,"turns":3},{"damage":5,"enemies":"Collector","floor":33,"turns":6},{"damage":19,"enemies":"3 Darklings","floor":35,"turns":4},{"damage":2,"enemies":"3 Shapes","floor":36,"turns":1},{"damage":19,"enemies":"Jaw Worm Horde","floor":38,"turns":3},{"damage":7,"enemies":"Giant Head","floor":41,"turns":3},{"damage":0,"enemies":"Sphere and 2 Shapes","floor":44,"turns":2},{"damage":8,"enemies":"Reptomancer","floor":45,"turns":3},{"damage":0,"enemies":"Mind Bloom Boss Battle","floor":46,"turns":5},{"damage":0,"enemies":"Giant Head","floor":48,"turns":2},{"damage":6,"enemies":"Donu and Deca","floor":50,"turns":4}],"seed_played":"-9106010209682959823","potions_obtained":[{"floor":1,"key":"DuplicationPotion"},{"floor":7,"key":"LiquidMemories"},{"floor":11,"key":"Regen Potion"},{"floor":20,"key":"Fire Potion"},{"floor":33,"key":"Energy Potion"}],"is_trial":false,"path_per_floor":["M","?","M","M","$","R","M","R","T","E","M","R","M","?","R","B",null,"M","?","M","?","$","R","E","M","T","R","$","R","E","M","R","B",null,"M","M","$","M","?","R","E","R","T","M","E","?","R","E","R","B",null],"character_chosen":"THE_CHEF","items_purchased":["chefmod:FreshProduce","chefmod:OldCookbook","Enlightenment","Lantern","chefmod:FrozenTuna"],"campfire_rested":0,"item_purchase_floors":[5,22,22,22,28],"current_hp_per_floor":[75,75,75,76,76,76,75,75,75,54,50,50,44,33,33,15,90,89,89,82,82,82,82,73,69,69,69,69,69,56,57,57,78,97,79,78,78,60,60,60,54,54,54,55,48,74,74,75,75,101],"gold":314,"neow_bonus":"TEN_PERCENT_HP_BONUS","is_daily":false,"chose_seed":false,"campfire_upgraded":10,"win_rate":0.0,"timestamp":1609889154,"path_taken":["M","?","?","M","$","R","M","R","T","E","M","R","M","?","R","BOSS","M","?","M","?","$","R","E","M","T","R","?","R","E","M","R","BOSS","M","M","$","M","?","R","E","R","T","M","E","?","R","E","R","BOSS"],"items_purchased_type":["Card","Card","Card","Relic","Card"],"build_version":"2020-12-22","purchased_purges":1,"victory":true,"max_hp_per_floor":[83,83,84,85,85,85,86,86,86,87,88,88,89,89,89,90,90,91,91,92,92,92,92,93,94,94,94,94,94,95,96,96,97,97,98,99,99,100,95,95,96,96,96,97,98,99,99,100,100,101],"card_choices":[{"not_picked":["chefmod:OldCookbook","chefmod:Bruschetta"],"picked":"chefmod:KnifeFlurry","floor":1},{"not_picked":["chefmod:SliceAndDice","chefmod:FryPan"],"picked":"chefmod:DinoKale","floor":3},{"not_picked":["chefmod:FreezerBurn","chefmod:Sorbet"],"picked":"chefmod:HotSoup","floor":4},{"not_picked":["chefmod:Granita","chefmod:Fillet","chefmod:FireUp"],"picked":"SKIP","floor":7},{"not_picked":["chefmod:Canape","chefmod:HotSoup"],"picked":"chefmod:Ratatouille","floor":10},{"not_picked":["chefmod:LiquidNitrogen","chefmod:FireUp"],"picked":"chefmod:BaoBuns","floor":11},{"not_picked":["chefmod:Defrost","chefmod:IcePick","chefmod:SliceAndDice"],"picked":"SKIP","floor":13},{"not_picked":["chefmod:CapreseSalad","chefmod:DeepFreeze"],"picked":"chefmod:Mince","floor":16},{"not_picked":["chefmod:QuickChop+1","chefmod:Julienne","chefmod:SliceAndDice"],"picked":"SKIP","floor":18},{"not_picked":["chefmod:Chop+1","chefmod:GroceryDelivery"],"picked":"chefmod:FiveAlarmChili","floor":20},{"not_picked":["chefmod:FireUp","chefmod:Gelato"],"picked":"chefmod:AllYouCanEat","floor":24},{"not_picked":["chefmod:FryPan","chefmod:ColdSteel+1","chefmod:IcePick"],"picked":"SKIP","floor":25},{"not_picked":["chefmod:IcePick","chefmod:BaoBuns"],"picked":"chefmod:FrozenTuna","floor":30},{"not_picked":["chefmod:ColdSteel","chefmod:Gelato","chefmod:IcePick"],"picked":"SKIP","floor":31},{"not_picked":["chefmod:RaidPantry","chefmod:BananaSplit"],"picked":"chefmod:PrepCook","floor":33},{"not_picked":["chefmod:Fillet+1","chefmod:DinoKale+1","chefmod:CayenneCloud+1"],"picked":"SKIP","floor":35},{"not_picked":["chefmod:Flambe","chefmod:Escargot+1","chefmod:Cleavers"],"picked":"SKIP","floor":36},{"not_picked":["chefmod:FullBurn","chefmod:OldCookbook","chefmod:SliceAndDice"],"picked":"SKIP","floor":38},{"not_picked":["chefmod:ZaruSoba","chefmod:Flambe","chefmod:Defrost"],"picked":"SKIP","floor":41},{"not_picked":["chefmod:Sorbet+1","chefmod:Gelato+1","chefmod:NoSoupForYou+1"],"picked":"SKIP","floor":44},{"not_picked":["chefmod:DinoKale+1","chefmod:DimSum"],"picked":"chefmod:CleanHouse+1","floor":45},{"not_picked":["chefmod:ColdSteel+1","chefmod:CapreseSalad","chefmod:OldCookbook"],"picked":"SKIP","floor":48}],"player_experience":1401306,"relics_obtained":[{"floor":9,"key":"Bottled Tornado"},{"floor":10,"key":"Calipers"},{"floor":24,"key":"Incense Burner"},{"floor":26,"key":"Bronze Scales"},{"floor":30,"key":"Pantograph"},{"floor":41,"key":"Shuriken"},{"floor":43,"key":"Happy Flower"},{"floor":45,"key":"War Paint"},{"floor":46,"key":"Girya"},{"floor":48,"key":"Bag of Marbles"}],"event_choices":[{"damage_healed":0,"gold_gain":0,"player_choice":"Trade","damage_taken":0,"relics_obtained":["FaceOfCleric"],"max_hp_gain":0,"max_hp_loss":0,"event_name":"FaceTrader","floor":2,"gold_loss":0},{"damage_healed":0,"gold_gain":75,"player_choice":"Gather Gold","damage_taken":11,"max_hp_gain":0,"max_hp_loss":0,"event_name":"World of Goop","floor":14,"gold_loss":0},{"damage_healed":0,"gold_gain":0,"player_choice":"Ignored","damage_taken":0,"max_hp_gain":0,"max_hp_loss":0,"event_name":"Ghosts","floor":19,"gold_loss":0},{"damage_healed":0,"gold_gain":0,"player_choice":"Read","damage_taken":0,"max_hp_gain":0,"max_hp_loss":0,"event_name":"The Library","floor":21,"gold_loss":0,"cards_obtained":["chefmod:Granita"]},{"damage_healed":0,"gold_gain":0,"player_choice":"Max HP","damage_taken":0,"max_hp_gain":0,"max_hp_loss":5,"event_name":"Winding Halls","floor":39,"gold_loss":0},{"damage_healed":0,"gold_gain":0,"player_choice":"Fight","damage_taken":0,"max_hp_gain":0,"max_hp_loss":0,"event_name":"MindBloom","floor":46,"gold_loss":0}],"is_beta":false,"boss_relics":[{"not_picked":["Black Star","Runic Dome"],"picked":"Runic Pyramid"},{"not_picked":["Calling Bell","Empty Cage"],"picked":"Pandora\u0027s Box"}],"items_purged_floors":[37],"is_endless":false,"potions_floor_spawned":[1,7,11,13,20,30,31,33,36,46,48],"ascension_level":1}}