{"host":"ad59wuc8ynh8u2z6","time":1609807094,"event":{"mods":["AchievementEnabler","BaseMod","Colored Powertips","DeckTracker","Highlight Path","Minty Spire (QoL Compilation)","Permanent Neow"],"gold_per_floor":[10,20,31,31,99,133,152,186,186,186,186,186,111,146,146,246,246,266,286,302,322,322,322,349,349,349,368,402,416,442,459,459,557,557,569,329,329,329],"floor_reached":37,"playtime":2479,"items_purged":["Strike_B"],"score":496,"play_id":"bc1c3163-da0f-403c-982b-1dd37bcbeff4","local_time":"20210105013814","is_ascension_mode":true,"campfire_choices":[{"data":"Consume","floor":10.0,"key":"SMITH"},{"data":"Biased Cognition","floor":12.0,"key":"SMITH"},{"data":"Amplify","floor":15.0,"key":"SMITH"},{"data":"Fission","floor":23.0,"key":"SMITH"},{"data":"Reboot","floor":25.0,"key":"SMITH"},{"data":"Machine Learning","floor":32.0,"key":"SMITH"}],"circlet_count":0,"master_deck":["Strike_B","Strike_B","Defend_B","Defend_B","Defend_B","Defend_B","Zap","Dualcast","Ball Lightning","Steam","Stack","Consume+1","Biased Cognition+1","Steam","Cold Snap","Ball Lightning","Scrape","Amplify+1","FTL","Reboot+1","Cold Snap","Coolheaded","Conserve Battery+1","Fission+1","Cold Snap+1","Tempest","Capacitor+1","Self Repair","Skim","Machine Learning+1","Compile Driver+1","Coolheaded","Reboot","Double Energy","Lockon+1","Echo Form","Conserve Battery+1","Lockon+1"],"relics":["Cracked Core","Prayer Wheel","Bottled Tornado","Kunai","Happy Flower","Matryoshka","Incense Burner","Pantograph","Inserter","Ginger","Bag of Marbles","Blood Vial","Nunchaku","Tiny Chest","Velvet Choker","Pear"],"acts_visited":["Exordium","TheCity","TheBeyond"],"potions_floor_usage":[],"damage_taken":[{"damage":1.0,"enemies":"2 Louse","floor":1.0,"turns":2.0},{"damage":0.0,"enemies":"Jaw Worm","floor":2.0,"turns":2.0},{"damage":0.0,"enemies":"Cultist","floor":3.0,"turns":2.0},{"damage":9.0,"enemies":"Lagavulin","floor":6.0,"turns":5.0},{"damage":2.0,"enemies":"Blue Slaver","floor":7.0,"turns":3.0},{"damage":8.0,"enemies":"Gremlin Nob","floor":8.0,"turns":3.0},{"damage":15.0,"enemies":"Lagavulin","floor":14.0,"turns":4.0},{"damage":8.0,"enemies":"The Guardian","floor":16.0,"turns":8.0},{"damage":19.0,"enemies":"3 Byrds","floor":18.0,"turns":5.0},{"damage":4.0,"enemies":"Spheric Guardian","floor":19.0,"turns":3.0},{"damage":0.0,"enemies":"Shelled Parasite and Fungi","floor":20.0,"turns":7.0},{"damage":15.0,"enemies":"Snecko","floor":21.0,"turns":4.0},{"damage":13.0,"enemies":"Book of Stabbing","floor":24.0,"turns":6.0},{"damage":0.0,"enemies":"Chosen and Byrds","floor":27.0,"turns":5.0},{"damage":10.0,"enemies":"Gremlin Leader","floor":28.0,"turns":6.0},{"damage":0.0,"enemies":"Sentry and Sphere","floor":29.0,"turns":3.0},{"damage":27.0,"enemies":"Slavers","floor":30.0,"turns":5.0},{"damage":0.0,"enemies":"Snecko","floor":31.0,"turns":4.0},{"damage":36.0,"enemies":"Automaton","floor":33.0,"turns":9.0},{"damage":17.0,"enemies":"Orb Walker","floor":35.0,"turns":3.0},{"damage":20,"enemies":"2 Orb Walkers","floor":37,"turns":3}],"seed_played":"4666011531412203935","potions_obtained":[{"floor":2.0,"key":"LiquidMemories"},{"floor":6.0,"key":"Ancient Potion"},{"floor":14.0,"key":"EssenceOfSteel"},{"floor":19.0,"key":"Fire Potion"},{"floor":22.0,"key":"Ancient Potion"},{"floor":24.0,"key":"FocusPotion"}],"is_trial":false,"path_per_floor":["M","M","M","?","T","E","M","E","T","R","?","R","$","E","R","B",null,"M","M","M","M","?","R","E","R","T","M","E","M","E","M","R","B",null,"M","$","?"],"character_chosen":"DEFECT","items_purchased":["Pear"],"campfire_rested":0,"item_purchase_floors":[36],"current_hp_per_floor":[74,74,74,74,74,65,63,55,55,55,37,37,37,22,22,39,75,56,52,52,37,37,37,24,24,24,33,32,34,23,25,25,16,75,58,68,50,50],"gold":329,"neow_bonus":"ONE_RARE_RELIC","is_daily":false,"chose_seed":false,"campfire_upgraded":6,"win_rate":0.0,"timestamp":1609807094,"path_taken":["M","M","M","?","?","E","?","E","T","R","?","R","$","E","R","BOSS","M","M","M","M","?","R","E","R","T","M","E","?","E","M","R","BOSS","M","$","?"],"items_purchased_type":["Relic"],"build_version":"2020-12-22","purchased_purges":1,"victory":false,"max_hp_per_floor":[75,75,75,75,75,75,75,75,75,75,75,75,75,75,75,75,75,75,75,75,75,75,75,75,75,75,75,75,75,75,75,75,75,75,75,85,85,85],"card_choices":[{"not_picked":["Scrape","Sunder"],"picked":"Ball Lightning","floor":1.0},{"not_picked":["Turbo","Streamline","Steam"],"picked":"SKIP","floor":1.0},{"not_picked":["Turbo","Streamline"],"picked":"Steam","floor":1.0},{"not_picked":["Rebound","Barrage"],"picked":"Stack","floor":2.0},{"not_picked":["Leap","Sunder"],"picked":"Consume","floor":2.0},{"not_picked":["Cold Snap","Go for the Eyes"],"picked":"Biased Cognition","floor":3.0},{"not_picked":["Ball Lightning","Leap"],"picked":"Steam","floor":3.0},{"not_picked":["Barrage","Leap"],"picked":"Cold Snap","floor":6.0},{"not_picked":["Compile Driver","Force Field"],"picked":"Ball Lightning","floor":7.0},{"not_picked":["Turbo","Cold Snap"],"picked":"Scrape","floor":7.0},{"not_picked":["Chaos","Steam"],"picked":"Amplify","floor":8.0},{"not_picked":["Sunder","Beam Cell"],"picked":"FTL","floor":14.0},{"not_picked":["Amplify","All For One"],"picked":"Reboot","floor":16.0},{"not_picked":["Steam","Rebound+1"],"picked":"Cold Snap","floor":18.0},{"not_picked":["Gash","Static Discharge"],"picked":"Coolheaded","floor":18.0},{"not_picked":["Hologram","Redo"],"picked":"Conserve Battery+1","floor":19.0},{"not_picked":["Steam+1","Leap"],"picked":"Fission","floor":19.0},{"not_picked":["Go for the Eyes","Rip and Tear"],"picked":"Cold Snap+1","floor":20.0},{"not_picked":["Blizzard","Stack"],"picked":"Tempest","floor":20.0},{"not_picked":["Static Discharge","Melter+1"],"picked":"Capacitor+1","floor":21.0},{"not_picked":["Beam Cell","Leap+1","Static Discharge"],"picked":"SKIP","floor":21.0},{"not_picked":["Hologram","Turbo"],"picked":"Self Repair","floor":24.0},{"not_picked":["Heatsinks","Lockon"],"picked":"Skim","floor":27.0},{"not_picked":["Heatsinks","Streamline","Conserve Battery"],"picked":"SKIP","floor":27.0},{"not_picked":["Static Discharge","Barrage+1"],"picked":"Machine Learning","floor":28.0},{"not_picked":["Streamline","Scrape+1"],"picked":"Compile Driver+1","floor":29.0},{"not_picked":["Cold Snap","Go for the Eyes"],"picked":"Coolheaded","floor":29.0},{"not_picked":["Steam Power","Blizzard"],"picked":"Reboot","floor":30.0},{"not_picked":["Barrage","Ball Lightning"],"picked":"Double Energy","floor":31.0},{"not_picked":["Hologram+1","Beam Cell"],"picked":"Lockon+1","floor":31.0},{"not_picked":["Seek","Creative AI"],"picked":"Echo Form","floor":33.0},{"not_picked":["Melter","Redo"],"picked":"Conserve Battery+1","floor":35},{"not_picked":["Rebound","Rip and Tear"],"picked":"Lockon+1","floor":35}],"player_experience":30195,"relics_obtained":[{"floor":5.0,"key":"Bottled Tornado"},{"floor":6.0,"key":"Kunai"},{"floor":8.0,"key":"Happy Flower"},{"floor":9.0,"key":"Matryoshka"},{"floor":14.0,"key":"Pantograph"},{"floor":24.0,"key":"Ginger"},{"floor":26.0,"key":"Bag of Marbles"},{"floor":26.0,"key":"Blood Vial"},{"floor":28.0,"key":"Nunchaku"},{"floor":30.0,"key":"Tiny Chest"}],"event_choices":[{"cards_removed":["Strike_B"],"damage_healed":0.0,"max_hp_gain":0.0,"max_hp_loss":0.0,"gold_gain":0.0,"event_name":"Living Wall","player_choice":"Forget","floor":4.0,"gold_loss":0.0,"damage_taken":0.0},{"damage_healed":0.0,"max_hp_gain":0.0,"max_hp_loss":0.0,"gold_gain":0.0,"event_name":"Scrap Ooze","player_choice":"Success","floor":11.0,"gold_loss":0.0,"damage_taken":18.0,"relics_obtained":["Incense Burner"]},{"damage_healed":0.0,"max_hp_gain":0.0,"max_hp_loss":0.0,"gold_gain":0.0,"event_name":"Lab","player_choice":"Got Potions","floor":22.0,"gold_loss":0.0,"damage_taken":0.0},{"damage_healed":0,"gold_gain":0,"player_choice":"Fight","damage_taken":0,"max_hp_gain":0,"max_hp_loss":0,"event_name":"Mysterious Sphere","floor":37,"gold_loss":0}],"is_beta":false,"boss_relics":[{"not_picked":["Calling Bell","Busted Crown"],"picked":"Inserter"},{"not_picked":["Empty Cage","Astrolabe"],"picked":"Velvet Choker"}],"items_purged_floors":[13],"is_endless":false,"potions_floor_spawned":[2,6,14,16,19,24,30,31],"killed_by":"2 Orb Walkers","ascension_level":1}}