{"host":"c74k1426u5comtjm","time":1609840465,"event":{"mods":["AchievementEnabler","BaseMod","Block Reminder","Colored Map","Colored Powertips","DeckTracker","Friendly Minions","GifTheSpireLib","Highlight Path","Minty Spire (QoL Compilation)","Permanent Neow","Random Character Button","Relic Stats","Slay-I","Spire Birthday Party","StSLib","everything is the same but u backflip on backflip"],"gold_per_floor":[114,125,125,139,139,139,168,93,119,135,135,35,66,43,43,141,141,154,154,170,170,170,170,189,217,217,217,227,239,265,265,265,361,361,381,393,189,189,189,222,222,257,257,291,302,347,0,16,16,16,16,16,16,50,50],"floor_reached":56,"playtime":4800,"items_purged":["Strike_B","Strike_B"],"score":1359,"play_id":"cdea6458-5c1a-42fc-a12b-328d37d89e86","local_time":"20210105015425","is_ascension_mode":true,"campfire_choices":[{"data":"Zap","floor":6.0,"key":"SMITH"},{"data":"Dualcast","floor":11.0,"key":"SMITH"},{"floor":15.0,"key":"REST"},{"data":"Defragment","floor":23.0,"key":"SMITH"},{"floor":27.0,"key":"REST"},{"data":"Capacitor","floor":32.0,"key":"SMITH"},{"floor":41,"key":"RECALL"},{"floor":49,"key":"REST"},{"floor":52,"key":"REST"}],"circlet_count":0,"master_deck":["Defend_B+1","Defend_B+1","Zap+1","Dualcast+1","Conserve Battery+1","Ball Lightning","Ball Lightning","Coolheaded","Thunder Strike","Cold Snap","Biased Cognition","Defragment+1","Gash","Capacitor+1","Genetic Algorithm+1","Amplify","Go for the Eyes+1","Coolheaded","Core Surge","Coolheaded+1","Apotheosis","Parasite","Noxious Fumes+1","Sucker Punch+1"],"relics":["Cracked Core","Regal Pillow","War Paint","Kunai","Runic Pyramid","Bag of Preparation","Ornamental Fan","Gremlin Horn","Fusion Hammer","ClockworkSouvenir","Thread and Needle","Oddly Smooth Stone","Mummified Hand","Bird Faced Urn","PrismaticShard","Boot"],"acts_visited":["TheCity","TheBeyond","TheEnding"],"potions_floor_usage":[55,55,55],"damage_taken":[{"damage":0.0,"enemies":"Jaw Worm","floor":1.0,"turns":3.0},{"damage":5.0,"enemies":"Small Slimes","floor":2.0,"turns":3.0},{"damage":1.0,"enemies":"2 Louse","floor":4.0,"turns":3.0},{"damage":8.0,"enemies":"Gremlin Nob","floor":7.0,"turns":4.0},{"damage":0.0,"enemies":"Exordium Wildlife","floor":10.0,"turns":3.0},{"damage":11.0,"enemies":"3 Sentries","floor":13.0,"turns":6.0},{"damage":27.0,"enemies":"Slime Boss","floor":16.0,"turns":11.0},{"damage":0.0,"enemies":"Spheric Guardian","floor":18.0,"turns":3.0},{"damage":2.0,"enemies":"3 Byrds","floor":20.0,"turns":4.0},{"damage":8.0,"enemies":"Centurion and Healer","floor":24.0,"turns":5.0},{"damage":16.0,"enemies":"Gremlin Leader","floor":25.0,"turns":6.0},{"damage":3.0,"enemies":"Snake Plant","floor":28.0,"turns":4.0},{"damage":6.0,"enemies":"Shelled Parasite and Fungi","floor":29.0,"turns":4.0},{"damage":0.0,"enemies":"Book of Stabbing","floor":30.0,"turns":5.0},{"damage":23.0,"enemies":"Collector","floor":33.0,"turns":8.0},{"damage":6,"enemies":"3 Darklings","floor":35,"turns":4},{"damage":0,"enemies":"3 Shapes","floor":36,"turns":5},{"damage":0,"enemies":"Nemesis","floor":40,"turns":9},{"damage":0,"enemies":"Giant Head","floor":42,"turns":8},{"damage":0,"enemies":"Reptomancer","floor":44,"turns":5},{"damage":0,"enemies":"Spire Growth","floor":45,"turns":5},{"damage":0,"enemies":"2 Orb Walkers","floor":46,"turns":5},{"damage":0,"enemies":"Writhing Mass","floor":48,"turns":7},{"damage":15,"enemies":"Time Eater","floor":50,"turns":11},{"damage":27,"enemies":"Shield and Spear","floor":54,"turns":7},{"damage":4,"enemies":"The Heart","floor":55,"turns":9}],"seed_played":"-8941910181238524102","potions_obtained":[{"floor":2.0,"key":"Dexterity Potion"},{"floor":4.0,"key":"AttackPotion"},{"floor":7.0,"key":"Block Potion"},{"floor":24.0,"key":"SteroidPotion"},{"floor":36,"key":"Regen Potion"},{"floor":45,"key":"Strength Potion"},{"floor":48,"key":"SteroidPotion"}],"is_trial":false,"path_per_floor":["M","M","?","M","?","R","E","$","T","M","R","$","E","$","R","B",null,"M","?","M","?","$","R","M","E","T","R","M","M","E","$","R","B",null,"M","M","$","?","?","E","R","E","T","E","M","?","$","M","R","B",null,"R","$","E","B",null],"character_chosen":"DEFECT","items_purchased":["Cold Snap","ClockworkSouvenir","Coolheaded","Apotheosis","PrismaticShard"],"campfire_rested":4,"item_purchase_floors":[14,37,37,47,47],"current_hp_per_floor":[75,70,55,54,54,54,46,46,46,46,46,46,35,35,72,45,75,75,75,73,73,73,73,65,49,49,75,72,66,66,66,66,43,75,69,69,69,69,69,69,69,69,69,69,69,69,69,75,75,70,75,75,75,52,73],"gold":50,"neow_bonus":"THREE_CARDS","is_daily":false,"chose_seed":false,"campfire_upgraded":4,"win_rate":0.0,"timestamp":1609840465,"path_taken":["M","M","?","M","?","R","E","$","T","M","R","$","E","?","R","BOSS","M","?","M","?","$","R","M","E","T","R","?","M","E","$","R","BOSS","M","M","$","?","?","E","R","E","T","E","M","?","?","M","R","BOSS","R","$","E","BOSS"],"items_purchased_type":["Card","Relic","Card","Card","Relic"],"build_version":"2020-12-22","purchased_purges":2,"victory":true,"max_hp_per_floor":[75,75,75,75,75,75,75,75,75,75,75,75,75,75,75,75,75,75,75,75,75,75,75,75,75,75,75,75,75,75,75,75,75,75,75,75,75,75,75,75,75,75,75,75,75,75,75,75,75,75,75,75,75,75,75],"relic_stats":{"Regal Pillow":19,"Gremlin Horn":[11,12],"counters":[26,147],"Ornamental Fan":[140],"Mummified Hand":[40],"Bird Faced Urn":[31],"Bag of Preparation":[30],"Kunai":[38],"War Paint":["Defend_B","Defend_B"],"Boot":[2],"obtain_stats":[{"Regal Pillow":7,"Gremlin Horn":30,"Oddly Smooth Stone":42,"Thread and Needle":40,"Bag of Preparation":25,"War Paint":9,"PrismaticShard":47,"Boot":54,"ClockworkSouvenir":37,"Ornamental Fan":26,"Mummified Hand":44,"Bird Faced Urn":46,"Fusion Hammer":34,"Kunai":13,"Cracked Core":0,"Runic Pyramid":17},{"Regal Pillow":4,"Gremlin Horn":14,"Oddly Smooth Stone":19,"Thread and Needle":18,"Bag of Preparation":11,"War Paint":4,"PrismaticShard":22,"Boot":25,"ClockworkSouvenir":17,"Ornamental Fan":11,"Mummified Hand":20,"Bird Faced Urn":22,"Fusion Hammer":15,"Kunai":6,"Cracked Core":0,"Runic Pyramid":7},{"Regal Pillow":13,"Gremlin Horn":64,"Oddly Smooth Stone":98,"Thread and Needle":90,"Bag of Preparation":51,"War Paint":13,"PrismaticShard":113,"Boot":138,"ClockworkSouvenir":81,"Ornamental Fan":51,"Mummified Hand":103,"Bird Faced Urn":113,"Fusion Hammer":72,"Kunai":22,"Cracked Core":0,"Runic Pyramid":33}]},"card_choices":[{"not_picked":["Reprogram","Redo"],"picked":"Conserve Battery","floor":0.0},{"not_picked":["Compile Driver","Sunder"],"picked":"Ball Lightning","floor":1.0},{"not_picked":["Redo","Barrage","Leap"],"picked":"SKIP","floor":2.0},{"not_picked":["Compile Driver","Consume"],"picked":"Ball Lightning","floor":4.0},{"not_picked":["Barrage","Beam Cell","Storm"],"picked":"SKIP","floor":7.0},{"not_picked":["Gash","Darkness"],"picked":"Coolheaded","floor":10.0},{"not_picked":["Reprogram","Conserve Battery"],"picked":"Thunder Strike","floor":13.0},{"not_picked":["Thunder Strike","Meteor Strike"],"picked":"Biased Cognition","floor":16.0},{"not_picked":["Aggregate","Conserve Battery+1"],"picked":"Compile Driver","floor":18.0},{"not_picked":["Steam+1","Storm","Coolheaded"],"picked":"SKIP","floor":20.0},{"not_picked":["Steam","Hologram","Sweeping Beam"],"picked":"SKIP","floor":24.0},{"not_picked":["Skim","Tempest","Conserve Battery"],"picked":"SKIP","floor":25.0},{"not_picked":["Aggregate","Buffer"],"picked":"Capacitor","floor":28.0},{"not_picked":["Compile Driver","Rebound+1","Steam"],"picked":"SKIP","floor":29.0},{"not_picked":["Stack+1","Conserve Battery"],"picked":"Genetic Algorithm+1","floor":30.0},{"not_picked":["Buffer","Machine Learning"],"picked":"Amplify","floor":33.0},{"not_picked":["Coolheaded","Steam Power+1"],"picked":"Go for the Eyes+1","floor":35},{"not_picked":["Conserve Battery","Compile Driver","Beam Cell"],"picked":"SKIP","floor":36},{"not_picked":["Melter","Thunder Strike","Gash"],"picked":"SKIP","floor":40},{"not_picked":["Streamline+1","Coolheaded","Storm+1"],"picked":"SKIP","floor":42},{"not_picked":["Hello World+1","Darkness+1"],"picked":"Core Surge","floor":44},{"not_picked":["Stack","Hologram+1"],"picked":"Coolheaded+1","floor":45},{"not_picked":["Quick Slash","Lockon+1"],"picked":"Noxious Fumes+1","floor":48},{"not_picked":["Trip+1","SignatureMove"],"picked":"Sucker Punch+1","floor":54}],"player_experience":604315,"relics_obtained":[{"floor":7.0,"key":"Regal Pillow"},{"floor":9.0,"key":"War Paint"},{"floor":13.0,"key":"Kunai"},{"floor":25.0,"key":"Bag of Preparation"},{"floor":26.0,"key":"Ornamental Fan"},{"floor":30.0,"key":"Gremlin Horn"},{"floor":40,"key":"Thread and Needle"},{"floor":42,"key":"Oddly Smooth Stone"},{"floor":44,"key":"Mummified Hand"},{"floor":46,"key":"Bird Faced Urn"},{"floor":54,"key":"Boot"}],"event_choices":[{"damage_healed":0.0,"max_hp_gain":0.0,"max_hp_loss":0.0,"gold_gain":0.0,"event_name":"Shining Light","player_choice":"Entered Light","floor":3.0,"gold_loss":0.0,"damage_taken":15.0,"cards_upgraded":["Strike_B","Conserve Battery"]},{"cards_removed":["Strike_B"],"damage_healed":0.0,"max_hp_gain":0.0,"max_hp_loss":0.0,"gold_gain":0.0,"event_name":"Living Wall","player_choice":"Forget","floor":5.0,"gold_loss":0.0,"damage_taken":0.0},{"damage_healed":0.0,"max_hp_gain":0.0,"max_hp_loss":0.0,"gold_gain":0.0,"cards_transformed":["Strike_B","Defend_B"],"event_name":"Drug Dealer","player_choice":"Became Test Subject","floor":19.0,"gold_loss":0.0,"damage_taken":0.0,"cards_obtained":["Defragment","Gash"]},{"cards_removed":["Defend_B"],"damage_healed":0.0,"max_hp_gain":0.0,"max_hp_loss":0.0,"gold_gain":0.0,"event_name":"Back to Basics","player_choice":"Elegance","floor":21.0,"gold_loss":0.0,"damage_taken":0.0},{"cards_removed":["Compile Driver"],"damage_healed":0,"gold_gain":0,"player_choice":"Removed Attack","damage_taken":0,"max_hp_gain":0,"max_hp_loss":0,"event_name":"Falling","floor":38,"gold_loss":0},{"damage_healed":0,"gold_gain":0,"player_choice":"Ignored","damage_taken":0,"max_hp_gain":0,"max_hp_loss":0,"event_name":"Tomb of Lord Red Mask","floor":39,"gold_loss":0},{"damage_healed":0,"gold_gain":0,"player_choice":"Fight","damage_taken":0,"max_hp_gain":0,"max_hp_loss":0,"event_name":"Mysterious Sphere","floor":46,"gold_loss":0}],"is_beta":false,"boss_relics":[{"not_picked":["FrozenCore","Busted Crown"],"picked":"Runic Pyramid"},{"not_picked":["Calling Bell","Inserter"],"picked":"Fusion Hammer"}],"items_purged_floors":[8,12],"is_endless":false,"potions_floor_spawned":[2,4,7,24,25,29,36,45,48,54],"ascension_level":1}}