{"host":"u4pncpybdtxxvw4r","time":1609885911,"event":{"mods":["AchievementEnabler","BaseMod","Block Reminder","Colored Powertips","Downfall","Marisa£®ÏF”Í°°ƒß¿Ì…≥£©","Minty Spire (QoL Compilation)","Permanent Neow","Potion Indicator Mod","Rare Cards Sparkle","StSLib","SuperFastMode"],"gold_per_floor":[115,43,58,72,85,102,102,122,122,138,168,168,168,178,178,282,282,298,4,23,23,122,157,4,4,27,27,27,39,39,52,52,52,52],"floor_reached":33,"playtime":1068,"items_purged":[],"score":269,"play_id":"ab69eba6-33f9-4420-8502-8f436f1ae998","local_time":"20210106063151","is_ascension_mode":false,"campfire_choices":[{"floor":7.0,"key":"RECALL"},{"floor":12.0,"key":"REST"},{"floor":15.0,"key":"REST"},{"floor":30.0,"key":"REST"},{"floor":32.0,"key":"REST"}],"circlet_count":0,"master_deck":["Defend_G","Defend_G","Defend_G","Defend_G","Defend_G","Survivor","Neutralize","expansioncontent:GuardianWhirl","Bouncing Flask","Bouncing Flask","Poisoned Stab","Noxious Fumes","Noxious Fumes","Deadly Poison","Adrenaline","Poisoned Stab","Noxious Fumes","Slimebound:Tackle+1","Slimebound:Tackle+1","Slimebound:Tackle+1","Blur+1","Necronomicurse"],"relics":["Ring of the Snake","Oddly Smooth Stone","Busted Crown","Frozen Egg 2","Gambling Chip","Vajra","Bottled Flame","Ancient Tea Set","Necronomicon"],"acts_visited":["Exordium","TheCity"],"potions_floor_usage":[],"damage_taken":[{"damage":2.0,"enemies":"Jaw Worm","floor":1.0,"turns":4.0},{"damage":0.0,"enemies":"2 Louse","floor":3.0,"turns":1.0},{"damage":10.0,"enemies":"Small Slimes","floor":4.0,"turns":3.0},{"damage":0.0,"enemies":"3 Louse","floor":5.0,"turns":1.0},{"damage":7.0,"enemies":"Looter","floor":6.0,"turns":4.0},{"damage":0.0,"enemies":"2 Fungi Beasts","floor":8.0,"turns":2.0},{"damage":5.0,"enemies":"3 Louse","floor":10.0,"turns":4.0},{"damage":13.0,"enemies":"Lagavulin","floor":11.0,"turns":5.0},{"damage":3.0,"enemies":"Red Slaver","floor":14.0,"turns":3.0},{"damage":23.0,"enemies":"Hexaghost","floor":16.0,"turns":7.0},{"damage":0.0,"enemies":"3 Byrds","floor":18.0,"turns":3.0},{"damage":7.0,"enemies":"Spheric Guardian","floor":20.0,"turns":3.0},{"damage":35.0,"enemies":"Slavers","floor":23.0,"turns":4.0},{"damage":10.0,"enemies":"Snake Plant","floor":29.0,"turns":3.0},{"damage":11.0,"enemies":"Centurion and Healer","floor":31.0,"turns":5.0},{"damage":35,"enemies":"Collector","floor":33,"turns":3}],"seed_played":"-424110606707951218","potions_obtained":[{"floor":3.0,"key":"Strength Potion"},{"floor":4.0,"key":"SteroidPotion"},{"floor":6.0,"key":"champ:CounterPotion"},{"floor":14.0,"key":"Energy Potion"},{"floor":16.0,"key":"Weak Potion"},{"floor":31.0,"key":"FearPotion"}],"is_trial":false,"path_per_floor":["M","$","M","M","M","M","R","M","T","M","E","R","?","M","R","B",null,"M","$","M","?","?","E","$","T","T","$","?","M","R","M","R","B"],"character_chosen":"THE_SILENT","items_purchased":["Bouncing Flask","Noxious Fumes","Frozen Egg 2","Vajra"],"campfire_rested":4,"item_purchase_floors":[2,19,19,24],"current_hp_per_floor":[68,68,68,58,58,51,51,51,51,46,33,54,47,44,65,42,70,70,70,63,63,63,28,28,28,28,28,12,2,23,12,33,0,0],"gold":52,"neow_bonus":"RANDOM_COLORLESS","is_daily":false,"chose_seed":false,"campfire_upgraded":0,"win_rate":0.0,"timestamp":1609885911,"path_taken":["M","$","M","M","M","M","R","M","T","M","E","R","?","M","R","BOSS","M","$","M","?","?","E","$","?","T","$","?","?","R","M","R","BOSS"],"items_purchased_type":["Card","Card","Relic","Relic"],"build_version":"2020-12-22","purchased_purges":0,"victory":false,"max_hp_per_floor":[70,70,70,70,70,70,70,70,70,70,70,70,70,70,70,70,70,70,70,70,70,70,70,70,70,70,70,70,70,70,70,70,70,70],"card_choices":[{"not_picked":["expansioncontent:Sear","expansioncontent:AwakenDeath"],"picked":"expansioncontent:GuardianWhirl","floor":0.0},{"not_picked":["Masterful Stab","Underhanded Strike"],"picked":"Bouncing Flask","floor":1.0},{"not_picked":["Prepared","Eviscerate"],"picked":"Poisoned Stab","floor":3.0},{"not_picked":["PiercingWail","Predator"],"picked":"Noxious Fumes","floor":4.0},{"not_picked":["Accuracy","Prepared","Skewer"],"picked":"SKIP","floor":5.0},{"not_picked":["Cloak And Dagger","Sucker Punch"],"picked":"Noxious Fumes","floor":6.0},{"not_picked":["Slice","Masterful Stab","Blade Dance"],"picked":"SKIP","floor":8.0},{"not_picked":["Underhanded Strike","Outmaneuver","Accuracy"],"picked":"SKIP","floor":10.0},{"not_picked":["Acrobatics","Quick Slash","Masterful Stab"],"picked":"SKIP","floor":11.0},{"not_picked":["Crippling Poison","Sucker Punch"],"picked":"Deadly Poison","floor":14.0},{"not_picked":["Doppelganger","Malaise"],"picked":"Adrenaline","floor":16.0},{"not_picked":[],"picked":"Poisoned Stab","floor":18.0},{"not_picked":["Expertise"],"picked":"SKIP","floor":20.0},{"not_picked":[],"picked":"Blur+1","floor":23.0},{"not_picked":["Underhanded Strike"],"picked":"SKIP","floor":29.0},{"not_picked":["Flying Knee+1"],"picked":"SKIP","floor":31.0}],"player_experience":41588,"relics_obtained":[{"floor":11.0,"key":"Oddly Smooth Stone"},{"floor":23.0,"key":"Gambling Chip"},{"floor":25.0,"key":"Bottled Flame"},{"floor":26.0,"key":"Ancient Tea Set"},{"floor":28.0,"key":"Necronomicon"}],"event_choices":[{"cards_removed":["Strike_G"],"damage_healed":0.0,"max_hp_gain":0.0,"max_hp_loss":0.0,"gold_gain":0.0,"event_name":"Golden Wing","player_choice":"Card Removal","floor":13.0,"gold_loss":0.0,"damage_taken":7.0},{"damage_healed":0.0,"max_hp_gain":0.0,"max_hp_loss":0.0,"gold_gain":99.0,"event_name":"Nest","player_choice":"Stole From Cult","floor":22.0,"gold_loss":0.0,"damage_taken":0.0},{"damage_healed":0.0,"max_hp_gain":0.0,"max_hp_loss":0.0,"gold_gain":0.0,"event_name":"Cursed Tome","player_choice":"Obtained Book","floor":28.0,"gold_loss":0.0,"damage_taken":16.0}],"is_beta":false,"boss_relics":[{"not_picked":["Astrolabe","WristBlade"],"picked":"Busted Crown"}],"items_purged_floors":[],"is_endless":false,"potions_floor_spawned":[3,4,6,14,16,18,31],"killed_by":"Collector","ascension_level":0}}