{"host":"kg61lsvem4dxoat8","time":1609842454,"event":{"mods":["BaseMod","Colored Powertips","Minty Spire (QoL Compilation)","Quick Restart","Rare Cards Sparkle","Relic Stats","slay the spire mod where everything is the same but ironclad has a cowboy hat"],"gold_per_floor":[118,193,193,203,153,183,196,196,274,274,292,318,346,386,386,498,498,527,527,527,442,33,73,73,112,112,211,211,211,231,247,247,350,350,374,424,253,253,253,253,274,274,274,274,17,44,44,88,88,88],"floor_reached":51,"playtime":1558,"items_purged":["Deadly Poison","Strike_G+1","Catalyst+1"],"score":1220,"play_id":"ce829f9e-9103-416c-838b-0b7e5a6019e1","local_time":"20210105182734","is_ascension_mode":true,"campfire_choices":[{"data":"Crippling Poison","floor":8,"key":"SMITH"},{"data":"Blade Dance","floor":10,"key":"SMITH"},{"floor":15,"key":"REST"},{"floor":24,"key":"REST"},{"floor":28,"key":"REST"},{"floor":32,"key":"REST"},{"floor":40,"key":"REST"},{"floor":47,"key":"REST"},{"floor":49,"key":"REST"}],"circlet_count":0,"master_deck":["AscendersBane","Strike_G+1","Defend_G+1","Defend_G+1","Defend_G+1","Defend_G+1","Defend_G+1","Survivor","Crippling Poison+1","Backflip","Blade Dance+1","Slice","A Thousand Cuts","Blade Dance+1","Flash of Steel","Cloak And Dagger","Venomology","Caltrops","Footwork","Blur","Escape Plan","Backstab","Backstab"],"relics":["Ring of the Snake","NeowsBlessing","Bronze Scales","Ninja Scroll","CeramicFish","Shuriken","Fusion Hammer","White Beast Statue","Nunchaku","War Paint","Oddly Smooth Stone","Strawberry","Empty Cage","Incense Burner","StrikeDummy","Juzu Bracelet","Kunai"],"acts_visited":["Exordium","TheCity","TheBeyond"],"potions_floor_usage":[12,12,16,18,25,30,31,33,36,41,41,48,48,50,50,50],"damage_taken":[{"damage":0,"enemies":"Small Slimes","floor":1,"turns":1},{"damage":0,"enemies":"Jaw Worm","floor":4,"turns":1},{"damage":0,"enemies":"3 Sentries","floor":6,"turns":2},{"damage":2,"enemies":"2 Louse","floor":7,"turns":3},{"damage":2,"enemies":"Large Slime","floor":11,"turns":4},{"damage":20,"enemies":"Lagavulin","floor":12,"turns":4},{"damage":6,"enemies":"2 Fungi Beasts","floor":13,"turns":2},{"damage":13,"enemies":"3 Sentries","floor":14,"turns":7},{"damage":22,"enemies":"Hexaghost","floor":16,"turns":9},{"damage":5,"enemies":"Shell Parasite","floor":18,"turns":4},{"damage":39,"enemies":"Book of Stabbing","floor":23,"turns":5},{"damage":5,"enemies":"Gremlin Leader","floor":25,"turns":3},{"damage":8,"enemies":"2 Thieves","floor":30,"turns":3},{"damage":7,"enemies":"Centurion and Healer","floor":31,"turns":4},{"damage":80,"enemies":"Champ","floor":33,"turns":8},{"damage":2,"enemies":"Orb Walker","floor":35,"turns":2},{"damage":0,"enemies":"Mind Bloom Boss Battle","floor":36,"turns":7},{"damage":3,"enemies":"3 Darklings","floor":41,"turns":6},{"damage":10,"enemies":"Nemesis","floor":48,"turns":5},{"damage":54,"enemies":"Donu and Deca","floor":50,"turns":11}],"seed_played":"8081663773087403869","potions_obtained":[{"floor":1,"key":"SteroidPotion"},{"floor":7,"key":"Swift Potion"},{"floor":14,"key":"Energy Potion"},{"floor":16,"key":"Block Potion"},{"floor":23,"key":"DuplicationPotion"},{"floor":25,"key":"PowerPotion"},{"floor":30,"key":"PowerPotion"},{"floor":31,"key":"GamblersBrew"},{"floor":33,"key":"Ancient Potion"},{"floor":35,"key":"GamblersBrew"},{"floor":36,"key":"Swift Potion"},{"floor":41,"key":"Energy Potion"},{"floor":48,"key":"Regen Potion"}],"is_trial":false,"path_per_floor":["M","?","?","M","?","E","M","R","T","R","M","E","M","E","R","B",null,"M","?","?","?","$","E","R","E","T","?","R","?","M","M","R","B",null,"M","?","$","?","?","R","M","?","T","?","$","T","R","E","R","B",null],"character_chosen":"THE_SILENT","items_purchased":["Nunchaku","FairyPotion","Flash of Steel","Footwork","Escape Plan","Backstab"],"campfire_rested":7,"item_purchase_floors":[22,22,22,37,45,45],"current_hp_per_floor":[63,52,57,57,57,57,55,55,55,55,53,33,27,14,36,14,60,55,55,55,55,55,16,38,33,40,40,64,64,56,49,73,24,68,66,66,66,66,66,82,79,79,79,78,78,78,78,68,78,39],"gold":88,"neow_bonus":"THREE_ENEMY_KILL","is_daily":false,"chose_seed":false,"campfire_upgraded":2,"win_rate":0.0,"timestamp":1609842454,"path_taken":["M","?","?","M","?","E","M","R","T","R","M","E","M","E","R","BOSS","M","?","?","?","$","E","R","E","T","?","R","?","?","M","R","BOSS","M","?","$","?","?","R","?","?","T","?","?","?","R","E","R","BOSS"],"items_purchased_type":["Relic","Potion","Card","Card","Card","Card"],"build_version":"2020-12-22","purchased_purges":3,"victory":true,"max_hp_per_floor":[70,70,75,75,75,75,75,75,75,75,75,75,75,75,75,75,75,75,75,75,75,75,75,75,75,82,82,82,82,82,82,82,82,82,82,82,82,82,82,82,82,82,82,78,78,78,78,78,78,78],"relic_stats":{"Nunchaku":[23],"counters":[20,91],"Shuriken":[68],"Bronze Scales":[260],"CeramicFish":117,"Juzu Bracelet":0,"Kunai":[11],"War Paint":["Blade Dance","Catalyst"],"obtain_stats":[{"NeowsBlessing":0,"CeramicFish":12,"Oddly Smooth Stone":25,"Incense Burner":36,"Juzu Bracelet":46,"War Paint":23,"Empty Cage":34,"White Beast Statue":21,"Nunchaku":22,"Ninja Scroll":9,"Shuriken":14,"Bronze Scales":6,"Strawberry":26,"Fusion Hammer":17,"Kunai":48,"StrikeDummy":43,"Ring of the Snake":0},{"NeowsBlessing":0,"CeramicFish":6,"Oddly Smooth Stone":12,"Incense Burner":17,"Juzu Bracelet":18,"War Paint":11,"Empty Cage":15,"White Beast Statue":10,"Nunchaku":10,"Ninja Scroll":4,"Shuriken":8,"Bronze Scales":3,"Strawberry":12,"Fusion Hammer":9,"Kunai":19,"StrikeDummy":18,"Ring of the Snake":0},{"NeowsBlessing":0,"CeramicFish":15,"Oddly Smooth Stone":45,"Incense Burner":69,"Juzu Bracelet":75,"War Paint":42,"Empty Cage":60,"White Beast Statue":37,"Nunchaku":37,"Ninja Scroll":7,"Shuriken":24,"Bronze Scales":4,"Strawberry":45,"Fusion Hammer":33,"Kunai":80,"StrikeDummy":75,"Ring of the Snake":0}],"Ring of the Snake":[40]},"card_choices":[{"not_picked":["Dodge and Roll","Quick Slash"],"picked":"Crippling Poison","floor":1},{"not_picked":["Flying Knee","Dagger Throw","Well Laid Plans"],"picked":"SKIP","floor":4},{"not_picked":["Finisher","Distraction"],"picked":"Backflip","floor":6},{"not_picked":["Dagger Spray","Crippling Poison"],"picked":"Blade Dance","floor":7},{"not_picked":["Setup","Dagger Throw"],"picked":"Deadly Poison","floor":11},{"not_picked":["Doppelganger","Backflip","Prepared"],"picked":"SKIP","floor":12},{"not_picked":["Deadly Poison","Leg Sweep"],"picked":"Catalyst","floor":13},{"not_picked":["Flying Knee","PiercingWail"],"picked":"Slice","floor":14},{"not_picked":["Glass Knife","Unload"],"picked":"A Thousand Cuts","floor":16},{"not_picked":["Deflect","Dodge and Roll"],"picked":"Blade Dance","floor":18},{"not_picked":["Prepared","Setup"],"picked":"Cloak And Dagger","floor":23},{"not_picked":["Crippling Poison+1","Dagger Throw"],"picked":"Venomology","floor":25},{"not_picked":["Underhanded Strike","Quick Slash","Dagger Spray"],"picked":"SKIP","floor":30},{"not_picked":["Prepared","Poisoned Stab+1","Choke"],"picked":"SKIP","floor":31},{"not_picked":["Outmaneuver+1","Deadly Poison"],"picked":"Caltrops","floor":35},{"not_picked":["Predator","Tactician"],"picked":"Blur","floor":41},{"not_picked":["Endless Agony","Venomology"],"picked":"Backstab","floor":48}],"player_experience":1300506,"relics_obtained":[{"floor":6,"key":"Bronze Scales"},{"floor":9,"key":"Ninja Scroll"},{"floor":12,"key":"CeramicFish"},{"floor":14,"key":"Shuriken"},{"floor":23,"key":"War Paint"},{"floor":25,"key":"Oddly Smooth Stone"},{"floor":26,"key":"Strawberry"},{"floor":36,"key":"Incense Burner"},{"floor":43,"key":"StrikeDummy"},{"floor":46,"key":"Juzu Bracelet"},{"floor":48,"key":"Kunai"}],"event_choices":[{"damage_healed":0,"gold_gain":75,"player_choice":"Gather Gold","damage_taken":11,"max_hp_gain":0,"max_hp_loss":0,"event_name":"World of Goop","floor":2,"gold_loss":0},{"damage_healed":0,"gold_gain":0,"player_choice":"Donut","damage_taken":0,"max_hp_gain":5,"max_hp_loss":0,"event_name":"Big Fish","floor":3,"gold_loss":0},{"cards_removed":["Strike_G"],"damage_healed":0,"gold_gain":0,"player_choice":"Card Removal","damage_taken":0,"max_hp_gain":0,"max_hp_loss":0,"event_name":"The Cleric","floor":5,"gold_loss":50},{"damage_healed":0,"gold_gain":0,"player_choice":"Ignored","damage_taken":0,"max_hp_gain":0,"max_hp_loss":0,"event_name":"Vampires","floor":19,"gold_loss":0},{"damage_healed":0,"gold_gain":0,"player_choice":"Ignored","damage_taken":0,"max_hp_gain":0,"max_hp_loss":0,"event_name":"Cursed Tome","floor":20,"gold_loss":0},{"damage_healed":0,"gold_gain":0,"player_choice":"Obtained Relic","damage_taken":0,"relics_obtained":["White Beast Statue"],"max_hp_gain":0,"max_hp_loss":0,"event_name":"Addict","floor":21,"gold_loss":85},{"damage_healed":0,"gold_gain":99,"player_choice":"Stole From Cult","damage_taken":0,"max_hp_gain":0,"max_hp_loss":0,"event_name":"Nest","floor":27,"gold_loss":0},{"damage_healed":0,"gold_gain":0,"player_choice":"Simplicity","damage_taken":0,"max_hp_gain":0,"max_hp_loss":0,"event_name":"Back to Basics","floor":29,"gold_loss":0,"cards_upgraded":["Strike_G","Strike_G","Strike_G","Strike_G","Defend_G","Defend_G","Defend_G","Defend_G","Defend_G"]},{"damage_healed":0,"gold_gain":0,"player_choice":"Fight","damage_taken":0,"max_hp_gain":0,"max_hp_loss":0,"event_name":"MindBloom","floor":36,"gold_loss":0},{"damage_healed":0,"gold_gain":0,"player_choice":"Ignored","damage_taken":0,"max_hp_gain":0,"max_hp_loss":0,"event_name":"Tomb of Lord Red Mask","floor":38,"gold_loss":0},{"damage_healed":0,"gold_gain":0,"player_choice":"Ignored","damage_taken":0,"max_hp_gain":0,"max_hp_loss":0,"event_name":"Mysterious Sphere","floor":39,"gold_loss":0},{"cards_removed":["Neutralize"],"damage_healed":0,"gold_gain":0,"player_choice":"Removed Attack","damage_taken":0,"max_hp_gain":0,"max_hp_loss":0,"event_name":"Falling","floor":42,"gold_loss":0},{"damage_healed":0,"gold_gain":0,"player_choice":"Max HP","damage_taken":0,"max_hp_gain":0,"max_hp_loss":4,"event_name":"Winding Halls","floor":44,"gold_loss":0}],"is_beta":false,"boss_relics":[{"not_picked":["HoveringKite","Calling Bell"],"picked":"Fusion Hammer"},{"not_picked":["Ring of the Serpent","Pandora\u0027s Box"],"picked":"Empty Cage"}],"items_purged_floors":[22,37,45],"is_endless":false,"potions_floor_spawned":[1,7,11,14,16,23,25,30,31,33,35,36,41,48],"ascension_level":12}}