{"host":"gx7yyrn1gkym3qpb","time":1609838493,"event":{"mods":["AchievementEnabler","BaseMod","Better Altar","Better Match","Better Note","Better Sensory Stone","Better Skull","Better Third Choice","Highlight Path","Minty Spire (QoL Compilation)","Permanent Neow","Quick Restart","StSLib","Unceasing Turn Reminder"],"gold_per_floor":[112,128,144,144,144,169,169,179,179,207,42,61,73,93,93,167,167,179,189,207,207,207,235,235,263,290,305,323,352,368,378,378,451,451,466,46,46,57,70,102,102,115,115,126,151,151,151,181,181,181,181,181,4,4,4],"floor_reached":54,"playtime":2636,"items_purged":["Strike_B","Strike_B"],"score":1439,"play_id":"cf865374-5ced-485b-b562-e93b48e1365a","local_time":"20210105042133","is_ascension_mode":true,"campfire_choices":[{"floor":7,"key":"REST"},{"data":"Beam Cell","floor":15,"key":"SMITH"},{"data":"Biased Cognition","floor":24,"key":"SMITH"},{"data":"Biased Cognition","floor":32,"key":"SMITH"},{"data":"Capacitor","floor":41,"key":"SMITH"},{"data":"Defragment","floor":47,"key":"SMITH"},{"floor":49,"key":"RECALL"},{"data":"Creative AI","floor":52,"key":"SMITH"}],"circlet_count":0,"master_deck":["AscendersBane","Strike_B","Strike_B","Defend_B","Defend_B","Defend_B","Defend_B","Zap+1","Dualcast","Beam Cell+1","Ball Lightning","Reaper+1","Noxious Fumes+1","Reinforced Body","Conserve Battery","Core Surge","Biased Cognition+1","Barrage+1","Cold Snap","Auto Shields+1","Biased Cognition+1","Core Surge","Defragment+1","Creative AI+1","Defragment+1","Capacitor+1","Capacitor"],"relics":["Cracked Core","Nunchaku","Meat on the Bone","Cables","Anchor","SlaversCollar","PreservedInsect","Bag of Preparation","Centennial Puzzle","Sundial","Coffee Dripper","Bird Faced Urn","Art of War","Turnip","Pear"],"acts_visited":["Exordium","TheCity","TheBeyond","TheEnding"],"potions_floor_usage":[6,16,23,27,29],"damage_taken":[{"damage":7,"enemies":"Jaw Worm","floor":1,"turns":2},{"damage":3,"enemies":"2 Louse","floor":2,"turns":3},{"damage":0,"enemies":"Cultist","floor":3,"turns":3},{"damage":16,"enemies":"Gremlin Nob","floor":6,"turns":3},{"damage":8,"enemies":"Exordium Wildlife","floor":8,"turns":4},{"damage":26,"enemies":"3 Sentries","floor":10,"turns":7},{"damage":0,"enemies":"3 Louse","floor":12,"turns":2},{"damage":2,"enemies":"Lots of Slimes","floor":13,"turns":3},{"damage":2,"enemies":"Large Slime","floor":14,"turns":5},{"damage":39,"enemies":"Hexaghost","floor":16,"turns":7},{"damage":18,"enemies":"3 Byrds","floor":18,"turns":4},{"damage":9,"enemies":"Chosen","floor":19,"turns":5},{"damage":22,"enemies":"Sentry and Sphere","floor":20,"turns":5},{"damage":16,"enemies":"Gremlin Leader","floor":23,"turns":6},{"damage":14,"enemies":"Book of Stabbing","floor":25,"turns":4},{"damage":30,"enemies":"Shelled Parasite and Fungi","floor":27,"turns":4},{"damage":0,"enemies":"Chosen and Byrds","floor":28,"turns":3},{"damage":7,"enemies":"Gremlin Leader","floor":29,"turns":4},{"damage":18,"enemies":"Snecko","floor":30,"turns":4},{"damage":14,"enemies":"Cultist and Chosen","floor":31,"turns":4},{"damage":34,"enemies":"Champ","floor":33,"turns":8},{"damage":6,"enemies":"3 Shapes","floor":35,"turns":4},{"damage":31,"enemies":"3 Darklings","floor":38,"turns":4},{"damage":29,"enemies":"Maw","floor":39,"turns":9},{"damage":33,"enemies":"Giant Head","floor":40,"turns":11},{"damage":35,"enemies":"Spire Growth","floor":42,"turns":5},{"damage":39,"enemies":"3 Darklings","floor":44,"turns":6},{"damage":40,"enemies":"Nemesis","floor":45,"turns":7},{"damage":22,"enemies":"Reptomancer","floor":48,"turns":6},{"damage":77,"enemies":"Awakened One","floor":50,"turns":14},{"damage":107,"enemies":"Shield and Spear","floor":54,"turns":5}],"seed_played":"-988924535918578995","potions_obtained":[{"floor":2,"key":"EssenceOfDarkness"},{"floor":6,"key":"DuplicationPotion"},{"floor":12,"key":"LiquidBronze"},{"floor":14,"key":"PowerPotion"},{"floor":16,"key":"PotionOfCapacity"},{"floor":25,"key":"FearPotion"},{"floor":28,"key":"BlessingOfTheForge"},{"floor":38,"key":"EssenceOfDarkness"},{"floor":40,"key":"PotionOfCapacity"},{"floor":45,"key":"CultistPotion"}],"is_trial":false,"path_per_floor":["M","M","M","?","?","E","R","M","T","E","$","M","M","M","R","B",null,"M","M","M","?","?","E","R","E","T","M","M","E","M","M","R","B",null,"M","$","$","M","M","E","R","M","T","M","E","?","R","E","R","B",null,"R","$","E"],"character_chosen":"DEFECT","items_purchased":["Core Surge","Bird Faced Urn","Capacitor"],"campfire_rested":1,"item_purchase_floors":[11,36,53],"current_hp_per_floor":[57,54,54,10,10,1,22,26,26,27,27,39,62,65,65,43,64,51,42,34,34,34,35,35,33,33,15,27,39,40,43,43,28,60,54,54,54,43,36,55,55,46,46,45,39,39,39,56,56,46,72,72,72,0,0],"gold":4,"neow_bonus":"UPGRADE_CARD","is_daily":false,"chose_seed":false,"campfire_upgraded":6,"win_rate":0.0,"timestamp":1609838493,"path_taken":["M","M","M","?","?","E","R","M","T","E","$","M","M","M","R","BOSS","M","M","M","?","?","E","R","E","T","M","M","E","M","M","R","BOSS","M","?","$","M","M","E","R","M","T","M","E","?","R","E","R","BOSS","R","$","E"],"items_purchased_type":["Card","Relic","Card"],"build_version":"2020-12-22","purchased_purges":2,"victory":false,"max_hp_per_floor":[71,71,71,71,71,71,71,71,71,71,71,71,71,71,71,71,71,71,71,71,71,71,71,71,71,71,71,71,71,71,71,71,71,71,71,71,71,71,71,71,71,71,71,71,71,71,71,81,81,81,81,81,81,81,81],"card_choices":[{"not_picked":["Redo","Steam"],"picked":"Beam Cell","floor":1},{"not_picked":["FTL","Fusion"],"picked":"Ball Lightning","floor":2},{"not_picked":["Hologram","Stack","Go for the Eyes"],"picked":"SKIP","floor":3},{"not_picked":["Machine Learning","BootSequence"],"picked":"Reinforced Body","floor":6},{"not_picked":["Undo","Rebound","Go for the Eyes"],"picked":"SKIP","floor":8},{"not_picked":["Streamline","Undo"],"picked":"Conserve Battery","floor":10},{"not_picked":["Turbo","Coolheaded","Thunder Strike"],"picked":"SKIP","floor":12},{"not_picked":["Hologram","Coolheaded","Leap"],"picked":"SKIP","floor":13},{"not_picked":["Compile Driver","Hologram","Turbo"],"picked":"SKIP","floor":14},{"not_picked":["Seek","Creative AI"],"picked":"Biased Cognition","floor":16},{"not_picked":["Storm","Heatsinks"],"picked":"Barrage+1","floor":18},{"not_picked":["Barrage","Stack"],"picked":"Cold Snap","floor":19},{"not_picked":["Steam","Streamline+1"],"picked":"Auto Shields+1","floor":20},{"not_picked":["Leap","Fusion"],"picked":"Core Surge","floor":23},{"not_picked":["FTL","All For One","Streamline"],"picked":"SKIP","floor":25},{"not_picked":["Rebound","Skim"],"picked":"Defragment","floor":27},{"not_picked":["Steam","Leap","Sunder"],"picked":"SKIP","floor":28},{"not_picked":["Sweeping Beam","Darkness","Compile Driver"],"picked":"SKIP","floor":29},{"not_picked":["Thunder Strike","Darkness","Blizzard"],"picked":"SKIP","floor":30},{"not_picked":["Gash","Compile Driver","Rebound+1"],"picked":"SKIP","floor":31},{"not_picked":["Multi-Cast","All For One"],"picked":"Creative AI","floor":33},{"not_picked":["Recycle","Tempest+1"],"picked":"Defragment+1","floor":35},{"not_picked":["Leap","Chaos+1","Static Discharge"],"picked":"SKIP","floor":38},{"not_picked":["Doom and Gloom","Genetic Algorithm","Coolheaded"],"picked":"SKIP","floor":39},{"not_picked":["Doom and Gloom","Genetic Algorithm","Coolheaded"],"picked":"SKIP","floor":39},{"not_picked":["Tempest","Sweeping Beam"],"picked":"Capacitor","floor":40},{"not_picked":["Steam","FTL+1","Conserve Battery+1"],"picked":"SKIP","floor":42},{"not_picked":["Tempest","Lockon","Fusion+1"],"picked":"SKIP","floor":44},{"not_picked":["Blizzard","Capacitor","Beam Cell"],"picked":"SKIP","floor":45},{"not_picked":["Aggregate","Self Repair+1","Hyperbeam"],"picked":"SKIP","floor":48}],"player_experience":396165,"relics_obtained":[{"floor":6,"key":"Meat on the Bone"},{"floor":9,"key":"Cables"},{"floor":10,"key":"Anchor"},{"floor":23,"key":"PreservedInsect"},{"floor":25,"key":"Bag of Preparation"},{"floor":26,"key":"Centennial Puzzle"},{"floor":29,"key":"Sundial"},{"floor":40,"key":"Art of War"},{"floor":45,"key":"Turnip"},{"floor":48,"key":"Pear"}],"event_choices":[{"damage_healed":0,"gold_gain":1,"player_choice":"4","damage_taken":0,"max_hp_gain":0,"max_hp_loss":0,"event_name":"betterStone:BetterStone","floor":5,"gold_loss":0,"cards_obtained":["Noxious Fumes"]},{"cards_removed":["Reaper"],"damage_healed":0,"gold_gain":0,"player_choice":"Give","damage_taken":0,"max_hp_gain":0,"max_hp_loss":0,"event_name":"betterNote:BetterNote","floor":21,"gold_loss":0,"cards_obtained":["None"]},{"damage_healed":0,"gold_gain":0,"player_choice":"Copied","damage_taken":0,"max_hp_gain":0,"max_hp_loss":0,"event_name":"Duplicator","floor":22,"gold_loss":0,"cards_obtained":["Biased Cognition"]},{"damage_healed":0,"gold_gain":0,"player_choice":"Ignored","damage_taken":0,"max_hp_gain":0,"max_hp_loss":0,"event_name":"Tomb of Lord Red Mask","floor":46,"gold_loss":0}],"is_beta":false,"boss_relics":[{"not_picked":["FrozenCore","Busted Crown"],"picked":"SlaversCollar"},{"not_picked":["Tiny House","Astrolabe"],"picked":"Coffee Dripper"}],"items_purged_floors":[36,53],"is_endless":false,"potions_floor_spawned":[2,6,12,14,16,18,19,20,25,28,38,40,45,48],"killed_by":"Shield and Spear","ascension_level":17}}