{"host":"oj3taf1o1lnhszop","time":1609840815,"event":{"mods":["BaseMod","Better Match","Better Third Choice","Better Vampires","Conspire","Custom Start","DeckTracker","Downfall","Mimic Mod","Minty Spire (QoL Compilation)","Quick Restart","Rare Cards Sparkle","Replay The Spire","Spicy Shops","StSLib","Wandering Minibosses"],"gold_per_floor":[117,443,443,42,53,53,53,53,92,103,120,139,139,158,158,158,158],"floor_reached":16,"playtime":439,"items_purged":[],"score":92,"play_id":"17f919fd-ac96-4ee2-b771-604d48285f31","local_time":"20210105180015","is_ascension_mode":false,"campfire_choices":[{"data":"Perfected Strike","floor":6,"key":"SMITH"},{"data":"Perfected Strike","floor":8,"key":"SMITH"},{"floor":15,"key":"REST"}],"circlet_count":0,"master_deck":["Strike_R","Strike_R","Strike_R","Strike_R","Strike_R","Defend_R","Defend_R","Defend_R","Defend_R","Bash","Perfected Strike+1","Perfected Strike+1","Limit Break","Twin Strike","Replay:Many Hands","Replay:Undeath\u0027s Touch","Replay:Undeath\u0027s Touch"],"relics":["Burning Blood","Ring of Chaos","Old Coin","Vajra","Kunai","sneckomod:BlankCard","Blood Vial","Du-Vu Doll"],"acts_visited":["Exordium"],"potions_floor_usage":[11,14,14,14],"damage_taken":[{"damage":12,"enemies":"2 Louse","floor":1,"turns":2},{"damage":1,"enemies":"Jaw Worm","floor":5,"turns":2},{"damage":17,"enemies":"Small Slimes","floor":9,"turns":5},{"damage":0,"enemies":"Small Slimes","floor":10,"turns":2},{"damage":0,"enemies":"Blue Slaver","floor":11,"turns":1},{"damage":0,"enemies":"3 Louse","floor":12,"turns":2},{"damage":8,"enemies":"Lots of Slimes","floor":14,"turns":3},{"damage":48,"enemies":"Hexaghost","floor":16,"turns":4}],"seed_played":"2745029103363558591","potions_obtained":[{"floor":5,"key":"Adrenaline Potion"},{"floor":10,"key":"BlessingOfTheForge"},{"floor":11,"key":"ElixirPotion"},{"floor":12,"key":"Block Potion"}],"is_trial":true,"path_per_floor":["M","?","?","$","M","R","$","R","MIM","M","M","M","?","M","R","B"],"character_chosen":"IRONCLAD","items_purchased":["Kunai","sneckomod:BlankCard","Limit Break"],"campfire_rested":1,"item_purchase_floors":[4,4,4],"current_hp_per_floor":[74,42,35,35,40,40,40,40,29,37,45,53,53,53,77,31,31],"gold":158,"neow_bonus":"","is_daily":false,"chose_seed":false,"campfire_upgraded":2,"win_rate":0.0,"timestamp":1609840815,"path_taken":["M","?","?","$","?","R","$","R","MIM","M","M","M","?","M","R","BOSS"],"items_purchased_type":["Relic","Relic","Card"],"build_version":"2020-12-22","purchased_purges":0,"victory":false,"max_hp_per_floor":[80,80,80,80,80,80,80,80,80,80,80,80,80,80,80,80,80],"card_choices":[{"not_picked":["Armaments","Second Wind"],"picked":"Perfected Strike","floor":1},{"not_picked":["Headbutt","Clash"],"picked":"Perfected Strike","floor":2},{"not_picked":["Cleave","Clash"],"picked":"Twin Strike","floor":5},{"not_picked":["Iron Wave","Body Slam"],"picked":"Replay:Many Hands","floor":10},{"not_picked":["Armaments","Clothesline"],"picked":"Replay:Undeath\u0027s Touch","floor":11},{"not_picked":["Metallicize","Rampage","Sword Boomerang"],"picked":"SKIP","floor":12},{"not_picked":["Abandon","Offering"],"picked":"Replay:Undeath\u0027s Touch","floor":14}],"player_experience":83841,"relics_obtained":[{"floor":2,"key":"Old Coin"},{"floor":9,"key":"Blood Vial"}],"event_choices":[{"damage_healed":0,"gold_gain":0,"player_choice":"Relic ","damage_taken":7,"max_hp_gain":0,"max_hp_loss":0,"event_name":"betterThird:BetterScrap","floor":3,"gold_loss":0,"cards_obtained":["WaveOfTheHand"]},{"damage_healed":0,"gold_gain":0,"player_choice":"Searched \u00271\u0027 times","damage_taken":0,"relics_obtained":["Du-Vu Doll"],"max_hp_gain":0,"max_hp_loss":0,"event_name":"Dead Adventurer","floor":13,"gold_loss":0}],"is_beta":false,"boss_relics":[],"items_purged_floors":[],"is_endless":false,"potions_floor_spawned":[5,10,11,12],"killed_by":"Hexaghost","ascension_level":0}}