{"host":"uonldg9uriwfhjjx","time":1609820834,"event":{"mods":["AchievementEnabler","BaseMod","Minty Spire (QoL Compilation)","Relic Stats"],"gold_per_floor":[118,118,118,128,45,71,71,71,71,71,95,20,40,71,71,170,170,188,188,202,202,74,118,143,2,2,2,27,27,27],"floor_reached":29,"playtime":691,"items_purged":["Strike_G"],"score":497,"play_id":"f883f274-755c-4a11-aecd-a77a2370c538","local_time":"20210104232714","is_ascension_mode":true,"campfire_choices":[{"data":"Accuracy","floor":8,"key":"SMITH"},{"data":"Blade Dance","floor":15,"key":"SMITH"},{"data":"Accuracy","floor":27,"key":"SMITH"}],"circlet_count":0,"master_deck":["AscendersBane","Strike_G","Strike_G","Strike_G","Defend_G","Defend_G","Defend_G","Defend_G","Defend_G","Survivor","Neutralize","Blade Dance+1","Sucker Punch","Infinite Blades","Accuracy+1","Leg Sweep","Blur","Phantasmal Killer","Cloak And Dagger","Terror","Cloak And Dagger","Footwork","Escape Plan","Blade Dance","Accuracy+1"],"relics":["Ring of the Snake","NeowsBlessing","StrikeDummy","Golden Idol","Gremlin Horn","Du-Vu Doll","Black Star","Bag of Preparation","Vajra","Mercury Hourglass"],"acts_visited":["Exordium","TheCity"],"potions_floor_usage":[18,20,29],"damage_taken":[{"damage":0,"enemies":"Small Slimes","floor":1,"turns":1},{"damage":0,"enemies":"2 Louse","floor":4,"turns":1},{"damage":0,"enemies":"Lagavulin","floor":6,"turns":1},{"damage":0,"enemies":"Cultist","floor":11,"turns":3},{"damage":5,"enemies":"Exordium Wildlife","floor":13,"turns":5},{"damage":11,"enemies":"Gremlin Nob","floor":14,"turns":4},{"damage":15,"enemies":"Hexaghost","floor":16,"turns":8},{"damage":5,"enemies":"Shell Parasite","floor":18,"turns":5},{"damage":18,"enemies":"2 Thieves","floor":20,"turns":4},{"damage":1,"enemies":"Gremlin Leader","floor":23,"turns":5},{"damage":8,"enemies":"Centurion and Healer","floor":24,"turns":5},{"damage":6,"enemies":"Snake Plant","floor":28,"turns":4},{"damage":26,"enemies":"Book of Stabbing","floor":29,"turns":5}],"seed_played":"-1422467718107490672","potions_obtained":[{"floor":1,"key":"AttackPotion"},{"floor":6,"key":"Weak Potion"},{"floor":13,"key":"PowerPotion"},{"floor":18,"key":"Fruit Juice"},{"floor":24,"key":"Explosive Potion"},{"floor":28,"key":"GamblersBrew"}],"is_trial":false,"path_per_floor":["M","?","?","M","$","E","?","R","T","$","M","$","M","E","R","B",null,"M","?","M","?","$","E","M","$","T","R","M","E"],"character_chosen":"THE_SILENT","items_purchased":["Infinite Blades","Cloak And Dagger","Footwork","Blade Dance","Accuracy"],"campfire_rested":0,"item_purchase_floors":[5,22,22,25,25],"current_hp_per_floor":[59,52,57,57,57,57,57,57,57,57,57,57,52,41,41,26,55,55,55,37,37,37,36,28,28,28,28,22,0,0],"gold":27,"neow_bonus":"THREE_ENEMY_KILL","is_daily":false,"chose_seed":false,"campfire_upgraded":3,"win_rate":0.0,"timestamp":1609820834,"path_taken":["M","?","?","M","$","E","?","R","T","$","M","?","M","E","R","BOSS","M","?","M","?","$","E","?","$","T","R","M","E"],"items_purchased_type":["Card","Card","Card","Card","Card"],"build_version":"2020-12-22","purchased_purges":1,"victory":false,"max_hp_per_floor":[66,66,71,71,71,71,64,64,64,64,64,64,64,64,64,64,64,69,69,69,69,69,69,69,69,69,69,69,69,69],"relic_stats":{"Gremlin Horn":[7,7],"counters":[13,51],"Golden Idol":61,"Black Star":1,"Bag of Preparation":[6],"obtain_stats":[{"Du-Vu Doll":14,"NeowsBlessing":0,"Gremlin Horn":9,"Golden Idol":7,"Vajra":23,"Black Star":17,"Bag of Preparation":23,"StrikeDummy":6,"Ring of the Snake":0,"Mercury Hourglass":26},{"Du-Vu Doll":6,"NeowsBlessing":0,"Gremlin Horn":3,"Golden Idol":3,"Vajra":10,"Black Star":7,"Bag of Preparation":10,"StrikeDummy":3,"Ring of the Snake":0,"Mercury Hourglass":11},{"Du-Vu Doll":15,"NeowsBlessing":0,"Gremlin Horn":3,"Golden Idol":3,"Vajra":37,"Black Star":23,"Bag of Preparation":37,"StrikeDummy":3,"Ring of the Snake":0,"Mercury Hourglass":42}],"Ring of the Snake":[26],"Mercury Hourglass":[27]},"card_choices":[{"not_picked":["Skewer","Quick Slash"],"picked":"Blade Dance","floor":1},{"not_picked":["Concentrate","Dagger Spray"],"picked":"Sucker Punch","floor":4},{"not_picked":["Flying Knee","Backflip"],"picked":"Accuracy","floor":6},{"not_picked":["Choke","Reflex","Poisoned Stab"],"picked":"SKIP","floor":11},{"not_picked":["Malaise","Quick Slash"],"picked":"Leg Sweep","floor":13},{"not_picked":["Flying Knee","Wraith Form v2"],"picked":"Blur","floor":14},{"not_picked":["Glass Knife","Doppelganger"],"picked":"Phantasmal Killer","floor":16},{"not_picked":["Slice","PiercingWail"],"picked":"Cloak And Dagger","floor":18},{"not_picked":["Dash","PiercingWail"],"picked":"Terror","floor":20},{"not_picked":["Poisoned Stab","Blur"],"picked":"Escape Plan","floor":23},{"not_picked":["Eviscerate","Envenom","Bouncing Flask"],"picked":"SKIP","floor":24},{"not_picked":["Tactician","Deflect","Bane"],"picked":"SKIP","floor":28}],"player_experience":738205,"relics_obtained":[{"floor":6,"key":"StrikeDummy"},{"floor":9,"key":"Gremlin Horn"},{"floor":14,"key":"Du-Vu Doll"},{"floor":23,"key":"Bag of Preparation"},{"floor":23,"key":"Vajra"},{"floor":26,"key":"Mercury Hourglass"}],"event_choices":[{"cards_removed":["Strike_G"],"damage_healed":0,"gold_gain":0,"player_choice":"Card Removal","damage_taken":7,"max_hp_gain":0,"max_hp_loss":0,"event_name":"Golden Wing","floor":2,"gold_loss":0},{"damage_healed":0,"gold_gain":0,"player_choice":"Donut","damage_taken":0,"max_hp_gain":5,"max_hp_loss":0,"event_name":"Big Fish","floor":3,"gold_loss":0},{"damage_healed":0,"gold_gain":0,"player_choice":"Lose Max HP","damage_taken":0,"relics_obtained":["Golden Idol"],"max_hp_gain":0,"max_hp_loss":7,"event_name":"Golden Idol","floor":7,"gold_loss":0},{"damage_healed":0,"gold_gain":0,"player_choice":"Ignored","damage_taken":0,"max_hp_gain":0,"max_hp_loss":0,"event_name":"Ghosts","floor":19,"gold_loss":0},{"damage_healed":0,"gold_gain":0,"player_choice":"Ignored","damage_taken":0,"max_hp_gain":0,"max_hp_loss":0,"event_name":"WeMeetAgain","floor":21,"gold_loss":0}],"is_beta":false,"boss_relics":[{"not_picked":["Ring of the Serpent","SlaversCollar"],"picked":"Black Star"}],"items_purged_floors":[12],"is_endless":false,"potions_floor_spawned":[1,6,13,18,24,28],"killed_by":"Book of Stabbing","ascension_level":16}}