{"host":"Ceyx","time":1609854648,"event":{"mods":["BaseMod","Beaked The Cultist","BetterRewards","Conspire","Downfall","Hermit","Lobotomy","Minty Spire (QoL Compilation)","Shop Mod","StSLib","The Jungle","The Poker Player"],"gold_per_floor":[414,414,414,312,327,327,357,357,357,387,462,489,504,19,19,119,119,134,149,349,364,379,409,409,439,514,529,529,95,145,160,160,280,280,295,295,295,295,335,365,365,395,420,450,450,450,120,150,150,150],"floor_reached":51,"playtime":5946,"items_purged":[],"score":1107,"play_id":"e99651e9-9704-4654-b485-06b0d0c960c8","local_time":"20210105205048","daily_mods":["Heirloom","Colorless Cards","Elite Swarm"],"is_ascension_mode":false,"campfire_choices":[{"data":"Adaptation","floor":6.0,"key":"SMITH"},{"data":"expansioncontent:Corrupt","floor":8.0,"key":"SMITH"},{"data":"Study","floor":15.0,"key":"SMITH"},{"data":"Eruption","floor":24.0,"key":"SMITH"},{"floor":28.0,"key":"REST"},{"data":"Magnetism","floor":32,"key":"SMITH"},{"data":"1","floor":45,"key":"LIFT"},{"floor":49,"key":"REST"}],"circlet_count":0,"master_deck":["Strike_P","Strike_P","Strike_P","Defend_P","Defend_P","Defend_P","Defend_P","Eruption+1","Vigilance","CutThroughFate","Adaptation+1","Consecrate","Crescendo","expansioncontent:Corrupt+1","Panache","expansioncontent:LastStand","Study+1","DevaForm","Discovery","FollowUp","FollowUp","Good Instincts+1","Chrysalis","Magnetism+1","expansioncontent:BronzeBeam","Nirvana","Consecrate","Panache","ClearTheMind+1","Strike_P","Strike_P","Strike_P","Defend_P","Defend_P","Defend_P","Defend_P","Eruption+1","Vigilance","CutThroughFate","Adaptation+1","Consecrate","Crescendo","expansioncontent:Corrupt+1","Panache","expansioncontent:LastStand","Study+1","DevaForm","Discovery","FollowUp","FollowUp","Good Instincts+1","Chrysalis","Magnetism+1","expansioncontent:BronzeBeam","Nirvana","Consecrate","Panache","ClearTheMind+1","expansioncontent:Chronoboost","Master of Strategy","MasterReality","Transmutation","Panache","Nirvana","Apotheosis"],"relics":["PureWater","Old Coin","Bottled Lightning","Ornamental Fan","conspire:BottledYoYo","Mummified Hand","Pen Nib","Strange Spoon","Turnip","conspire:RunicOctahedron","Blood Vial","Damaru","Kunai","conspire:TopHat","Sling","Juzu Bracelet","Sozu","Bottled Tornado","Girya","Vajra","Du-Vu Doll","MealTicket","Membership Card","Centennial Puzzle","Torii"],"acts_visited":["Exordium","TheCity","TheBeyond"],"potions_floor_usage":[],"damage_taken":[{"damage":2.0,"enemies":"Small Slimes","floor":1.0,"turns":4.0},{"damage":1.0,"enemies":"Jaw Worm","floor":5.0,"turns":3.0},{"damage":14.0,"enemies":"Gremlin Nob","floor":7.0,"turns":3.0},{"damage":5.0,"enemies":"3 Sentries","floor":10.0,"turns":5.0},{"damage":15.0,"enemies":"conspire:MimicChest","floor":12.0,"turns":4.0},{"damage":0.0,"enemies":"2 Louse","floor":13.0,"turns":2.0},{"damage":0.0,"enemies":"Slime Boss","floor":16.0,"turns":3.0},{"damage":31.0,"enemies":"2 Thieves","floor":18.0,"turns":4.0},{"damage":7.0,"enemies":"Shell Parasite","floor":19.0,"turns":3.0},{"damage":3.0,"enemies":"Cultist and Chosen","floor":21.0,"turns":4.0},{"damage":3.0,"enemies":"Centurion and Healer","floor":22.0,"turns":3.0},{"damage":0.0,"enemies":"Book of Stabbing","floor":23.0,"turns":2.0},{"damage":26.0,"enemies":"Slavers","floor":25.0,"turns":3.0},{"damage":0.0,"enemies":"Sentry and Sphere","floor":27.0,"turns":3.0},{"damage":2,"enemies":"Snake Plant","floor":31,"turns":2},{"damage":5,"enemies":"Collector","floor":33,"turns":6},{"damage":28,"enemies":"3 Shapes","floor":35,"turns":3},{"damage":13,"enemies":"Orb Walker","floor":39,"turns":4},{"damage":0,"enemies":"Giant Head","floor":40,"turns":5},{"damage":0,"enemies":"Reptomancer","floor":42,"turns":2},{"damage":18,"enemies":"Nemesis","floor":44,"turns":3},{"damage":0,"enemies":"Reptomancer","floor":48,"turns":3},{"damage":54,"enemies":"Time Eater","floor":50,"turns":5}],"seed_played":"-8136925521176778862","potions_obtained":[{"floor":5.0,"key":"sneckomod:MuddlingPotion"},{"floor":12.0,"key":"hexamod:EctoCoolerPotion"},{"floor":16.0,"key":"Fire Potion"},{"floor":21.0,"key":"Ambrosia"},{"floor":22.0,"key":"SkillPotion"},{"floor":23.0,"key":"Strength Potion"}],"is_trial":false,"path_per_floor":["M","?","?","$","M","R","E","R","T","E","T","?","M","$","R","B",null,"M","M","?","M","M","E","R","E","T","M","R","$","T","M","R","B",null,"M","?","?","?","M","E","?","E","T","E","R","?","$","E","R","B",null],"character_chosen":"WATCHER","items_purchased":["Adaptation","Consecrate","Study","Strange Spoon","Turnip","Nirvana","conspire:TopHat","Sling","Fruit Juice","Membership Card","Panache","Nirvana","Centennial Puzzle"],"campfire_rested":2,"item_purchase_floors":[4,4,14,14,14,29,29,29,29,47,47,47,47],"current_hp_per_floor":[70,70,75,75,74,74,60,60,60,55,55,40,40,40,40,40,77,46,39,39,36,33,33,33,9,9,11,34,39,39,39,39,36,82,54,54,54,54,43,45,45,47,47,31,31,31,46,48,72,20],"gold":150,"neow_bonus":"","is_daily":true,"chose_seed":false,"campfire_upgraded":5,"win_rate":0.0,"timestamp":1609854648,"path_taken":["M","?","?","$","M","R","E","R","T","E","?","?","?","$","R","BOSS","M","M","?","?","M","E","R","E","T","M","R","$","?","M","R","BOSS","M","?","?","?","M","E","?","E","T","E","R","?","$","E","R","BOSS"],"items_purchased_type":["Card","Card","Card","Relic","Relic","Card","Relic","Relic","Potion","Relic","Card","Card","Relic"],"build_version":"2020-12-18","purchased_purges":0,"victory":true,"max_hp_per_floor":[72,72,77,77,77,77,77,77,77,77,77,77,77,77,77,77,77,77,77,77,77,77,77,77,77,77,77,77,82,82,82,82,82,82,82,82,82,82,82,82,82,82,82,82,82,82,82,82,82,82],"card_choices":[{"not_picked":["Halt","ThirdEye"],"picked":"CutThroughFate","floor":1.0},{"not_picked":["BowlingBash","expansioncontent:HyperBeam"],"picked":"Crescendo","floor":5.0},{"not_picked":["Secret Technique","LessonLearned"],"picked":"expansioncontent:Corrupt","floor":7.0},{"not_picked":["Brilliance","Panache","DeusExMachina"],"picked":"SKIP","floor":10.0},{"not_picked":["Brilliance","DeusExMachina"],"picked":"Panache","floor":10.0},{"not_picked":["SashWhip","ClearTheMind"],"picked":"expansioncontent:LastStand","floor":13.0},{"not_picked":["Vault","Establishment"],"picked":"DevaForm","floor":16.0},{"not_picked":["BowlingBash","ThirdEye"],"picked":"Discovery","floor":18.0},{"not_picked":["expansioncontent:DarkVoid","CarveReality"],"picked":"FollowUp","floor":19.0},{"not_picked":["CrushJoints","BowlingBash"],"picked":"FollowUp","floor":21.0},{"not_picked":["Halt+1","Evaluate"],"picked":"Good Instincts+1","floor":22.0},{"not_picked":["Thinking Ahead","SpiritShield"],"picked":"Chrysalis","floor":23.0},{"not_picked":["Apotheosis","expansioncontent:StudyTheSpire"],"picked":"Magnetism","floor":25.0},{"not_picked":["Protect","FollowUp+1"],"picked":"expansioncontent:BronzeBeam","floor":27.0},{"not_picked":["EmptyBody","EmptyFist"],"picked":"Consecrate","floor":31},{"not_picked":["Metamorphosis","Magnetism"],"picked":"Panache","floor":33},{"not_picked":["EmptyFist+1","EmptyMind"],"picked":"ClearTheMind+1","floor":35},{"not_picked":["expansioncontent:PrepareCrush","expansioncontent:Flail"],"picked":"expansioncontent:Chronoboost","floor":38},{"not_picked":["PanicButton+1","EmptyBody+1","expansioncontent:FaceSlap"],"picked":"SKIP","floor":39},{"not_picked":["expansioncontent:StudyTheSpire","expansioncontent:Corrupt"],"picked":"Master of Strategy","floor":40},{"not_picked":["SpiritShield","Brilliance"],"picked":"MasterReality","floor":42},{"not_picked":["The Bomb","Blasphemy"],"picked":"Transmutation","floor":44},{"not_picked":["Judgement","Alpha"],"picked":"Apotheosis","floor":48}],"player_experience":523225,"relics_obtained":[{"floor":7.0,"key":"Bottled Lightning"},{"floor":9.0,"key":"Ornamental Fan"},{"floor":10.0,"key":"conspire:BottledYoYo"},{"floor":11.0,"key":"Mummified Hand"},{"floor":12.0,"key":"Pen Nib"},{"floor":23.0,"key":"Blood Vial"},{"floor":25.0,"key":"Damaru"},{"floor":26.0,"key":"Kunai"},{"floor":30.0,"key":"Juzu Bracelet"},{"floor":40,"key":"Bottled Tornado"},{"floor":42,"key":"Girya"},{"floor":43,"key":"Vajra"},{"floor":44,"key":"Du-Vu Doll"},{"floor":46,"key":"MealTicket"},{"floor":48,"key":"Torii"}],"event_choices":[{"damage_healed":0.0,"max_hp_gain":0.0,"max_hp_loss":0.0,"gold_gain":0.0,"event_name":"conspire:Investor","player_choice":"Leave","floor":2.0,"gold_loss":0.0,"damage_taken":0.0},{"damage_healed":0.0,"max_hp_gain":5.0,"max_hp_loss":0.0,"gold_gain":0.0,"event_name":"Big Fish","player_choice":"Donut","floor":3.0,"gold_loss":0.0,"damage_taken":0.0},{"damage_healed":0.0,"max_hp_gain":0.0,"max_hp_loss":0.0,"gold_gain":250.0,"event_name":"The Joust","player_choice":"Bet on Owner","floor":20.0,"gold_loss":50.0,"damage_taken":0.0},{"cards_removed":["Strike_P"],"damage_healed":0,"gold_gain":0,"player_choice":"Purged","damage_taken":0,"max_hp_gain":0,"max_hp_loss":0,"event_name":"Purifier","floor":37,"gold_loss":0},{"damage_healed":0,"gold_gain":0,"player_choice":"Memory 1","damage_taken":0,"max_hp_gain":0,"max_hp_loss":0,"event_name":"SensoryStone","floor":38,"gold_loss":0},{"cards_removed":["Strike_P"],"damage_healed":0,"gold_gain":0,"player_choice":"Removed Attack","damage_taken":0,"max_hp_gain":0,"max_hp_loss":0,"event_name":"Falling","floor":41,"gold_loss":0},{"damage_healed":0,"gold_gain":0,"player_choice":"Relic","damage_taken":0,"max_hp_gain":0,"max_hp_loss":0,"event_name":"Wheel of Change","floor":46,"gold_loss":0}],"is_beta":true,"boss_relics":[{"not_picked":["Runic Pyramid","SlaversCollar"],"picked":"conspire:RunicOctahedron"},{"not_picked":["Cursed Key","Runic Dome"],"picked":"Sozu"}],"items_purged_floors":[],"is_endless":false,"potions_floor_spawned":[5,12,16,21,22,23,40,42],"ascension_level":0}}