{"host":"tiwza2kisyyrpq7h","time":1609850011,"event":{"mods":["BaseMod","BetterRewards","Colored Powertips","Minty Spire (QoL Compilation)","Quick Restart","Rare Cards Sparkle","StSLib","SuperFastMode","The Servant 0.9.4","óô»ðÖ¸ÄÏ"],"gold_per_floor":[112,112,112,136,30,61,61,61,61],"floor_reached":8,"playtime":347,"items_purged":[],"score":108,"play_id":"5f91c454-766e-4696-963a-b1a553474ffe","local_time":"20210105203331","is_ascension_mode":true,"campfire_choices":[{"data":"Blade Dance","floor":7,"key":"SMITH"}],"circlet_count":0,"master_deck":["AscendersBane","Strike_G","Strike_G","Strike_G","Defend_G","Defend_G","Defend_G","Defend_G","Defend_G","Survivor","Neutralize","Writhe","Venomology","Blade Dance+1","Calculated Gamble","Tactician","Finisher","PiercingWail"],"relics":["Ring of the Snake","Golden Idol","Dream Catcher"],"acts_visited":["Exordium"],"potions_floor_usage":[6,6,6,8],"damage_taken":[{"damage":1.0,"enemies":"Cultist","floor":1.0,"turns":4.0},{"damage":0,"enemies":"2 Louse","floor":4,"turns":3},{"damage":51,"enemies":"3 Sentries","floor":6,"turns":14},{"damage":11,"enemies":"Lagavulin","floor":8,"turns":5}],"seed_played":"-2516740892951386687","potions_obtained":[],"is_trial":false,"path_per_floor":["M","?","?","M","$","E","R","E"],"character_chosen":"THE_SILENT","items_purchased":["Finisher","PiercingWail"],"campfire_rested":0,"item_purchase_floors":[5,5],"current_hp_per_floor":[58,58,58,58,58,7,7,0,0],"gold":61,"neow_bonus":"TRANSFORM_TWO_CARDS","is_daily":false,"chose_seed":false,"campfire_upgraded":1,"win_rate":0.0,"timestamp":1609850011,"path_taken":["M","?","?","?","$","E","R","E"],"items_purchased_type":["Card","Card"],"build_version":"2020-12-22","purchased_purges":0,"victory":false,"max_hp_per_floor":[66,66,60,60,60,60,60,60,60],"card_choices":[{"not_picked":["Deflect","Flying Knee"],"picked":"Calculated Gamble","floor":1.0},{"not_picked":["Calculated Gamble","Slice"],"picked":"Tactician","floor":4},{"not_picked":["PiercingWail","Sucker Punch","Underhanded Strike"],"picked":"SKIP","floor":6}],"player_experience":949678,"relics_obtained":[{"floor":6,"key":"Dream Catcher"}],"event_choices":[{"damage_healed":0,"gold_gain":0,"player_choice":"Fled","damage_taken":0,"max_hp_gain":0,"max_hp_loss":0,"event_name":"Scrap Ooze","floor":2,"gold_loss":0},{"damage_healed":0,"gold_gain":0,"player_choice":"Lose Max HP","damage_taken":0,"relics_obtained":["Golden Idol"],"max_hp_gain":0,"max_hp_loss":6,"event_name":"Golden Idol","floor":3,"gold_loss":0}],"is_beta":false,"boss_relics":[],"items_purged_floors":[],"is_endless":false,"potions_floor_spawned":[4],"killed_by":"Lagavulin","ascension_level":20}}