{"host":"7trwizmysqu3yl6m","time":1609880467,"event":{"mods":["Act Like it!","BaseMod","Downfall","Gensokyo","Hallownest","Minty Spire (QoL Compilation)","StSLib","The Animator","The Bug Knight"],"gold_per_floor":[119,132,150,167,167,167,181,209,259,259,272,272,272,288,288,288,288],"floor_reached":16,"playtime":594,"items_purged":[],"score":104,"play_id":"e73bc2ca-a1d9-43c7-a373-fb8e4e42c89d","local_time":"20210105220107","is_ascension_mode":false,"campfire_choices":[{"data":"Eruption","floor":6,"key":"SMITH"},{"data":"Wireheading","floor":13,"key":"SMITH"},{"floor":15,"key":"REST"}],"circlet_count":0,"master_deck":["Strike_P","Strike_P","Strike_P","Strike_P","Defend_P","Defend_P","Defend_P","Defend_P","Eruption+1","Vigilance","Wireheading+1","PathToVictory","Weave","Regret","Wireheading","Wish","Parasite"],"relics":["PureWater","NeowsBlessing","Eternal Feather","Singing Bowl","Nunchaku","Golden Idol"],"acts_visited":["Exordium"],"potions_floor_usage":[16],"damage_taken":[{"damage":0,"enemies":"Small Slimes","floor":1,"turns":1},{"damage":0,"enemies":"Cultist","floor":2,"turns":1},{"damage":0,"enemies":"2 Louse","floor":3,"turns":1},{"damage":0,"enemies":"Looter","floor":4,"turns":4},{"damage":14,"enemies":"Blue Slaver","floor":7,"turns":3},{"damage":13,"enemies":"Gremlin Nob","floor":8,"turns":3},{"damage":14,"enemies":"Lots of Slimes","floor":11,"turns":6},{"damage":30,"enemies":"Large Slime","floor":14,"turns":5},{"damage":47,"enemies":"Hexaghost","floor":16,"turns":14}],"seed_played":"7821661213071433832","potions_obtained":[{"floor":1,"key":"SteroidPotion"},{"floor":7,"key":"BottledMiracle"},{"floor":11,"key":"SmokeBomb"}],"is_trial":false,"path_per_floor":["M","M","M","M","?","R","M","E","T","?","M","?","R","M","R","B"],"character_chosen":"WATCHER","items_purchased":[],"campfire_rested":1,"item_purchase_floors":[],"current_hp_per_floor":[72,72,72,72,72,72,58,45,45,27,15,33,42,14,45,0,0],"gold":288,"neow_bonus":"THREE_ENEMY_KILL","is_daily":false,"chose_seed":false,"campfire_upgraded":2,"win_rate":0.0,"timestamp":1609880467,"path_taken":["M","M","M","M","?","R","M","E","T","?","M","?","R","M","R","BOSS"],"items_purchased_type":[],"build_version":"2020-12-22","purchased_purges":0,"victory":false,"max_hp_per_floor":[72,72,72,72,72,72,72,72,72,72,74,74,74,76,76,76,76],"card_choices":[{"not_picked":["EmptyBody","FlurryOfBlows"],"picked":"Wireheading","floor":1},{"not_picked":["SashWhip","Sanctity"],"picked":"PathToVictory","floor":2},{"not_picked":["DeceiveReality","EmptyMind","Conclude"],"picked":"SKIP","floor":3},{"not_picked":["SashWhip","EmptyBody"],"picked":"Weave","floor":4},{"not_picked":["Protect","MentalFortress"],"picked":"Wireheading","floor":7},{"not_picked":["SashWhip","WaveOfTheHand"],"picked":"Wish","floor":8},{"not_picked":["Indignation","Evaluate","Prostrate"],"picked":"Singing Bowl","floor":11},{"not_picked":["FlurryOfBlows","Prostrate","Tantrum"],"picked":"Singing Bowl","floor":14}],"player_experience":402762,"relics_obtained":[{"floor":8,"key":"Singing Bowl"},{"floor":9,"key":"Nunchaku"}],"event_choices":[{"damage_healed":0,"gold_gain":0,"player_choice":"Box","damage_taken":0,"relics_obtained":["Eternal Feather"],"max_hp_gain":0,"max_hp_loss":0,"event_name":"Big Fish","floor":5,"gold_loss":0,"cards_obtained":["Regret"]},{"damage_healed":0,"gold_gain":0,"player_choice":"Take Damage","damage_taken":18,"relics_obtained":["Golden Idol"],"max_hp_gain":0,"max_hp_loss":0,"event_name":"Golden Idol","floor":10,"gold_loss":0},{"damage_healed":18,"gold_gain":0,"player_choice":"Healed and dodged fight","damage_taken":0,"max_hp_gain":0,"max_hp_loss":0,"event_name":"Mushrooms","floor":12,"gold_loss":0,"cards_obtained":["Parasite"]}],"is_beta":false,"boss_relics":[],"items_purged_floors":[],"is_endless":false,"potions_floor_spawned":[1,7,11],"killed_by":"Hexaghost","ascension_level":0}}