{"host":"tw8gm4p1o2j6gfl4","time":1609812393,"event":{"mods":["Aspiration","BaseMod","BetterRewards","Colored Map","Colored Powertips","Curses Come First","Downfall","Hermit","Hubris","Infinite Spire","Lobotomy","Luminous","Minty Spire (QoL Compilation)","Quick Restart","Replay The Spire","StSLib","SuperFastMode","The Cursed","The Jungle","The Marked","Trackpad","[IsaacMod]????"],"gold_per_floor":[99,99,99,99,99,24,24,24,44,70,80,114,131,147,157,253,253,178,196,214,214,233,233,233,249,249,261,346,346,346,40,52,155,155,155,172,187,287,407,407,407],"floor_reached":39,"playtime":5890,"items_purged":[],"score":441,"play_id":"f897479c-ad68-4457-8942-41904d94aaa7","local_time":"20210104180633","is_ascension_mode":false,"campfire_choices":[{"floor":1.0,"key":"RECALL"},{"data":"champ:FlashCut","floor":6.0,"key":"SMITH"},{"data":"champ:CalledShot","floor":18.0,"key":"SMITH"},{"data":"infinitespire:Menacing","floor":26.0,"key":"SMITH"},{"data":"champ:PerfectedStrike","floor":30.0,"key":"SMITH"},{"data":"champ:PerfectedStrike","floor":35.0,"key":"SMITH"}],"circlet_count":0,"master_deck":["champ:Strike","champ:Strike","champ:Strike","champ:Strike","champ:Defend","champ:Defend","champ:Defend","champ:Defend","champ:Execute","champ:Taunt+1","champ:PerfectedStrike+1","champ:FlashCut+1","champ:Backstep","champ:DefensiveStyle","champ:PerfectForm","champ:GladiatorStyle","champ:FocusedBerserking","champ:BringItOn","champ:CalledShot+1","champ:DancingMaster","champ:FocusedGladiator","champ:Duel","infinitespire:Menacing+1","champ:AdrenalArmor+1","champ:PerfectedStrike+1","champ:BladeFlurry","champ:MurderStrike+1","champ:Riposte+1","champ:BladeFlurry+1","Replay:Fractal Strike","champ:PerfectedStrike"],"relics":["champ:ChampionCrown","HushsDoor","TheBible","downfall:HeartsMalice","hubris:Towel","downfall:HeartBlessingRed","trackpad:Compendium","Oddly Smooth Stone","hubris:GrandSneckoEye","downfall:HeartBlessingBlue","Philosopher\u0027s Stone","Gremlin Horn","hubris:BottledHeart","Potion Belt","Coffee Dripper","infinitespire:Golems Mask","BloodBag"],"acts_visited":["Exordium","TheCity","TheBeyond"],"potions_floor_usage":[],"damage_taken":[{"damage":0.0,"enemies":"2 Louse","floor":2.0,"turns":1.0},{"damage":0.0,"enemies":"Jaw Worm","floor":4.0,"turns":1.0},{"damage":0.0,"enemies":"Cultist","floor":8.0,"turns":1.0},{"damage":0.0,"enemies":"3 Louse","floor":9.0,"turns":4.0},{"damage":23.0,"enemies":"Gremlin Nob","floor":10.0,"turns":5.0},{"damage":0.0,"enemies":"Red Slaver","floor":11.0,"turns":4.0},{"damage":22.0,"enemies":"3 Sentries","floor":12.0,"turns":7.0},{"damage":19.0,"enemies":"2 Fungi Beasts","floor":13.0,"turns":4.0},{"damage":5.0,"enemies":"Large Slime","floor":14.0,"turns":6.0},{"damage":10.0,"enemies":"3 Louse","floor":15.0,"turns":3.0},{"damage":28.0,"enemies":"downfall:Defect","floor":16.0,"turns":8.0},{"damage":12.0,"enemies":"3 Byrds","floor":19.0,"turns":3.0},{"damage":24.0,"enemies":"Chosen","floor":20.0,"turns":5.0},{"damage":45.0,"enemies":"Sentry and Sphere","floor":22.0,"turns":6.0},{"damage":4.0,"enemies":"Snake Plant","floor":25.0,"turns":3.0},{"damage":17.0,"enemies":"Shelled Parasite and Fungi","floor":27.0,"turns":5.0},{"damage":0.0,"enemies":"downfall:FleeingMerchant","floor":31.0,"turns":5.0},{"damage":0.0,"enemies":"Centurion and Healer","floor":32.0,"turns":4.0},{"damage":0.0,"enemies":"downfall:Ironclad","floor":33.0,"turns":7.0},{"damage":0.0,"enemies":"3 Shapes","floor":36.0,"turns":6.0},{"damage":0.0,"enemies":"Orb Walker","floor":37.0,"turns":4.0},{"damage":0.0,"enemies":"infinitespire:Three Voidlings","floor":38.0,"turns":3.0},{"damage":0.0,"enemies":"Nightmare_Alpha","floor":38.0,"turns":11.0},{"damage":7,"enemies":"2 Orb Walkers","floor":39,"turns":3}],"seed_played":"2356978673580841793","potions_obtained":[{"floor":10.0,"key":"ColorlessPotion"},{"floor":12.0,"key":"Strength Potion"},{"floor":13.0,"key":"DistilledChaos"},{"floor":16.0,"key":"champ:OpenerPotion"},{"floor":20.0,"key":"champ:CounterPotion"},{"floor":27.0,"key":"Fire Potion"},{"floor":32.0,"key":"FearPotion"},{"floor":33.0,"key":"SneckoOil"},{"floor":37.0,"key":"DuplicationPotion"}],"is_trial":false,"path_per_floor":["R","M","?","M","?","R","T","M","M","E","M","E","M","M","M","B",null,"R","M","M","AVR","M","?","T","M","R","M","?","?","R","$","M","B",null,"R","M","M","?","?"],"character_chosen":"THE_CHAMP","items_purchased":["Potion Belt","infinitespire:BlackPotion"],"campfire_rested":0,"item_purchase_floors":[31,31],"current_hp_per_floor":[90,90,90,90,90,90,90,90,90,72,72,55,41,41,36,18,90,100,98,93,93,78,78,78,78,78,70,52,1,1,1,1,1,1,1,1,1,1,0,0,0],"gold":407,"neow_bonus":"THREE_ENEMY_KILL","is_daily":false,"chose_seed":false,"campfire_upgraded":5,"win_rate":0.0,"timestamp":1609812393,"path_taken":["R","M","?","M","?","R","T","M","M","E","M","E","M","M","M","BOSS","R","M","M","AVR","M","?","T","M","R","M","?","?","R","$","M","BOSS","R","M","M","?","?"],"items_purchased_type":["Relic","Potion"],"build_version":"2020-12-22","purchased_purges":0,"victory":false,"max_hp_per_floor":[90,90,90,90,90,90,90,90,90,90,90,90,90,90,90,90,90,100,100,100,100,100,100,100,100,100,100,100,1,1,1,1,1,1,1,1,1,1,1,1,1],"card_choices":[{"not_picked":["champ:CalledShot","champ:EndlessRage"],"picked":"champ:PerfectedStrike","floor":2.0},{"not_picked":["champ:CrookedStrike","champ:PreciseThrust"],"picked":"champ:FlashCut","floor":4.0},{"not_picked":["champ:FlashCut","champ:Lariat"],"picked":"champ:Backstep","floor":8.0},{"not_picked":["champ:BringItOn","champ:DefensiveShout"],"picked":"champ:DefensiveStyle","floor":9.0},{"not_picked":["champ:DefensiveStyle","champ:AdrenalArmor"],"picked":"champ:PerfectForm","floor":10.0},{"not_picked":["champ:FocusedDefense","champ:DefensiveShout"],"picked":"champ:GladiatorStyle","floor":11.0},{"not_picked":["champ:AdrenalArmor","Bomb"],"picked":"champ:FocusedBerserking","floor":12.0},{"not_picked":["champ:Circumvent","champ:GutPunch"],"picked":"champ:BringItOn","floor":13.0},{"not_picked":["champ:BerserkersShout","champ:DefensiveShout","champ:GladiatorsShout"],"picked":"SKIP","floor":14.0},{"not_picked":["champ:BerserkerStyle","champ:EndlessRage"],"picked":"champ:CalledShot","floor":15.0},{"not_picked":["champ:ShieldSlam","champ:PerfectForm"],"picked":"champ:DancingMaster","floor":16.0},{"not_picked":["champ:CalledShot","champ:AdrenalArmor"],"picked":"champ:FocusedGladiator","floor":19.0},{"not_picked":["champ:DefensiveShout","champ:FocusedGladiator"],"picked":"champ:Duel","floor":20.0},{"not_picked":["champ:RapidStrikes","champ:Lariat"],"picked":"champ:AdrenalArmor+1","floor":22.0},{"not_picked":["champ:HeartStrike","champ:BringItOn+1","champ:AdrenalArmor"],"picked":"SKIP","floor":25.0},{"not_picked":["champ:BringItOn","champ:BerserkersShout"],"picked":"champ:PerfectedStrike","floor":27.0},{"not_picked":["champ:CrownThrow","champ:LastStand","champ:GladiatorStyle"],"picked":"SKIP","floor":31.0},{"not_picked":["champ:BringItOn","champ:AdrenalArmor"],"picked":"champ:BladeFlurry","floor":32.0},{"not_picked":["champ:StrikeOfGenius","champ:LastStand"],"picked":"champ:MurderStrike","floor":33.0},{"not_picked":["champ:RapidStrikes","champ:ViciousMockery+1"],"picked":"champ:Riposte+1","floor":36.0},{"not_picked":["champ:FanOfKnives+1","champ:GutPunch+1"],"picked":"champ:BladeFlurry+1","floor":37.0},{"not_picked":["infinitespire:FutureSight","hubris:Fate"],"picked":"Replay:Fractal Strike","floor":38},{"not_picked":["champ:BringItOn+1","champ:Encircle"],"picked":"champ:PerfectedStrike","floor":38}],"player_experience":171097,"relics_obtained":[{"floor":10.0,"key":"trackpad:Compendium"},{"floor":12.0,"key":"Oddly Smooth Stone"},{"floor":24.0,"key":"Gremlin Horn"},{"floor":38,"key":"infinitespire:Golems Mask"}],"event_choices":[{"damage_healed":0.0,"max_hp_gain":0.0,"max_hp_loss":0.0,"gold_gain":0.0,"event_name":"Living Wall","player_choice":"Grow","floor":5.0,"gold_loss":0.0,"damage_taken":0.0,"cards_upgraded":["champ:Taunt"]},{"damage_healed":0,"gold_gain":0,"player_choice":"Grow","damage_taken":0,"max_hp_gain":0,"max_hp_loss":0,"event_name":"Living Wall","floor":38,"gold_loss":0,"cards_upgraded":["champ:MurderStrike"]},{"damage_healed":0,"gold_gain":0,"player_choice":"Fight","damage_taken":0,"max_hp_gain":0,"max_hp_loss":0,"event_name":"Mysterious Sphere","floor":39,"gold_loss":0}],"is_beta":false,"boss_relics":[{"not_picked":["aspiration:RunicSpoon","hubris:CrackedHourglass"],"picked":"hubris:GrandSneckoEye"},{"not_picked":[]},{"not_picked":["Cursed Key","Busted Crown"],"picked":"Coffee Dripper"},{"not_picked":[]}],"items_purged_floors":[],"is_endless":true,"potions_floor_spawned":[10,12,13,14,15,16,20,27,32,33,37],"killed_by":"2 Orb Walkers","ascension_level":0}}