{"host":"za51qju8r56bcr85","time":1609837923,"event":{"mods":["Act Like it!","BaseMod","Block Reminder","Googly Eyes","Minty Spire (QoL Compilation)","Quick Restart","Relic Sorter","Relic Stats","Shop Mod","StSLib","SuperFastMode"],"gold_per_floor":[110,110,120,140,140,140,175,175,175,15,15,47,47,80,80,156,156,167,82,102,152,152,152,175,175,175,189,218,218,232,260,260,334,334,354,354,304,354,354,382,399,442,468,497,517,467,503,290,290,290,290,290,299,71,101,101,101],"floor_reached":56,"playtime":1079,"items_purged":["Decay","Strike_G","Strike_G","Strike_G"],"score":2399,"play_id":"d999c7c7-fa1c-44e5-8bce-76d70f3247ac","local_time":"20210105171203","is_ascension_mode":true,"campfire_choices":[{"data":"Neutralize","floor":6.0,"key":"SMITH"},{"data":"Venomology","floor":8.0,"key":"SMITH"},{"floor":11.0,"key":"RECALL"},{"floor":15.0,"key":"REST"},{"floor":23.0,"key":"REST"},{"data":"Envenom","floor":25.0,"key":"SMITH"},{"data":"Wraith Form v2","floor":29.0,"key":"SMITH"},{"data":"Terror","floor":32.0,"key":"SMITH"},{"data":"Apotheosis","floor":49.0,"key":"SMITH"},{"floor":53.0,"key":"REST"}],"circlet_count":0,"master_deck":["AscendersBane","Strike_G","Strike_G","Defend_G","Defend_G","Defend_G","Defend_G","Defend_G","Survivor","Neutralize+1","Predator","Backstab","Venomology+1","Poisoned Stab","Concentrate","Terror+1","Envenom+1","Acrobatics","Wraith Form v2+1","Dagger Spray","Phantasmal Killer","Apotheosis+1","Purity","Outmaneuver+1","Reflex","Reflex","Concentrate","Venomology","Prepared","Calculated Gamble"],"relics":["Ring of the Serpent","Frozen Eye","NeowsBlessing","Bird Faced Urn","PreservedInsect","Snake Skull","Dream Catcher","Strawberry","Blood Vial","Tiny Chest","Potion Belt","Smiling Mask","Runic Dome","Pocketwatch","Du-Vu Doll","Happy Flower","CeramicFish","Boot","Vajra","Membership Card","Lantern","TheAbacus","Pear"],"acts_visited":["Exordium","TheCity","TheBeyond","TheEnding"],"potions_floor_usage":[56,56,56],"damage_taken":[{"damage":0.0,"enemies":"Small Slimes","floor":1.0,"turns":1.0},{"damage":0.0,"enemies":"Cultist","floor":3.0,"turns":1.0},{"damage":0.0,"enemies":"2 Louse","floor":4.0,"turns":1.0},{"damage":13.0,"enemies":"Lagavulin","floor":7.0,"turns":7.0},{"damage":0.0,"enemies":"Gremlin Nob","floor":12.0,"turns":3.0},{"damage":5.0,"enemies":"3 Sentries","floor":14.0,"turns":3.0},{"damage":26.0,"enemies":"The Guardian","floor":16.0,"turns":12.0},{"damage":26.0,"enemies":"3 Byrds","floor":18.0,"turns":7.0},{"damage":27.0,"enemies":"Shell Parasite","floor":20.0,"turns":4.0},{"damage":0.0,"enemies":"Snecko","floor":27.0,"turns":1.0},{"damage":33.0,"enemies":"Book of Stabbing","floor":28.0,"turns":4.0},{"damage":5.0,"enemies":"Cultist and Chosen","floor":30.0,"turns":5.0},{"damage":0.0,"enemies":"Slavers","floor":31.0,"turns":1.0},{"damage":6.0,"enemies":"Collector","floor":33.0,"turns":6.0},{"damage":0.0,"enemies":"3 Darklings","floor":35.0,"turns":1.0},{"damage":0.0,"enemies":"2 Orb Walkers","floor":38.0,"turns":1.0},{"damage":0.0,"enemies":"Nemesis","floor":40.0,"turns":1.0},{"damage":0.0,"enemies":"3 Shapes","floor":41.0,"turns":1.0},{"damage":0.0,"enemies":"Reptomancer","floor":42.0,"turns":1.0},{"damage":0.0,"enemies":"Spire Growth","floor":44.0,"turns":1.0},{"damage":0.0,"enemies":"Transient","floor":45.0,"turns":1.0},{"damage":0.0,"enemies":"Nemesis","floor":47.0,"turns":1.0},{"damage":4.0,"enemies":"Donu and Deca","floor":50.0,"turns":4.0},{"damage":0.0,"enemies":"Time Eater","floor":51.0,"turns":1.0},{"damage":0.0,"enemies":"Shield and Spear","floor":55.0,"turns":2.0},{"damage":37,"enemies":"The Heart","floor":56,"turns":4}],"seed_played":"-1988599703017800214","potions_obtained":[{"floor":2.0,"key":"LiquidBronze"},{"floor":2.0,"key":"GamblersBrew"},{"floor":4.0,"key":"SneckoOil"},{"floor":7.0,"key":"Block Potion"},{"floor":12.0,"key":"AttackPotion"},{"floor":28.0,"key":"SpeedPotion"},{"floor":30.0,"key":"PowerPotion"},{"floor":31.0,"key":"LiquidMemories"},{"floor":38.0,"key":"LiquidMemories"}],"is_trial":false,"path_per_floor":["M","?","M","M","?","R","E","R","T","$","R","E","$","E","R","B",null,"M","?","M","?","?","R","T","R","T","M","E","R","M","E","R","B",null,"M","?","$","?","T","E","M","E","T","M","M","$","E","$","R","B","B",null,"R","$","E","B"],"character_chosen":"THE_SILENT","items_purchased":["PreservedInsect","Membership Card","Calculated Gamble","Lantern","TheAbacus"],"campfire_rested":3,"item_purchase_floors":[10,48,54,54,54],"current_hp_per_floor":[59,59,59,59,64,64,51,51,51,51,51,51,51,46,67,41,64,40,47,22,22,22,45,45,45,45,47,18,18,19,21,21,23,64,66,56,56,58,58,60,62,64,64,66,68,68,70,70,70,72,74,77,78,78,88,55,55],"gold":101,"neow_bonus":"THREE_ENEMY_KILL","is_daily":false,"chose_seed":false,"campfire_upgraded":6,"win_rate":0.0,"timestamp":1609837923,"path_taken":["M","?","M","?","?","R","E","R","T","$","R","E","$","E","R","BOSS","M","?","M","?","?","R","?","R","T","?","E","R","M","E","R","BOSS","M","?","$","?","?","E","?","E","T","?","M","$","E","?","R","BOSS","BOSS","R","$","E","BOSS"],"items_purchased_type":["Relic","Relic","Card","Relic","Relic"],"build_version":"2020-12-22","purchased_purges":4,"victory":false,"max_hp_per_floor":[66,66,66,66,71,71,71,71,71,71,71,71,71,71,71,71,71,71,78,78,78,78,78,78,78,78,78,78,78,78,78,78,78,78,78,78,78,78,78,78,78,78,78,78,78,78,78,78,78,78,78,78,78,78,88,88,88],"relic_stats":{"Happy Flower":[5],"counters":[26,72],"CeramicFish":54,"PreservedInsect":376,"Snake Skull":[54],"Smiling Mask":113,"Boot":[0],"Blood Vial":30,"Dream Catcher":3,"TheAbacus":[18],"Bird Faced Urn":[24],"Tiny Chest":1,"obtain_stats":[{"Potion Belt":28,"Lantern":54,"Pear":55,"NeowsBlessing":0,"Happy Flower":40,"CeramicFish":42,"Vajra":47,"PreservedInsect":10,"Snake Skull":12,"Smiling Mask":31,"Boot":43,"Blood Vial":24,"Du-Vu Doll":39,"Frozen Eye":0,"Runic Dome":34,"Dream Catcher":14,"TheAbacus":54,"Bird Faced Urn":7,"Strawberry":19,"Tiny Chest":26,"Membership Card":48,"Ring of the Serpent":0,"Ring of the Snake":0,"Pocketwatch":38},{"Potion Belt":11,"Lantern":24,"Pear":25,"NeowsBlessing":0,"Happy Flower":17,"CeramicFish":19,"Vajra":22,"PreservedInsect":4,"Snake Skull":5,"Smiling Mask":13,"Boot":19,"Blood Vial":9,"Du-Vu Doll":16,"Frozen Eye":0,"Runic Dome":14,"Dream Catcher":6,"TheAbacus":24,"Bird Faced Urn":4,"Strawberry":8,"Tiny Chest":9,"Membership Card":22,"Ring of the Serpent":0,"Ring of the Snake":0,"Pocketwatch":16},{"Potion Belt":44,"Lantern":66,"Pear":68,"NeowsBlessing":0,"Happy Flower":59,"CeramicFish":60,"Vajra":61,"PreservedInsect":10,"Snake Skull":13,"Smiling Mask":50,"Boot":60,"Blood Vial":39,"Du-Vu Doll":58,"Frozen Eye":0,"Runic Dome":56,"Dream Catcher":16,"TheAbacus":66,"Bird Faced Urn":10,"Strawberry":35,"Tiny Chest":39,"Membership Card":61,"Ring of the Serpent":0,"Ring of the Snake":0,"Pocketwatch":58}],"Pocketwatch":[3]},"card_choices":[{"not_picked":["Sucker Punch","Endless Agony"],"picked":"Predator","floor":1.0},{"not_picked":["Bouncing Flask","Setup"],"picked":"Backstab","floor":3.0},{"not_picked":["Predator","Cloak And Dagger","Noxious Fumes"],"picked":"SKIP","floor":4.0},{"not_picked":["Predator","Cloak And Dagger","Noxious Fumes"],"picked":"SKIP","floor":4.0},{"not_picked":["Dagger Throw","Outmaneuver"],"picked":"Venomology","floor":7.0},{"not_picked":["Dagger Spray","Choke"],"picked":"Poisoned Stab","floor":12.0},{"not_picked":["Underhanded Strike","Quick Slash"],"picked":"Concentrate","floor":14.0},{"not_picked":["Riddle With Holes","Deadly Poison"],"picked":"Terror","floor":15.0},{"not_picked":["Die Die Die","After Image"],"picked":"Envenom","floor":16.0},{"not_picked":["Slice","Distraction","Choke"],"picked":"SKIP","floor":18.0},{"not_picked":["Sucker Punch","Slice","Dash"],"picked":"SKIP","floor":20.0},{"not_picked":["Noxious Fumes","Slice"],"picked":"Acrobatics","floor":23.0},{"not_picked":["Slice","Setup","Masterful Stab"],"picked":"SKIP","floor":27.0},{"not_picked":["Dodge and Roll","Expertise"],"picked":"Wraith Form v2","floor":28.0},{"not_picked":["Underhanded Strike","Terror","Bane"],"picked":"SKIP","floor":30.0},{"not_picked":["Dagger Spray","All Out Attack","Deadly Poison+1"],"picked":"SKIP","floor":31.0},{"not_picked":["All Out Attack","Deadly Poison+1"],"picked":"Dagger Spray","floor":31.0},{"not_picked":["Storm of Steel","Bullet Time"],"picked":"Phantasmal Killer","floor":33.0},{"not_picked":["Acrobatics","Dodge and Roll","Poisoned Stab"],"picked":"SKIP","floor":35.0},{"not_picked":["Swift Strike","Dark Shackles"],"picked":"Apotheosis","floor":36.0},{"not_picked":["Discovery","HandOfGreed"],"picked":"Purity","floor":36.0},{"not_picked":["Eviscerate+1","Slice"],"picked":"Outmaneuver+1","floor":40.0},{"not_picked":["Setup","Underhanded Strike","Dagger Spray"],"picked":"SKIP","floor":41.0},{"not_picked":["Poisoned Stab","Blade Dance"],"picked":"Reflex","floor":42.0},{"not_picked":["Blade Dance+1","Bane"],"picked":"Reflex","floor":44.0},{"not_picked":["Backstab","Masterful Stab+1"],"picked":"Concentrate","floor":45.0},{"not_picked":["Deadly Poison","Outmaneuver"],"picked":"Venomology","floor":47.0},{"not_picked":["Outmaneuver","PiercingWail"],"picked":"Prepared","floor":53.0},{"not_picked":["A Thousand Cuts","Backstab","Heel Hook"],"picked":"SKIP","floor":55.0}],"player_experience":1337255,"relics_obtained":[{"floor":7.0,"key":"Bird Faced Urn"},{"floor":12.0,"key":"Snake Skull"},{"floor":14.0,"key":"Dream Catcher"},{"floor":24.0,"key":"Blood Vial"},{"floor":26.0,"key":"Tiny Chest"},{"floor":28.0,"key":"Potion Belt"},{"floor":31.0,"key":"Smiling Mask"},{"floor":38.0,"key":"Pocketwatch"},{"floor":39.0,"key":"Du-Vu Doll"},{"floor":40.0,"key":"Happy Flower"},{"floor":42.0,"key":"CeramicFish"},{"floor":43.0,"key":"Boot"},{"floor":47.0,"key":"Vajra"},{"floor":55.0,"key":"Pear"}],"event_choices":[{"damage_healed":0.0,"max_hp_gain":0.0,"max_hp_loss":0.0,"gold_gain":0.0,"event_name":"Lab","player_choice":"Got Potions","floor":2.0,"gold_loss":0.0,"damage_taken":0.0},{"damage_healed":0.0,"max_hp_gain":5.0,"max_hp_loss":0.0,"gold_gain":0.0,"event_name":"Big Fish","player_choice":"Donut","floor":5.0,"gold_loss":0.0,"damage_taken":0.0},{"damage_healed":0.0,"max_hp_gain":0.0,"max_hp_loss":0.0,"gold_gain":0.0,"event_name":"Addict","player_choice":"Obtained Relic","floor":19.0,"gold_loss":85.0,"damage_taken":0.0,"relics_obtained":["Strawberry"]},{"damage_healed":0.0,"max_hp_gain":0.0,"max_hp_loss":0.0,"gold_gain":50.0,"event_name":"Nest","player_choice":"Stole From Cult","floor":21.0,"gold_loss":0.0,"damage_taken":0.0},{"damage_healed":0.0,"max_hp_gain":0.0,"max_hp_loss":0.0,"gold_gain":0.0,"event_name":"Forgotten Altar","player_choice":"Smashed Altar","floor":22.0,"gold_loss":0.0,"damage_taken":0.0,"cards_obtained":["Decay"]},{"damage_healed":0.0,"max_hp_gain":0.0,"max_hp_loss":0.0,"gold_gain":0.0,"event_name":"SensoryStone","player_choice":"Memory 3","floor":36.0,"gold_loss":0.0,"damage_taken":10.0},{"damage_healed":0.0,"max_hp_gain":0.0,"max_hp_loss":0.0,"gold_gain":0.0,"event_name":"Mysterious Sphere","player_choice":"Fight","floor":38.0,"gold_loss":0.0,"damage_taken":0.0}],"is_beta":false,"boss_relics":[{"not_picked":["Snecko Eye","Busted Crown","Sozu"]},{"not_picked":["Calling Bell","Cursed Key"],"picked":"Runic Dome"}],"items_purged_floors":[37,46,48,54],"is_endless":false,"potions_floor_spawned":[4,7,12,14,20,28,30,31,38,42],"killed_by":"The Heart","ascension_level":20}}