{"host":"8ps3pfk2b2drr3ex","time":1609868982,"event":{"mods":["2.2 Compatiblity","AchievementEnabler","Act Like it!","BaseMod","Bestiary","Better Match","BetterRewards","Card Forge","Colored Map","Colored Powertips","Conspire","Downfall","Evolution","Friendly Minions","Gensokyo","GifTheSpireLib","Gold Saver","Hallownest","Hubris","Minty Spire (QoL Compilation)","Permanent Neow","Random Character Button","Random Character Mod","Rare Cards Sparkle","Relic Filter","Replay The Spire","Shop Mod","StSLib","Stuff the Spire","The Animator","The Bug Knight"],"gold_per_floor":[657,859,871,896,928,970,970,410,410,410,410,435,435,469,469,597,697,712,740,553,553,553,592,592,631,658,717,476,476,476,492,492,597,597,609,625,625,625,625,625,647,683,683,683,714,625,642,662,662,666,666,666,529,564,568],"floor_reached":56,"playtime":13828,"items_purged":["animator:Defend","animator:Strike","animator:Strike","animator:Defend"],"score":1657,"play_id":"b00df9b8-32ad-41b3-a235-4d2864dabc91","local_time":"20210105124942","is_ascension_mode":true,"campfire_choices":[{"data":"animator:Kaijin","floor":7.0,"key":"SMITH"},{"data":"animator:Yuuichirou","floor":10.0,"key":"SMITH"},{"data":"animator:KyokoSakura","floor":13.0,"key":"SMITH"},{"data":"animator:YachiyoNanami","floor":15.0,"key":"SMITH"},{"data":"animator:TakanashiRikka","floor":24.0,"key":"SMITH"},{"floor":29.0,"key":"RECALL"},{"data":"animator:KotoriKanbe","floor":32.0,"key":"SMITH"},{"data":"animator:HigakiRinne","floor":40.0,"key":"SMITH"},{"data":"animator:Hans","floor":44.0,"key":"SMITH"},{"data":"1","floor":49.0,"key":"LIFT"},{"data":"2","floor":52.0,"key":"LIFT"}],"circlet_count":0,"master_deck":["animator:Strike_GoblinSlayer+1","animator:Defend_GoblinSlayer","animator:Strike","animator:Defend+1","animator:LizardPriest","animator:DwarfShaman","animator:Mikaela","ReplayTheSpireMod:Splinters","animator:SayakaMiki","animator:Shinoa","animator:ElricAlphonse","animator:Kaijin+1","animator:GuildGirl","animator:Megumin+14","animator:WinryRockbell","animator:Yuuichirou+1","animator:KyokoSakura+1","animator:YachiyoNanami+1","animator:Greed","animator:Pride","animator:Canti","animator:TakanashiRikka+1","animator:KrulTepes","animator:KotoriKanbe+1","animator:Shigure+1","animator:Aqua+1","animator:HigakiRinne","animator:HigakiRinne+1","animator:Greed","animator:Hans+1","animator:Biyorigo+1","animator:WinryRockbell"],"relics":["animator:LivingPicture","animator:TheMissingPiece","Hammer of Thor","Seething Fire","Anvil of the Gods","EVO:Axolotl","StuffTheSpire:HeavyRock","Bird Faced Urn","Membership Card","FossilizedHelix","Ancient Tea Set","Onion Ring","The Courier","Replay:Bronze Core","Replay:Wanted Poster","SlaversCollar","MerchantsRug","Blood Vial","Lantern","Blood Vial","ReplayTheSpireMod:TigerMarble","Blood Vial","conspire:GiftBox","animator:WizardHat","Blood Vial","Coffee Dripper","hubris:Towel","ReplayTheSpireMod:Ninjato","Blood Vial","Golden Egg","Pondfish Scales","Girya","Replay:Rubber Ducky"],"acts_visited":["Exordium","TheCity","TheBeyond","TheEnding"],"potions_floor_usage":[55,55],"damage_taken":[{"damage":0.0,"enemies":"Jaw Worm","floor":1.0,"turns":4.0},{"damage":0.0,"enemies":"Small Slimes","floor":3.0,"turns":5.0},{"damage":0.0,"enemies":"2 Louse","floor":4.0,"turns":4.0},{"damage":14.0,"enemies":"conspire:MimicChest","floor":5.0,"turns":7.0},{"damage":8.0,"enemies":"Gremlin Nob","floor":6.0,"turns":5.0},{"damage":0.0,"enemies":"conspire:2 RoseBushes","floor":12.0,"turns":4.0},{"damage":9.0,"enemies":"3 Sentries","floor":14.0,"turns":5.0},{"damage":0.0,"enemies":"Slime Boss","floor":16.0,"turns":12.0},{"damage":0.0,"enemies":"Spheric Guardian","floor":18.0,"turns":9.0},{"damage":23.0,"enemies":"conspire:FuzzyDice","floor":19.0,"turns":6.0},{"damage":0.0,"enemies":"conspire:Head Lice","floor":23.0,"turns":10.0},{"damage":0.0,"enemies":"HollowMod:Nosk","floor":25.0,"turns":7.0},{"damage":0.0,"enemies":"animator:HornedBat","floor":27.0,"turns":7.0},{"damage":0.0,"enemies":"Centurion and Healer","floor":31.0,"turns":1.0},{"damage":0.0,"enemies":"Automaton","floor":33.0,"turns":9.0},{"damage":0.0,"enemies":"Orb Walker","floor":35.0,"turns":3.0},{"damage":0.0,"enemies":"3 Darklings","floor":36.0,"turns":4.0},{"damage":0.0,"enemies":"Jaw Worm Horde","floor":41.0,"turns":2.0},{"damage":0.0,"enemies":"HollowMod:StalkingDevout","floor":42.0,"turns":6.0},{"damage":0.0,"enemies":"Reptomancer","floor":45.0,"turns":4.0},{"damage":0.0,"enemies":"Sphere and 2 Shapes","floor":47.0,"turns":1.0},{"damage":11.0,"enemies":"3 Darklings","floor":48.0,"turns":5.0},{"damage":0.0,"enemies":"Time Eater","floor":50.0,"turns":14.0},{"damage":27.0,"enemies":"Shield and Spear","floor":54.0,"turns":6.0},{"damage":16,"enemies":"The Heart","floor":55,"turns":9}],"seed_played":"5912799840403117043","potions_obtained":[{"floor":4.0,"key":"Fire Potion"},{"floor":6.0,"key":"conspire:TimeTravelPotion"},{"floor":16.0,"key":"Ancient Potion"},{"floor":31.0,"key":"Fire Potion"},{"floor":35.0,"key":"Flashbang"},{"floor":36.0,"key":"Cursed Concoction"}],"is_trial":false,"path_per_floor":["M","?","M","M","?","E","R","$","T","R","?","M","R","E","R","B",null,"M","M","$","?","?","E","R","E","T","E","$","R","?","M","R","B",null,"M","M","?","?","?","R","M","E","T","R","E","?","M","M","R","B",null,"R","$","E","B",null],"character_chosen":"THE_ANIMATOR","items_purchased":["Membership Card","FossilizedHelix","Ancient Tea Set","Adrenaline Potion","animator:Megumin","animator:WinryRockbell","animator:Yuuichirou","Explosive Potion","MerchantsRug","animator:Canti","animator:TakanashiRikka","animator:KrulTepes","animator:KotoriKanbe","animator:HigakiRinne","animator:WizardHat","animator:Biyorigo"],"campfire_rested":0,"item_purchase_floors":[8,8,8,8,8,8,8,8,20,20,20,20,20,28,28,53],"current_hp_per_floor":[72,72,72,72,58,50,50,50,50,50,50,56,56,53,53,62,73,73,54,54,54,54,66,66,73,73,73,73,73,73,73,73,73,73,73,73,73,73,73,73,73,73,73,73,73,73,73,71,71,73,73,73,73,60,73],"gold":568,"neow_bonus":"TEN_PERCENT_HP_BONUS","is_daily":false,"chose_seed":false,"campfire_upgraded":8,"win_rate":0.0,"timestamp":1609868982,"path_taken":["M","?","M","M","?","E","R","$","T","R","?","M","R","E","R","BOSS","M","M","$","?","?","E","R","E","T","E","$","R","?","M","R","BOSS","M","M","?","?","?","R","M","E","T","R","E","?","M","?","R","BOSS","R","$","E","BOSS"],"items_purchased_type":["Relic","Relic","Relic","Potion","Card","Card","Card","Potion","Relic","Card","Card","Card","Card","Card","Relic","Card"],"build_version":"2020-12-22","purchased_purges":4,"victory":true,"max_hp_per_floor":[72,72,72,72,72,72,72,72,72,72,72,72,72,72,72,73,73,73,73,73,73,73,73,73,73,73,73,73,73,73,73,73,73,73,73,73,73,73,73,73,73,73,73,73,73,73,73,73,73,73,73,73,73,73,73],"card_choices":[{"not_picked":["animator:CowGirl","animator:Vanir"],"picked":"animator:Mikaela","floor":1.0},{"not_picked":["animator:Vanir","animator:Togame"],"picked":"animator:SayakaMiki","floor":2.0},{"not_picked":["animator:Azekura","animator:TsurugaMeisai"],"picked":"animator:Shinoa","floor":3.0},{"not_picked":["animator:Hakurou","animator:Shinoa"],"picked":"animator:ElricAlphonse","floor":4.0},{"not_picked":["animator:DwarfShaman","animator:ElricAlphonse"],"picked":"animator:Kaijin","floor":5.0},{"not_picked":["animator:Priestess","animator:LizardPriest"],"picked":"animator:GuildGirl","floor":6.0},{"not_picked":["animator:DwarfShaman","animator:Souei"],"picked":"animator:KyokoSakura","floor":12.0},{"not_picked":["animator:Kazuma","animator:HiiragiShinya"],"picked":"animator:YachiyoNanami","floor":14.0},{"not_picked":["animator:Guren","animator:HomuraAkemi"],"picked":"animator:Greed","floor":16.0},{"not_picked":["animator:MamiTomoe+1","animator:Emonzaemon+1","animator:Benimaru"],"picked":"SKIP","floor":18.0},{"not_picked":["animator:Gluttony","animator:MaesHughes"],"picked":"animator:Pride","floor":19.0},{"not_picked":["animator:MaesHughes+1","animator:OrikoMikuni"],"picked":"animator:Shigure+1","floor":23.0},{"not_picked":["animator:Vesta","animator:Shuna"],"picked":"animator:Aqua+1","floor":25.0},{"not_picked":["animator:Father","animator:Rimuru"],"picked":"animator:HigakiRinne","floor":27.0},{"not_picked":["animator:Shichika","animator:Togame","animator:Benimaru"],"picked":"SKIP","floor":27.0},{"not_picked":["animator:GoblinSlayer","animator:Rimuru"],"picked":"animator:Greed","floor":33.0},{"not_picked":["animator:KyokoSakura","animator:Shion","animator:DwarfShaman+1"],"picked":"SKIP","floor":35.0},{"not_picked":["animator:UneriGinkaku+1","animator:Yoichi","animator:YuiTsuruno+1"],"picked":"SKIP","floor":36.0},{"not_picked":["animator:UneriGinkaku+1","animator:Yoichi","animator:YuiTsuruno+1"],"picked":"SKIP","floor":36.0},{"not_picked":["animator:YuiTsuruno+1","animator:Verdia+1","animator:Millim+1"],"picked":"SKIP","floor":41.0},{"not_picked":["animator:DwarfShaman","animator:Yoichi"],"picked":"animator:Hans","floor":42.0},{"not_picked":["animator:Scar","animator:Shigure","animator:Azekura+1"],"picked":"SKIP","floor":45.0},{"not_picked":["animator:DwarfShaman+1","animator:KyokoSakura","animator:CowGirl"],"picked":"SKIP","floor":47.0},{"not_picked":["animator:Scar+1","animator:Priestess","animator:UneriGinkaku"],"picked":"SKIP","floor":48.0},{"not_picked":["animator:Hakurou","animator:Kyubey"],"picked":"animator:WinryRockbell","floor":54.0}],"player_experience":1127985,"relics_obtained":[{"floor":5.0,"key":"StuffTheSpire:HeavyRock"},{"floor":6.0,"key":"Bird Faced Urn"},{"floor":9.0,"key":"Onion Ring"},{"floor":14.0,"key":"The Courier"},{"floor":23.0,"key":"Blood Vial"},{"floor":23.0,"key":"Lantern"},{"floor":25.0,"key":"Blood Vial"},{"floor":25.0,"key":"ReplayTheSpireMod:TigerMarble"},{"floor":27.0,"key":"Blood Vial"},{"floor":27.0,"key":"conspire:GiftBox"},{"floor":33.0,"key":"Blood Vial"},{"floor":42.0,"key":"ReplayTheSpireMod:Ninjato"},{"floor":42.0,"key":"Blood Vial"},{"floor":43.0,"key":"Golden Egg"},{"floor":45.0,"key":"Pondfish Scales"},{"floor":54.0,"key":"Replay:Rubber Ducky"}],"event_choices":[{"damage_healed":0.0,"max_hp_gain":0.0,"max_hp_loss":0.0,"gold_gain":0.0,"event_name":"conspire:Investor","player_choice":"Leave","floor":30.0,"gold_loss":0.0,"damage_taken":0.0},{"damage_healed":0.0,"max_hp_gain":0.0,"max_hp_loss":0.0,"gold_gain":0.0,"event_name":"WeMeetAgain","player_choice":"Paid Gold","floor":46.0,"gold_loss":89.0,"damage_taken":0.0,"relics_obtained":["Girya"]}],"is_beta":false,"boss_relics":[{"not_picked":["hubris:Backtick","Pandora\u0027s Box"],"picked":"Replay:Grab Bag"},{"not_picked":["Fusion Hammer","conspire:SlowCooker"],"picked":"Replay:Bronze Core"},{"not_picked":["ChewingGum","ReplayTheSpireMod:Onyx Gauntlets"],"picked":"Replay:Wanted Poster"},{"not_picked":["SacredBark","Calling Bell"],"picked":"SlaversCollar"},{"not_picked":["Replay:Ancient Bell","Busted Crown"],"picked":"Coffee Dripper"}],"items_purged_floors":[8,20,28,53],"is_endless":false,"potions_floor_spawned":[4,6,16,19,31,33,35,36,42,48],"ascension_level":1}}