{"host":"0jugj35n0ams2iav","time":1609889687,"event":{"mods":["BaseMod","Downfall","Hubris","Minty Spire (QoL Compilation)","Replay The Spire","StSLib","The Cursed","The Marked"],"gold_per_floor":[99,113,113,126,146,159,185,185,285,311,311,311,311,323,323,383,403,501,501,501,360,360,374,393,393,393,32,32,46,60,89,104,104,119,219,219,69,86,101,101,101,114,114,441,454,379,444,462,480,480,480,480],"floor_reached":50,"playtime":7121,"items_purged":[],"score":596,"play_id":"727e8e86-a1df-4aa4-87c8-3ccbead5469e","local_time":"20210105233447","is_ascension_mode":false,"campfire_choices":[{"floor":1.0,"key":"RECALL"},{"data":"Slimebound:SlimeSlap","floor":11.0,"key":"SMITH"},{"floor":15.0,"key":"REST"},{"floor":20.0,"key":"DIG"},{"data":"Slimebound:Split","floor":25.0,"key":"SMITH"},{"data":"Slimebound:Replication","floor":28.0,"key":"SMITH"},{"data":"Slimebound:Strike_Slimebound","floor":37.0,"key":"PURGE"},{"data":"Slimebound:OozeBath","floor":46,"key":"SMITH"}],"circlet_count":0,"master_deck":["Slimebound:Strike_Slimebound","Slimebound:Tackle","Slimebound:Defend_Slimebound","Slimebound:Defend_Slimebound","Slimebound:Defend_Slimebound","Slimebound:Split+1","Slimebound:CorrosiveSpit","Slimebound:FirmFortitude","Slimebound:LeechingTouch","Slimebound:SplitBruiser","Slimebound:SlimeTap","Slimebound:SlimeSlap+1","Slimebound:SamplingLick","Slimebound:PressTheAttack","Slimebound:ViciousTackle","Slimebound:Overexert","Slimebound:SpikyOuterGoop+1","Slimebound:SplitLeeching","Slimebound:SplitBruiser","Slimebound:SplitLeeching","Slimebound:OozeBath+1","Slimebound:RainOfGoop","Slimebound:Replication+1","Slimebound:SplitAcid","Slimebound:SplitMire","Slimebound:SamplingLick","Slimebound:FormOfPuddle+1","Slimebound:LeadByExample","Slimebound:LeechLife","Slimebound:DuplicatedForm+1","Slimebound:SlimeSpikes+1","Slimebound:Repurpose","Slimebound:SlimeSpikes+1","Slimebound:LeadByExample+1","Slimebound:SlimeBrawl+1","Slimebound:SamplingLick+1"],"relics":["m_BurningSludge","Toy Ornithopter","Toy Ornithopter","hubris:AstralHammer","hubris:HollowSoul","Onion Ring","hubris:Towel","Potion Belt","Blood Vial","Ice Cream","Black Star","downfall:HeartBlessingRed","downfall:HeartBlessingGreen","Toxic Egg 2","Old Coin","Replay:Kaleidoscope","downfall:HeartBlessingBlue","Replay:Bottled Flurry"],"acts_visited":["Exordium","TheCity","TheBeyond"],"potions_floor_usage":[44,44,44,49,50],"damage_taken":[{"damage":9.0,"enemies":"Small Slimes","floor":2.0,"turns":3.0},{"damage":5.0,"enemies":"Cultist","floor":4.0,"turns":4.0},{"damage":0.0,"enemies":"2 Louse","floor":5.0,"turns":2.0},{"damage":23.0,"enemies":"Blue Slaver","floor":6.0,"turns":4.0},{"damage":50.0,"enemies":"downfall:LadyInBlue","floor":9.0,"turns":11.0},{"damage":24.0,"enemies":"Lagavulin","floor":10.0,"turns":4.0},{"damage":13.0,"enemies":"Red Slaver","floor":14.0,"turns":3.0},{"damage":38.0,"enemies":"Gremlin Nob","floor":16.0,"turns":4.0},{"damage":7.0,"enemies":"2 Fungi Beasts","floor":17.0,"turns":3.0},{"damage":36.0,"enemies":"downfall:Silent","floor":18.0,"turns":6.0},{"damage":12.0,"enemies":"downfall:FleeingMerchant","floor":21.0,"turns":4.0},{"damage":38.0,"enemies":"3 Byrds","floor":23.0,"turns":4.0},{"damage":25.0,"enemies":"Spheric Guardian","floor":24.0,"turns":4.0},{"damage":34.0,"enemies":"downfall:FleeingMerchant","floor":27.0,"turns":4.0},{"damage":25.0,"enemies":"3 Cultists","floor":29.0,"turns":4.0},{"damage":47.0,"enemies":"Sentry and Sphere","floor":30.0,"turns":4.0},{"damage":60.0,"enemies":"Book of Stabbing","floor":31.0,"turns":4.0},{"damage":27.0,"enemies":"Chosen and Byrds","floor":32.0,"turns":5.0},{"damage":17.0,"enemies":"Snake Plant","floor":34.0,"turns":3.0},{"damage":49.0,"enemies":"downfall:Defect","floor":35.0,"turns":6.0},{"damage":18.0,"enemies":"3 Shapes","floor":38.0,"turns":5.0},{"damage":44.0,"enemies":"Orb Walker","floor":39.0,"turns":3.0},{"damage":80.0,"enemies":"Transient","floor":42.0,"turns":5.0},{"damage":65,"enemies":"Giant Head","floor":44,"turns":7},{"damage":62,"enemies":"Spire Growth","floor":45,"turns":5},{"damage":38,"enemies":"3 Darklings","floor":48,"turns":6},{"damage":32,"enemies":"4 Shapes","floor":49,"turns":6},{"damage":28,"enemies":"Reptomancer","floor":50,"turns":4}],"seed_played":"4589913692418581088","potions_obtained":[{"floor":5.0,"key":"SpeedPotion"},{"floor":6.0,"key":"sneckomod:MuddlingPotion"},{"floor":9.0,"key":"Explosive Potion"},{"floor":9.0,"key":"DistilledChaos"},{"floor":9.0,"key":"Slimebound:SlimedPotion"},{"floor":16.0,"key":"BlessingOfTheForge"},{"floor":17.0,"key":"AttackPotion"},{"floor":29.0,"key":"GamblersBrew"},{"floor":30.0,"key":"DuplicationPotion"},{"floor":32.0,"key":"DistilledChaos"},{"floor":34.0,"key":"SpeedPotion"},{"floor":35.0,"key":"AttackPotion"},{"floor":38.0,"key":"ColorlessPotion"},{"floor":44,"key":"Doom Potion"},{"floor":47,"key":"sneckomod:MuddlingPotion"},{"floor":48,"key":"PowerPotion"},{"floor":49,"key":"Milkshake"}],"is_trial":false,"path_per_floor":["R","M","?","M","M","M","T","?","?","E","R","PTL","PTL","M","R","?","M","B",null,"R","$","?","M","M","R","T","$","R","M","M","E","M","?","M","B",null,"R","M","M","?","?","M","T","E","M","R","?","M","M","E"],"character_chosen":"SLIMEBOUND","items_purchased":["Fruit Juice","Slimebound:SplitLeeching","Slimebound:RainOfGoop","Blood Vial","Adrenaline Potion","Slimebound:Replication"],"campfire_rested":1,"item_purchase_floors":[21,21,27,27,27,27],"current_hp_per_floor":[66,65,65,66,66,55,55,55,17,13,13,13,13,22,41,13,18,12,66,66,62,62,55,48,48,48,44,44,49,48,30,35,35,50,41,71,71,71,57,57,57,35,35,49,61,71,39,35,49,0,0,0],"gold":480,"neow_bonus":"TEN_PERCENT_HP_BONUS","is_daily":false,"chose_seed":false,"campfire_upgraded":4,"win_rate":0.0,"timestamp":1609889687,"path_taken":["R","M","?","M","?","M","T","?","?","E","R","PTL","PTL","?","R","?","M","BOSS","R","$","?","M","M","R","T","$","R","M","M","E","M","?","M","BOSS","R","M","?","?","?","M","T","E","M","R","?","M","M","E"],"items_purchased_type":["Potion","Card","Card","Relic","Potion","Card"],"build_version":"2020-12-22","purchased_purges":0,"victory":false,"max_hp_per_floor":[66,66,66,66,66,66,66,66,66,66,66,66,66,66,66,66,66,66,66,66,66,66,71,71,71,71,71,71,71,71,71,71,71,71,71,71,71,71,71,71,71,71,71,71,71,81,81,81,81,81,81,81],"card_choices":[{"not_picked":["Slimebound:RollThrough","Slimebound:DisruptingSlam"],"picked":"Slimebound:FirmFortitude","floor":2.0},{"not_picked":["Slimebound:SplitLeeching","Slimebound:SplitAcid"],"picked":"Slimebound:LeechingTouch","floor":4.0},{"not_picked":["Slimebound:TongueLash","Slimebound:SplitLeeching"],"picked":"Slimebound:SplitBruiser","floor":5.0},{"not_picked":["Slimebound:FinishingTackle","Slimebound:SplitBruiser","Slimebound:LeechingTouch"],"picked":"SKIP","floor":6.0},{"not_picked":["Offering","Slimebound:ComboTackle"],"picked":"Slimebound:SlimeTap","floor":9.0},{"not_picked":["Slimebound:SamplingLick","Slimebound:SplitAcid"],"picked":"Slimebound:SlimeSlap","floor":10.0},{"not_picked":["Slimebound:Nibble","Slimebound:RollThrough"],"picked":"Slimebound:SamplingLick","floor":14.0},{"not_picked":["Slimebound:ComboTackle","Slimebound:SplitAcid"],"picked":"Slimebound:PressTheAttack","floor":16.0},{"not_picked":["Slimebound:SplitBruiser","Slimebound:RainOfGoop"],"picked":"Slimebound:ViciousTackle","floor":17.0},{"not_picked":["Offering","Reaper"],"picked":"Slimebound:Overexert","floor":18.0},{"not_picked":["Slimebound:LeadByExample","Slimebound:FlameTackle+1"],"picked":"Slimebound:SpikyOuterGoop+1","floor":21.0},{"not_picked":["Slimebound:PressTheAttack","Slimebound:SlimeBarrage"],"picked":"Slimebound:SplitBruiser","floor":23.0},{"not_picked":["Slimebound:SpikyOuterGoop","Slimebound:LeechingTouch"],"picked":"Slimebound:SplitLeeching","floor":24.0},{"not_picked":["Slimebound:SplitLeeching+1","Slimebound:SlimeSpikes"],"picked":"Slimebound:OozeBath","floor":27.0},{"not_picked":["Slimebound:ForwardTackle","Slimebound:GoopTackle"],"picked":"Slimebound:SplitAcid","floor":29.0},{"not_picked":["Slimebound:ViciousTackle","Slimebound:Equalize"],"picked":"Slimebound:SplitMire","floor":30.0},{"not_picked":["Slimebound:GoopSpray","Slimebound:SplitLeeching+1"],"picked":"Slimebound:SamplingLick","floor":31.0},{"not_picked":["Slimebound:LeechEnergy","Slimebound:Gluttony"],"picked":"Slimebound:FormOfPuddle+1","floor":32.0},{"not_picked":["Slimebound:DisruptingSlam","Slimebound:MegaLick"],"picked":"Slimebound:LeadByExample","floor":34.0},{"not_picked":["Slimebound:DouseInSlime","Slimebound:OozeBath"],"picked":"Slimebound:LeechLife","floor":35.0},{"not_picked":["Slimebound:SamplingLick+1","Slimebound:RollThrough+1"],"picked":"Slimebound:DuplicatedForm","floor":38.0},{"not_picked":["Slimebound:FormOfPuddle","Slimebound:GrowthPunch+1"],"picked":"Slimebound:SlimeSpikes+1","floor":39.0},{"not_picked":["Slimebound:SplitBruiser","Slimebound:Equalize"],"picked":"Slimebound:Repurpose","floor":42.0},{"not_picked":["Slimebound:SpikyOuterGoop+1","Slimebound:RollThrough+1","Slimebound:FirmFortitude"],"picked":"SKIP","floor":44},{"not_picked":["Slimebound:Nibble","Slimebound:SplitAcid+1"],"picked":"Slimebound:SlimeSpikes+1","floor":45},{"not_picked":["Slimebound:FinishingTackle","Slimebound:SplitLeeching+1"],"picked":"Slimebound:LeadByExample+1","floor":47},{"not_picked":["Slimebound:FinishingTackle+1","Sword Boomerang"],"picked":"Slimebound:SlimeBrawl+1","floor":48},{"not_picked":["Slimebound:SplitLeeching+1","Slimebound:SplitBruiser+1"],"picked":"Slimebound:SamplingLick+1","floor":49}],"player_experience":100994,"relics_obtained":[{"floor":9.0,"key":"Toy Ornithopter"},{"floor":10.0,"key":"Toy Ornithopter"},{"floor":20.0,"key":"Onion Ring"},{"floor":26.0,"key":"Potion Belt"},{"floor":31.0,"key":"Ice Cream"},{"floor":43.0,"key":"Toxic Egg 2"},{"floor":44,"key":"Old Coin"},{"floor":44,"key":"Replay:Kaleidoscope"},{"floor":47,"key":"Replay:Bottled Flurry"}],"event_choices":[{"cards_removed":["Slimebound:Defend_Slimebound"],"damage_healed":0.0,"max_hp_gain":0.0,"max_hp_loss":0.0,"gold_gain":0.0,"event_name":"Purifier","player_choice":"Purged","floor":3.0,"gold_loss":0.0,"damage_taken":0.0},{"cards_removed":["Slimebound:Strike_Slimebound"],"damage_healed":0.0,"max_hp_gain":0.0,"max_hp_loss":0.0,"gold_gain":0.0,"event_name":"Falling","player_choice":"Removed Attack","floor":41.0,"gold_loss":0.0,"damage_taken":0.0}],"is_beta":false,"boss_relics":[{"not_picked":["Kintsugi","hubris:RunicObelisk"],"picked":"hubris:HollowSoul"},{"not_picked":["Replay:Ancient Bell","hubris:Backtick"],"picked":"Black Star"}],"items_purged_floors":[],"is_endless":false,"potions_floor_spawned":[5,6,16,17,29,30,32,34,35,38,44,48,49],"killed_by":"Reptomancer","ascension_level":0}}