{"host":"kg61lsvem4dxoat8","time":1609839487,"event":{"mods":["BaseMod","Colored Powertips","Minty Spire (QoL Compilation)","Quick Restart","Rare Cards Sparkle","Relic Stats","slay the spire mod where everything is the same but ironclad has a cowboy hat"],"gold_per_floor":[111,129,129,141,141,141,170,180,180,209,209,219,294,244,244,347,347,366,380,380,204,218,218,236,236,236,236,136,136,169,169,169,269,269,283,299,299,299,310,310,310,328,328,328,103,118,131,149,149,149],"floor_reached":51,"playtime":1944,"items_purged":["Strike_R","Writhe","Strike_R"],"score":940,"play_id":"b8f6e980-4f4b-48bc-af97-c656945f6c12","local_time":"20210105173807","is_ascension_mode":true,"campfire_choices":[{"data":"Inflame","floor":6,"key":"SMITH"},{"data":"Infernal Blade","floor":11,"key":"SMITH"},{"data":"Carnage","floor":15,"key":"SMITH"},{"data":"True Grit","floor":23,"key":"SMITH"},{"data":"Metallicize","floor":25,"key":"SMITH"},{"data":"Bash","floor":32,"key":"SMITH"},{"data":"Limit Break","floor":40,"key":"SMITH"},{"floor":49,"key":"REST"}],"circlet_count":0,"master_deck":["Strike_R+1","Strike_R","Defend_R+1","Defend_R","Defend_R","Bash+1","Flame Barrier+1","Inflame+1","Dropkick","Carnage+1","Infernal Blade+1","Double Tap","Shrug It Off+1","True Grit+1","Metallicize+1","Limit Break+1","Ghostly Armor","Dark Shackles","Pummel","Metallicize"],"relics":["Burning Blood","NeowsBlessing","Toy Ornithopter","Pear","Gambling Chip","Velvet Choker","Bottled Tornado","Prayer Wheel","Enchiridion","Singing Bowl","Busted Crown","StrikeDummy"],"acts_visited":["Exordium","TheCity","TheBeyond"],"potions_floor_usage":[7,30,33,33,50,50,50],"damage_taken":[{"damage":0,"enemies":"Small Slimes","floor":1,"turns":1},{"damage":0,"enemies":"Cultist","floor":2,"turns":1},{"damage":0,"enemies":"Jaw Worm","floor":4,"turns":1},{"damage":11,"enemies":"Lagavulin","floor":7,"turns":8},{"damage":7,"enemies":"3 Louse","floor":8,"turns":3},{"damage":25,"enemies":"3 Sentries","floor":10,"turns":7},{"damage":1,"enemies":"Looter","floor":12,"turns":3},{"damage":8,"enemies":"Slime Boss","floor":16,"turns":6},{"damage":7,"enemies":"Chosen","floor":18,"turns":3},{"damage":0,"enemies":"3 Byrds","floor":19,"turns":3},{"damage":0,"enemies":"Cultist and Chosen","floor":22,"turns":4},{"damage":2,"enemies":"Snecko","floor":24,"turns":4},{"damage":12,"enemies":"Book of Stabbing","floor":30,"turns":5},{"damage":78,"enemies":"Collector","floor":33,"turns":11},{"damage":14,"enemies":"3 Shapes","floor":35,"turns":4},{"damage":8,"enemies":"Orb Walker","floor":36,"turns":3},{"damage":0,"enemies":"Transient","floor":39,"turns":5},{"damage":34,"enemies":"Writhing Mass","floor":42,"turns":6},{"damage":8,"enemies":"Sphere and 2 Shapes","floor":46,"turns":4},{"damage":0,"enemies":"Maw","floor":47,"turns":6},{"damage":13,"enemies":"Transient","floor":48,"turns":5},{"damage":83,"enemies":"Awakened One","floor":50,"turns":9}],"seed_played":"-5912494280021370717","potions_obtained":[{"floor":1,"key":"Dexterity Potion"},{"floor":2,"key":"Weak Potion"},{"floor":10,"key":"ElixirPotion"},{"floor":16,"key":"CultistPotion"},{"floor":33,"key":"Dexterity Potion"},{"floor":36,"key":"Strength Potion"}],"is_trial":false,"path_per_floor":["M","M","?","M","?","R","E","M","T","E","R","M","?","?","R","B",null,"M","M","?","$","M","R","M","R","T","?","$","?","E","?","R","B",null,"M","M","?","?","M","R","?","M","T","?","$","M","M","M","R","B",null],"character_chosen":"IRONCLAD","items_purchased":["EntropicBrew","CultistPotion"],"campfire_rested":1,"item_purchase_floors":[21,45],"current_hp_per_floor":[80,80,80,80,64,64,59,58,68,49,49,54,43,43,43,41,78,77,83,83,83,89,89,90,90,90,90,90,74,75,75,75,13,72,68,68,68,68,78,78,78,54,54,54,54,54,64,59,93,31],"gold":149,"neow_bonus":"THREE_ENEMY_KILL","is_daily":false,"chose_seed":false,"campfire_upgraded":7,"win_rate":0.0,"timestamp":1609839487,"path_taken":["M","M","?","?","?","R","E","M","T","E","R","M","?","?","R","BOSS","M","M","?","$","M","R","M","R","T","?","?","?","E","?","R","BOSS","M","M","?","?","M","R","?","M","T","?","?","M","M","M","R","BOSS"],"items_purchased_type":["Potion","Potion"],"build_version":"2020-12-22","purchased_purges":3,"victory":true,"max_hp_per_floor":[80,80,80,80,80,80,80,80,90,90,90,90,90,90,90,90,90,90,90,90,90,90,90,90,90,90,90,90,90,92,92,92,92,92,96,98,98,98,102,102,102,106,106,106,106,108,112,114,114,114],"relic_stats":{"Busted Crown":30,"Singing Bowl":24,"counters":[22,102],"Gambling Chip":[20],"Prayer Wheel":7,"obtain_stats":[{"Pear":9,"Busted Crown":34,"NeowsBlessing":0,"Singing Bowl":30,"Gambling Chip":10,"Velvet Choker":17,"Enchiridion":29,"Prayer Wheel":27,"Bottled Tornado":26,"StrikeDummy":43,"Burning Blood":0,"Toy Ornithopter":7},{"Pear":5,"Busted Crown":14,"NeowsBlessing":0,"Singing Bowl":13,"Gambling Chip":6,"Velvet Choker":8,"Enchiridion":12,"Prayer Wheel":12,"Bottled Tornado":12,"StrikeDummy":18,"Burning Blood":0,"Toy Ornithopter":4},{"Pear":14,"Busted Crown":60,"NeowsBlessing":0,"Singing Bowl":49,"Gambling Chip":21,"Velvet Choker":30,"Enchiridion":44,"Prayer Wheel":44,"Bottled Tornado":44,"StrikeDummy":78,"Burning Blood":0,"Toy Ornithopter":11}],"Burning Blood":111,"Toy Ornithopter":30},"card_choices":[{"not_picked":["Battle Trance","Ghostly Armor"],"picked":"Flame Barrier","floor":1},{"not_picked":["Havoc","Armaments","Dark Embrace"],"picked":"SKIP","floor":2},{"not_picked":["Clothesline","Fire Breathing"],"picked":"Inflame","floor":4},{"not_picked":["Armaments","Burning Pact"],"picked":"Dropkick","floor":7},{"not_picked":["Evolve","Perfected Strike"],"picked":"Carnage","floor":8},{"not_picked":["Headbutt","Battle Trance"],"picked":"Infernal Blade","floor":10},{"not_picked":["Wild Strike","Heavy Blade","Flex"],"picked":"SKIP","floor":12},{"not_picked":["Brutality","Impervious"],"picked":"Double Tap","floor":16},{"not_picked":["Wild Strike+1","Rupture"],"picked":"Shrug It Off+1","floor":18},{"not_picked":["Feel No Pain","Sword Boomerang+1","Iron Wave"],"picked":"SKIP","floor":19},{"not_picked":["Feel No Pain","Clothesline"],"picked":"True Grit","floor":22},{"not_picked":["Searing Blow","Cleave"],"picked":"Metallicize","floor":24},{"not_picked":["Sentinel","True Grit","Shrug It Off"],"picked":"Singing Bowl","floor":30},{"not_picked":["Barricade","Impervious"],"picked":"Limit Break","floor":33},{"not_picked":["Armaments"],"picked":"Singing Bowl","floor":35},{"not_picked":["Thunderclap"],"picked":"Singing Bowl","floor":35},{"not_picked":[],"picked":"Ghostly Armor","floor":36},{"not_picked":["Warcry+1"],"picked":"Singing Bowl","floor":36},{"not_picked":[],"picked":"Dark Shackles","floor":37},{"not_picked":["Clash"],"picked":"Singing Bowl","floor":39},{"not_picked":["Power Through"],"picked":"Singing Bowl","floor":39},{"not_picked":["Ghostly Armor+1"],"picked":"Singing Bowl","floor":42},{"not_picked":["Spot Weakness"],"picked":"Singing Bowl","floor":42},{"not_picked":["Warcry+1"],"picked":"Singing Bowl","floor":46},{"not_picked":[],"picked":"Pummel","floor":46},{"not_picked":["Pommel Strike+1"],"picked":"Singing Bowl","floor":47},{"not_picked":["Intimidate+1"],"picked":"Singing Bowl","floor":47},{"not_picked":[],"picked":"Metallicize","floor":48},{"not_picked":["Havoc+1"],"picked":"Singing Bowl","floor":48}],"player_experience":1298329,"relics_obtained":[{"floor":7,"key":"Toy Ornithopter"},{"floor":9,"key":"Pear"},{"floor":10,"key":"Gambling Chip"},{"floor":26,"key":"Bottled Tornado"},{"floor":29,"key":"Enchiridion"},{"floor":30,"key":"Singing Bowl"},{"floor":43,"key":"StrikeDummy"}],"event_choices":[{"damage_healed":0,"gold_gain":0,"player_choice":"Forge","damage_taken":0,"max_hp_gain":0,"max_hp_loss":0,"event_name":"Accursed Blacksmith","floor":3,"gold_loss":0,"cards_upgraded":["Flame Barrier"]},{"damage_healed":0,"gold_gain":0,"player_choice":"Entered Light","damage_taken":16,"max_hp_gain":0,"max_hp_loss":0,"event_name":"Shining Light","floor":5,"gold_loss":0,"cards_upgraded":["Strike_R","Defend_R"]},{"damage_healed":0,"gold_gain":75,"player_choice":"Gather Gold","damage_taken":11,"max_hp_gain":0,"max_hp_loss":0,"event_name":"World of Goop","floor":13,"gold_loss":0},{"cards_removed":["Strike_R"],"damage_healed":0,"gold_gain":0,"player_choice":"Card Removal","damage_taken":0,"max_hp_gain":0,"max_hp_loss":0,"event_name":"The Cleric","floor":14,"gold_loss":50},{"damage_healed":0,"gold_gain":0,"player_choice":"Ignored","damage_taken":0,"max_hp_gain":0,"max_hp_loss":0,"event_name":"Vampires","floor":20,"gold_loss":0},{"damage_healed":0,"gold_gain":0,"player_choice":"Opened","damage_taken":0,"relics_obtained":["Prayer Wheel"],"max_hp_gain":0,"max_hp_loss":0,"event_name":"The Mausoleum","floor":27,"gold_loss":0,"cards_obtained":["Writhe"]},{"damage_healed":0,"gold_gain":0,"player_choice":"Obtained Book","damage_taken":16,"max_hp_gain":0,"max_hp_loss":0,"event_name":"Cursed Tome","floor":29,"gold_loss":0},{"damage_healed":0,"gold_gain":0,"player_choice":"Ignored","damage_taken":0,"max_hp_gain":0,"max_hp_loss":0,"event_name":"Ghosts","floor":31,"gold_loss":0},{"damage_healed":0,"gold_gain":0,"player_choice":"Memory 1","damage_taken":0,"max_hp_gain":0,"max_hp_loss":0,"event_name":"SensoryStone","floor":37,"gold_loss":0},{"damage_healed":0,"gold_gain":0,"player_choice":"Ignored","damage_taken":0,"max_hp_gain":0,"max_hp_loss":0,"event_name":"Mysterious Sphere","floor":38,"gold_loss":0},{"damage_healed":0,"gold_gain":0,"player_choice":"Ignored","damage_taken":0,"max_hp_gain":0,"max_hp_loss":0,"event_name":"Tomb of Lord Red Mask","floor":41,"gold_loss":0},{"cards_removed":["Defend_R"],"damage_healed":0,"gold_gain":0,"player_choice":"Removed Skill","damage_taken":0,"max_hp_gain":0,"max_hp_loss":0,"event_name":"Falling","floor":44,"gold_loss":0}],"is_beta":false,"boss_relics":[{"not_picked":["Calling Bell","Fusion Hammer"],"picked":"Velvet Choker"},{"not_picked":["Cursed Key","Runic Pyramid"],"picked":"Busted Crown"}],"items_purged_floors":[21,28,45],"is_endless":false,"potions_floor_spawned":[1,2,10,16,18,22,33,36,42,48],"ascension_level":5}}