{"host":"0azimyi6n3ugndj4","time":1609863602,"event":{"mods":["2.2 Compatiblity","BaseMod","Bestiary","Conspire","Curses Come First","Defuse TimeMaze Blight","Hermit","Hubris","Hyrulean Relics","Infinite Spire","Jorbs\u0027s Wanderer Trilogy","Minty Spire (QoL Compilation)","Relic Stats","Replay The Spire","StSLib","SuperFastMode","The Cursed","The Hierophant","Uncapped","¡¼?Úª?ø«¡½REMEMod"],"gold_per_floor":[15,15,15,47,47,47,75,75,75,75,95,95,111,111,111,111,111,183,183,202,202,202,198,198],"floor_reached":23,"playtime":391,"items_purged":[],"score":541,"play_id":"b126bc26-3ac7-4cb9-b409-7a7fdc26fa64","local_time":"20210106012002","daily_mods":["SealedDeck","Hoarder","Insanity","Chimera","Specialized","ControlledChaos","Allstar","Diverse","Colorless Cards","Heirloom","Time Dilation","Flight","Elite Swarm","Diverse","Colorless Cards","Binary"],"is_ascension_mode":true,"campfire_choices":[{"floor":6,"key":"REST"},{"floor":8,"key":"REST"},{"floor":17,"key":"REST"}],"circlet_count":0,"master_deck":["Strike_R","Strike_G","Strike_B","hubris:Strike_Merchant","Defend_R","Defend_G","Defend_B","hubris:Defend_Merchant","hubris:MerchantsHand","hubris:MerchantsHand","Demon Form","Wraith Form v2+1","Echo Form","DevaForm","stsjorbsmod:ArcaneForm","stsjorbsmod:WastingForm","AscendersBane","Bash","Survivor","Zap","Strike_R","Strike_G","Strike_B","Defend_R","Defend_G","Defend_P","Clash","TalkToTheHand","TheCursedMod:SpitefulPray","Beam Cell","hierophant:Remorse","hierophant:DisplayOfPower","Barrage","Clash","Poisoned Stab","Shockwave","SashWhip","REME_Repentance","Twin Strike","Tempest","hermit:Roulette","hierophant:Sermon","stsjorbsmod:Channel","hermit:Snipe","Body Slam","Chaos","stsjorbsmod:BookOfTongues","hermit:CursedWeapon","Skim","hierophant:HolyVerse","Steam","Halt","Replay:Undeath\u0027s Touch","stsjorbsmod:Materialize","Searing Blow","Noxious Fumes","Replay:Sssssssssshield","stsjorbsmod:FindFamiliar","Hologram","Draining Mist","hierophant:Remorse","stsjorbsmod:TinyHut","Undo","Abandon","TheCursedMod:Obscuration","Reflex","Replay:Undeath\u0027s Touch","TheCursedMod:CursedStaff","hermit:EyeOfTheStorm","conspire:SharedLibrary","Protect","Dagger Spray","Wild Strike","Collect","Vengeance","hermit:Roulette","Melter","Melter","Melter","Melter","Melter","Melter","Melter","Melter","Melter","Melter","Melter","Melter+1","Melter","Melter","Melter","Impatience","Impatience","Impatience","Pain","Pain","Pain","Spreading Infection","Spreading Infection","Spreading Infection","hierophant:Doubloon","hierophant:Doubloon","hierophant:Doubloon"],"relics":["Smiling Mask","hubris:NiceRug","Busted Crown","REME_ComplimentaryCards","hubris:Zylophone","hubris:MobiusCoin","WarpedTongs","zeldaRelics:CouragePiece","Ring of Misfortune","Ring of Shattering","conspire:RunicOctahedron"],"acts_visited":["Exordium","TheCity"],"potions_floor_usage":[23,23],"damage_taken":[{"damage":9,"enemies":"Jaw Worm","floor":1,"turns":2},{"damage":0,"enemies":"conspire:MimicChest","floor":4,"turns":2},{"damage":43,"enemies":"3 Sentries","floor":7,"turns":7},{"damage":0,"enemies":"2 Louse","floor":11,"turns":2},{"damage":5,"enemies":"Cultist","floor":13,"turns":2},{"damage":29,"enemies":"The Guardian","floor":18,"turns":10},{"damage":33,"enemies":"Chosen","floor":20,"turns":7},{"damage":25,"enemies":"Shell Parasite","floor":23,"turns":5}],"seed_played":"4074148002193156037","potions_obtained":[{"floor":11,"key":"Strength Potion"},{"floor":13,"key":"Energy Potion"}],"is_trial":true,"path_per_floor":["M","?","$","?","?","R","E","R","T","$","M","$","M","?","PTL","PTL","R","B",null,"M","?","?","M"],"character_chosen":"DEFECT","items_purchased":[],"campfire_rested":3,"item_purchase_floors":[],"current_hp_per_floor":[55,34,34,34,34,55,12,33,33,33,33,33,28,28,28,28,49,20,58,25,25,25,0,0],"gold":198,"neow_bonus":"","is_daily":false,"chose_seed":false,"campfire_upgraded":0,"win_rate":0.0,"timestamp":1609863602,"path_taken":["M","?","$","?","?","R","E","R","T","$","?","?","M","?","PTL","PTL","R","BOSS","M","?","?","?"],"items_purchased_type":[],"build_version":"2020-12-22","purchased_purges":0,"victory":false,"max_hp_per_floor":[71,71,71,71,71,71,71,71,71,71,71,71,71,71,71,71,71,71,71,71,71,71,71,71],"relic_stats":{"Busted Crown":22,"counters":[8,37],"Smiling Mask":0,"obtain_stats":[{"hubris:Zylophone":0,"hubris:MobiusCoin":4,"Busted Crown":0,"Ring of Misfortune":14,"conspire:RunicOctahedron":19,"Ring of Shattering":14,"zeldaRelics:CouragePiece":7,"Smiling Mask":0,"hubris:NiceRug":0,"REME_ComplimentaryCards":0,"WarpedTongs":5},{"hubris:Zylophone":0,"hubris:MobiusCoin":2,"Busted Crown":0,"Ring of Misfortune":5,"conspire:RunicOctahedron":6,"Ring of Shattering":5,"zeldaRelics:CouragePiece":3,"Smiling Mask":0,"hubris:NiceRug":0,"REME_ComplimentaryCards":0,"WarpedTongs":2},{"hubris:Zylophone":0,"hubris:MobiusCoin":4,"Busted Crown":0,"Ring of Misfortune":15,"conspire:RunicOctahedron":25,"Ring of Shattering":15,"zeldaRelics:CouragePiece":11,"Smiling Mask":0,"hubris:NiceRug":0,"REME_ComplimentaryCards":0,"WarpedTongs":4}],"WarpedTongs":[33]},"card_choices":[],"player_experience":1548784,"relics_obtained":[{"floor":4,"key":"hubris:MobiusCoin"},{"floor":7,"key":"zeldaRelics:CouragePiece"},{"floor":9,"key":"zeldaRelics:CouragePiece"},{"floor":14,"key":"Ring of Misfortune"},{"floor":14,"key":"Ring of Shattering"}],"event_choices":[{"damage_healed":0,"gold_gain":0,"player_choice":"Entered Light","damage_taken":21,"max_hp_gain":0,"max_hp_loss":0,"event_name":"Shining Light","floor":2,"gold_loss":0,"cards_upgraded":["Melter","Wraith Form v2"]},{"damage_healed":0,"gold_gain":0,"player_choice":"Rummage","damage_taken":0,"relics_obtained":["WarpedTongs"],"max_hp_gain":0,"max_hp_loss":0,"event_name":"Accursed Blacksmith","floor":5,"gold_loss":0,"cards_obtained":["Pain"]},{"damage_healed":0,"gold_gain":0,"cards_transformed":["Eruption"],"player_choice":"Transformed","damage_taken":0,"max_hp_gain":0,"max_hp_loss":0,"event_name":"Transmorgrifier","floor":22,"gold_loss":0,"cards_obtained":["hierophant:Doubloon"]}],"is_beta":false,"boss_relics":[{"not_picked":["conspire:SlowCooker","Abe\u0027s Treasure"],"picked":"conspire:RunicOctahedron"}],"items_purged_floors":[],"is_endless":false,"potions_floor_spawned":[11,13],"killed_by":"Shell Parasite","ascension_level":20}}