{"host":"aaqofma31c3gm2hj","time":1609848891,"event":{"mods":["BaseMod","Minty Spire (QoL Compilation)","Replay The Spire","Spicy Shops","StSLib"],"gold_per_floor":[119,119,129,129,155,155,195,195,270,345,345,360,399,420,420,420,420],"floor_reached":16,"playtime":209,"items_purged":[],"score":266,"play_id":"3324efec-3bed-484d-be67-1570248764e2","local_time":"20210105201451","is_ascension_mode":true,"campfire_choices":[{"data":"Armaments","floor":6.0,"key":"SMITH"},{"floor":8,"key":"REST"},{"floor":11,"key":"REST"},{"data":"Shockwave","floor":15,"key":"SMITH"}],"circlet_count":0,"master_deck":["AscendersBane","Strike_R","Strike_R","Strike_R","Strike_R","Strike_R","Defend_R","Defend_R+1","Defend_R","Defend_R","Bash","Armaments+1","Shrug It Off+1","Hemokinesis+1","Power Through","Shockwave+1"],"relics":["Burning Blood","NeowsBlessing","FaceOfCleric","Golden Idol","Gremlin Food","Pondfish Scales","Molten Egg 2","Ice Cream"],"acts_visited":["Exordium"],"potions_floor_usage":[16],"damage_taken":[{"damage":0.0,"enemies":"Jaw Worm","floor":1.0,"turns":1.0},{"damage":0.0,"enemies":"Cultist","floor":3.0,"turns":1.0},{"damage":0.0,"enemies":"Lagavulin","floor":7.0,"turns":1.0},{"damage":7,"enemies":"Small Slimes","floor":12,"turns":3},{"damage":53,"enemies":"Replay:BlueRogue","floor":13,"turns":5},{"damage":2,"enemies":"Exordium Wildlife","floor":14,"turns":4},{"damage":31,"enemies":"Hexaghost","floor":16,"turns":8}],"seed_played":"6746222625749135044","potions_obtained":[{"floor":3.0,"key":"Adrenaline Potion"},{"floor":14,"key":"SmokeBomb"}],"is_trial":false,"path_per_floor":["M","?","M","?","T","R","E","R","T","?","R","M","E","M","R","B"],"character_chosen":"IRONCLAD","items_purchased":[],"campfire_rested":2,"item_purchase_floors":[],"current_hp_per_floor":[74,74,76,50,50,50,57,77,77,66,77,77,31,36,36,5,5],"gold":420,"neow_bonus":"THREE_ENEMY_KILL","is_daily":false,"chose_seed":false,"campfire_upgraded":2,"win_rate":0.0,"timestamp":1609848891,"path_taken":["M","?","?","?","?","R","E","R","T","?","R","M","E","M","R","BOSS"],"items_purchased_type":[],"build_version":"2020-12-22","purchased_purges":0,"victory":false,"max_hp_per_floor":[75,75,76,76,76,76,77,77,77,77,77,78,79,80,80,80,80],"card_choices":[{"not_picked":["Headbutt","Abandon"],"picked":"Armaments","floor":1.0},{"not_picked":["Armaments","ReplayTheSpireMod:Corrosion Curse"],"picked":"Shrug It Off","floor":3.0},{"not_picked":["Clothesline","Dropkick","Havoc"],"picked":"SKIP","floor":7},{"not_picked":["Armaments","Fire Breathing"],"picked":"Hemokinesis+1","floor":12},{"not_picked":["Dual Wield","Armaments"],"picked":"Power Through","floor":13},{"not_picked":["Iron Wave+1","Flex"],"picked":"Shockwave","floor":14}],"player_experience":557188,"relics_obtained":[{"floor":5.0,"key":"Gremlin Food"},{"floor":7,"key":"Pondfish Scales"},{"floor":9,"key":"Molten Egg 2"},{"floor":13,"key":"Ice Cream"}],"event_choices":[{"damage_healed":0.0,"max_hp_gain":0.0,"max_hp_loss":0.0,"gold_gain":0.0,"event_name":"FaceTrader","player_choice":"Trade","floor":2.0,"gold_loss":0.0,"damage_taken":0.0,"relics_obtained":["FaceOfCleric"]},{"damage_healed":0.0,"max_hp_gain":0.0,"max_hp_loss":0.0,"gold_gain":0.0,"event_name":"Golden Idol","player_choice":"Take Damage","floor":4.0,"gold_loss":0.0,"damage_taken":26.0,"relics_obtained":["Golden Idol"]},{"damage_healed":0,"gold_gain":75,"player_choice":"Gather Gold","damage_taken":11,"max_hp_gain":0,"max_hp_loss":0,"event_name":"World of Goop","floor":10,"gold_loss":0}],"is_beta":false,"boss_relics":[],"items_purged_floors":[],"is_endless":false,"potions_floor_spawned":[3,14],"killed_by":"Hexaghost","ascension_level":20}}