{"host":"oigynbtg272c19pw","time":1609878419,"event":{"mods":["BaseMod","Colored Map","Minty Spire (QoL Compilation)","Relic Stats","StSLib"],"gold_per_floor":[119,136,156,181,195,195,195,195,220,67,67,67,67],"floor_reached":12,"playtime":395,"items_purged":["Strike_G"],"score":136,"play_id":"9c85181b-827c-4b9a-aa97-f90dcff357ef","local_time":"20210105212659","is_ascension_mode":true,"campfire_choices":[{"data":"Phantasmal Killer","floor":6,"key":"SMITH"},{"floor":11,"key":"REST"}],"circlet_count":0,"master_deck":["AscendersBane","Strike_G","Strike_G","Strike_G","Strike_G","Defend_G","Defend_G","Defend_G","Defend_G","Defend_G","Survivor","Neutralize","Blur","Tactician","Heel Hook","Phantasmal Killer+1","Well Laid Plans"],"relics":["Ring of the Snake","Ancient Tea Set","Golden Idol","CaptainsWheel","Centennial Puzzle"],"acts_visited":["Exordium"],"potions_floor_usage":[],"damage_taken":[{"damage":5.0,"enemies":"Cultist","floor":1.0,"turns":5.0},{"damage":3.0,"enemies":"2 Louse","floor":2.0,"turns":4.0},{"damage":15.0,"enemies":"Jaw Worm","floor":3.0,"turns":9.0},{"damage":16.0,"enemies":"Large Slime","floor":5.0,"turns":10.0},{"damage":12,"enemies":"Lagavulin","floor":12,"turns":8}],"seed_played":"-5740265566522195468","potions_obtained":[{"floor":3.0,"key":"Fire Potion"}],"is_trial":false,"path_per_floor":["M","M","M","T","M","R","?","?","T","$","R","E"],"character_chosen":"THE_SILENT","items_purchased":["Well Laid Plans"],"campfire_rested":1,"item_purchase_floors":[10],"current_hp_per_floor":[60,57,42,42,26,26,26,26,26,26,45,33,33],"gold":67,"neow_bonus":"TEN_PERCENT_HP_BONUS","is_daily":false,"chose_seed":false,"campfire_upgraded":1,"win_rate":0.0,"timestamp":1609878419,"path_taken":["M","M","M","?","M","R","?","?","T","$","R","E"],"items_purchased_type":["Card"],"build_version":"2020-12-13","purchased_purges":1,"victory":false,"max_hp_per_floor":[72,72,72,72,72,72,65,65,65,65,65,65,65],"relic_stats":{"Centennial Puzzle":[3],"counters":[5,36],"Golden Idol":0,"obtain_stats":[{"CaptainsWheel":8,"Centennial Puzzle":9,"Golden Idol":7,"Ancient Tea Set":4,"Ring of the Snake":0},{"CaptainsWheel":4,"Centennial Puzzle":4,"Golden Idol":4,"Ancient Tea Set":3,"Ring of the Snake":0},{"CaptainsWheel":28,"Centennial Puzzle":28,"Golden Idol":28,"Ancient Tea Set":18,"Ring of the Snake":0}],"Ring of the Snake":[10]},"card_choices":[{"not_picked":["Sucker Punch","Concentrate"],"picked":"Blur","floor":1.0},{"not_picked":["Quick Slash","Blade Dance"],"picked":"Tactician","floor":2.0},{"not_picked":["Outmaneuver","Flying Knee"],"picked":"Heel Hook","floor":3.0},{"not_picked":["Calculated Gamble","Flying Knee"],"picked":"Phantasmal Killer","floor":5}],"player_experience":1346011,"relics_obtained":[{"floor":4.0,"key":"Ancient Tea Set"},{"floor":9,"key":"Centennial Puzzle"}],"event_choices":[{"damage_healed":0,"gold_gain":0,"player_choice":"Lose Max HP","damage_taken":0,"relics_obtained":["Golden Idol"],"max_hp_gain":0,"max_hp_loss":7,"event_name":"Golden Idol","floor":7,"gold_loss":0},{"damage_healed":0,"gold_gain":0,"player_choice":"Searched \u00272\u0027 times","damage_taken":0,"relics_obtained":["CaptainsWheel"],"max_hp_gain":0,"max_hp_loss":0,"event_name":"Dead Adventurer","floor":8,"gold_loss":0}],"is_beta":false,"boss_relics":[],"items_purged_floors":[10],"is_endless":false,"potions_floor_spawned":[3],"killed_by":"Lagavulin","ascension_level":20}}