{"host":"o7j6aatxjwpw1421","time":1609856447,"event":{"mods":["2.2 Compatiblity","AchievementEnabler","BaseMod","Colored Map","DeckTracker","Highlight Path","Keyboard Shortcuts","Minty Spire (QoL Compilation)","Permanent Neow","Quick Restart","StSLib","SuperFastMode","everything is the same but u backflip on backflip"],"gold_per_floor":[11,11,11,29,45,45,76,76,76,151,151,169,188,211,211,304,304,323,323,70,134,134,134,209,229,298,298,298,333,351,363,363,437,437,476,366,366,366,366,393,393,408,433,472,498,384,95,110,110,110],"floor_reached":51,"playtime":3016,"items_purged":["Strike_R","Rampage+1"],"score":1466,"play_id":"c171355f-4e22-4a49-827f-96c6df8dc826","local_time":"20210105232047","is_ascension_mode":true,"campfire_choices":[{"data":"Power Through","floor":6.0,"key":"SMITH"},{"floor":8.0,"key":"REST"},{"data":"Rampage","floor":11.0,"key":"SMITH"},{"data":"Shockwave","floor":15.0,"key":"SMITH"},{"data":"J.A.X.","floor":23.0,"key":"SMITH"},{"data":"Second Wind","floor":27.0,"key":"SMITH"},{"data":"Feel No Pain","floor":32.0,"key":"SMITH"},{"data":"Bash","floor":41.0,"key":"SMITH"},{"floor":49,"key":"RECALL"}],"circlet_count":0,"master_deck":["AscendersBane","Bash+1","Power Through+1","Heavy Blade+1","Shockwave+1","Body Slam+1","Battle Trance+1","Fiend Fire+1","HandOfGreed+1","Second Wind+1","J.A.X.+1","Sword Boomerang+1","Offering+1","Feel No Pain+1","Reaper+1","Armaments+1","Whirlwind+1","Entrench+1","Flex+1","Shrug It Off+1","Sentinel+1","Intimidate+1","Madness+1","Bloodletting+1"],"relics":["Burning Blood","Bloody Idol","Molten Egg 2","Pen Nib","Pantograph","SacredBark","Lizard Tail","Toxic Egg 2","Pear","Pandora\u0027s Box","Bag of Marbles","Nunchaku","Magic Flower"],"acts_visited":["Exordium","TheCity","TheBeyond"],"potions_floor_usage":[50,50,50,50],"damage_taken":[{"damage":0.0,"enemies":"2 Louse","floor":1.0,"turns":3.0},{"damage":8.0,"enemies":"Jaw Worm","floor":4.0,"turns":5.0},{"damage":1.0,"enemies":"Cultist","floor":5.0,"turns":3.0},{"damage":20.0,"enemies":"3 Sentries","floor":7.0,"turns":12.0},{"damage":11.0,"enemies":"Large Slime","floor":12.0,"turns":8.0},{"damage":6.0,"enemies":"Exordium Thugs","floor":13.0,"turns":4.0},{"damage":8.0,"enemies":"2 Fungi Beasts","floor":14.0,"turns":4.0},{"damage":23.0,"enemies":"Slime Boss","floor":16.0,"turns":14.0},{"damage":0.0,"enemies":"Spheric Guardian","floor":18.0,"turns":1.0},{"damage":5.0,"enemies":"3 Byrds","floor":21.0,"turns":5.0},{"damage":19.0,"enemies":"Slavers","floor":24.0,"turns":7.0},{"damage":19.0,"enemies":"Centurion and Healer","floor":25.0,"turns":5.0},{"damage":16.0,"enemies":"Gremlin Leader","floor":29.0,"turns":5.0},{"damage":24.0,"enemies":"Snake Plant","floor":30.0,"turns":3.0},{"damage":14.0,"enemies":"Cultist and Chosen","floor":31.0,"turns":3.0},{"damage":32.0,"enemies":"Automaton","floor":33.0,"turns":6.0},{"damage":6.0,"enemies":"Orb Walker","floor":35.0,"turns":3.0},{"damage":25.0,"enemies":"Nemesis","floor":40.0,"turns":5.0},{"damage":15.0,"enemies":"3 Darklings","floor":42.0,"turns":5.0},{"damage":28.0,"enemies":"Writhing Mass","floor":44.0,"turns":5.0},{"damage":0.0,"enemies":"Reptomancer","floor":45.0,"turns":1.0},{"damage":15,"enemies":"Sphere and 2 Shapes","floor":48,"turns":6},{"damage":77,"enemies":"Donu and Deca","floor":50,"turns":9}],"seed_played":"-302780944762439584","potions_obtained":[{"floor":5.0,"key":"Energy Potion"},{"floor":12.0,"key":"HeartOfIron"},{"floor":14.0,"key":"FearPotion"},{"floor":16.0,"key":"ColorlessPotion"},{"floor":21.0,"key":"AttackPotion"},{"floor":25.0,"key":"Swift Potion"},{"floor":29.0,"key":"Dexterity Potion"},{"floor":31.0,"key":"SkillPotion"},{"floor":35.0,"key":"Ancient Potion"},{"floor":40.0,"key":"SteroidPotion"},{"floor":45.0,"key":"SpeedPotion"},{"floor":48,"key":"BloodPotion"}],"is_trial":false,"path_per_floor":["M","?","?","M","M","R","E","R","T","?","R","M","M","M","R","B",null,"M","?","$","M","?","R","E","M","T","R","?","E","M","M","R","B",null,"M","?","$","?","?","E","R","M","T","M","E","$","$","M","R","B",null],"character_chosen":"IRONCLAD","items_purchased":["HandOfGreed+1","EntropicBrew","Madness+1","Bloodletting+1"],"campfire_rested":1,"item_purchase_floors":[20,46,47,47],"current_hp_per_floor":[74,48,30,28,33,33,19,41,41,30,30,25,25,23,23,31,64,70,70,70,75,75,75,72,64,69,69,69,74,61,58,58,62,79,85,85,85,81,81,67,67,80,81,69,80,80,80,81,81,50],"gold":110,"neow_bonus":"TRANSFORM_TWO_CARDS","is_daily":false,"chose_seed":false,"campfire_upgraded":7,"win_rate":0.0,"timestamp":1609856447,"path_taken":["M","?","?","M","M","R","E","R","T","?","R","M","M","M","R","BOSS","M","?","$","M","?","R","E","M","T","R","?","E","?","M","R","BOSS","M","?","?","?","?","E","R","?","T","M","E","?","$","M","R","BOSS"],"items_purchased_type":["Card","Potion","Card","Card"],"build_version":"2020-12-22","purchased_purges":2,"victory":true,"max_hp_per_floor":[75,75,75,75,75,75,75,75,75,75,75,75,75,75,75,75,75,75,75,75,75,75,75,75,75,75,75,75,85,85,85,85,85,85,85,85,85,81,81,81,81,81,81,81,81,81,81,81,81,81],"card_choices":[{"not_picked":["Thunderclap","Havoc","Body Slam"],"picked":"SKIP","floor":1.0},{"not_picked":["Iron Wave+1","Shrug It Off"],"picked":"Heavy Blade+1","floor":4.0},{"not_picked":["Dark Embrace","Havoc","Rampage+1"],"picked":"SKIP","floor":5.0},{"not_picked":["Rampage+1","Headbutt+1","Iron Wave+1"],"picked":"SKIP","floor":7.0},{"not_picked":["Wild Strike+1","Sever Soul+1"],"picked":"Shockwave","floor":12.0},{"not_picked":["Rupture","Cleave+1"],"picked":"Body Slam+1","floor":13.0},{"not_picked":["Shrug It Off","Heavy Blade+1"],"picked":"Battle Trance","floor":14.0},{"not_picked":["Corruption","Berserk"],"picked":"Fiend Fire+1","floor":16.0},{"not_picked":["Rage","Warcry","Body Slam+1"],"picked":"SKIP","floor":18.0},{"not_picked":["Flex","Clash+1"],"picked":"Second Wind","floor":21.0},{"not_picked":["Burning Pact","Clash+1","Sentinel"],"picked":"SKIP","floor":24.0},{"not_picked":["Clothesline+1","Shockwave"],"picked":"Sword Boomerang+1","floor":25.0},{"not_picked":["Dropkick+1","Body Slam+1"],"picked":"Feel No Pain","floor":29.0},{"not_picked":["Havoc+1","Metallicize","Body Slam+1"],"picked":"SKIP","floor":30.0},{"not_picked":["Sever Soul+1","Bludgeon+1","Clash+1"],"picked":"SKIP","floor":31.0},{"not_picked":["Juggernaut","Offering+1"],"picked":"Reaper+1","floor":33.0},{"not_picked":["Bloodletting+1","Thunderclap+1"],"picked":"Shrug It Off+1","floor":35.0},{"not_picked":["Sever Soul+1","Iron Wave+1"],"picked":"Sentinel+1","floor":40.0},{"not_picked":["True Grit+1","Clothesline+1"],"picked":"Intimidate+1","floor":42.0},{"not_picked":["Clothesline+1","Combust","Pommel Strike+1"],"picked":"SKIP","floor":44.0},{"not_picked":["Perfected Strike+1","Armaments+1","Clothesline+1"],"picked":"SKIP","floor":45.0},{"not_picked":["Thunderclap+1","Anger+1","Havoc+1"],"picked":"SKIP","floor":48}],"player_experience":427908,"relics_obtained":[{"floor":7.0,"key":"Pen Nib"},{"floor":9.0,"key":"Pantograph"},{"floor":24.0,"key":"Lizard Tail"},{"floor":26.0,"key":"Toxic Egg 2"},{"floor":29.0,"key":"Pear"},{"floor":40.0,"key":"Bag of Marbles"},{"floor":43.0,"key":"Nunchaku"},{"floor":45.0,"key":"Magic Flower"}],"event_choices":[{"damage_healed":0.0,"max_hp_gain":0.0,"max_hp_loss":0.0,"gold_gain":0.0,"event_name":"Golden Idol","player_choice":"Take Damage","floor":2.0,"gold_loss":0.0,"damage_taken":26.0,"relics_obtained":["Golden Idol"]},{"damage_healed":0.0,"max_hp_gain":0.0,"max_hp_loss":0.0,"gold_gain":0.0,"event_name":"Scrap Ooze","player_choice":"Success","floor":3.0,"gold_loss":0.0,"damage_taken":18.0,"relics_obtained":["Molten Egg 2"]},{"damage_healed":0.0,"max_hp_gain":0.0,"max_hp_loss":0.0,"gold_gain":75.0,"event_name":"World of Goop","player_choice":"Gather Gold","floor":10.0,"gold_loss":0.0,"damage_taken":11.0},{"damage_healed":0.0,"max_hp_gain":0.0,"max_hp_loss":0.0,"gold_gain":0.0,"event_name":"Forgotten Altar","player_choice":"Gave Idol","floor":19.0,"relics_lost":["Golden Idol"],"gold_loss":0.0,"damage_taken":0.0,"relics_obtained":["Bloody Idol"]},{"damage_healed":0.0,"max_hp_gain":0.0,"max_hp_loss":0.0,"gold_gain":0.0,"event_name":"Drug Dealer","player_choice":"Obtain J.A.X.","floor":22.0,"gold_loss":0.0,"damage_taken":0.0,"cards_obtained":["J.A.X."]},{"damage_healed":0.0,"max_hp_gain":0.0,"max_hp_loss":0.0,"gold_gain":0.0,"cards_transformed":["Strike_R"],"event_name":"Transmorgrifier","player_choice":"Transformed","floor":28.0,"gold_loss":0.0,"damage_taken":0.0,"cards_obtained":["Offering"]},{"cards_removed":["Sword Boomerang"],"damage_healed":0.0,"max_hp_gain":0.0,"max_hp_loss":0.0,"gold_gain":0.0,"event_name":"Designer","player_choice":"Upgrade and Remove","floor":36.0,"gold_loss":110.0,"damage_taken":0.0,"cards_upgraded":["Battle Trance"]},{"damage_healed":0.0,"max_hp_gain":0.0,"max_hp_loss":4.0,"gold_gain":0.0,"event_name":"Winding Halls","player_choice":"Max HP","floor":38.0,"gold_loss":0.0,"damage_taken":0.0},{"damage_healed":0.0,"max_hp_gain":0.0,"max_hp_loss":0.0,"gold_gain":0.0,"event_name":"Tomb of Lord Red Mask","player_choice":"Ignored","floor":39.0,"gold_loss":0.0,"damage_taken":0.0}],"is_beta":false,"boss_relics":[{"not_picked":["Velvet Choker","Coffee Dripper"],"picked":"SacredBark"},{"not_picked":["Runic Pyramid","SlaversCollar"],"picked":"Pandora\u0027s Box"}],"items_purged_floors":[20,47],"is_endless":false,"potions_floor_spawned":[5,12,14,16,21,25,29,31,35,40,45,48],"ascension_level":16}}