{"host":"s7ifx970ujpm7aif","time":1609850532,"event":{"mods":["BaseMod","Colored Map","DeckTracker","Keyboard Shortcuts","Minty Spire (QoL Compilation)","StSLib","SuperFastMode"],"gold_per_floor":[114,114,131,149,164,164,203,278,278,278,278,311,311,330,330,410,410,432,441,88,97,111,111,111,111],"floor_reached":24,"playtime":525,"items_purged":["Decay"],"score":408,"play_id":"a0cb546a-861c-40a3-b1c8-83987896cd48","local_time":"20210105214212","is_ascension_mode":true,"campfire_choices":[{"data":"Calculated Gamble","floor":6,"key":"SMITH"},{"data":"Neutralize","floor":10,"key":"SMITH"},{"data":"Deadly Poison","floor":13,"key":"SMITH"},{"data":"Survivor","floor":15,"key":"SMITH"},{"data":"Venomology","floor":23,"key":"SMITH"}],"circlet_count":0,"master_deck":["AscendersBane","Strike_G","Strike_G","Strike_G","Strike_G","Strike_G","Defend_G","Defend_G","Defend_G","Defend_G","Defend_G","Survivor+1","Neutralize+1","Skewer+1","Calculated Gamble+1","Reflex","Acrobatics+1","Deadly Poison+1","Venomology+1","Deadly Poison","PiercingWail"],"relics":["Coffee Dripper","CeramicFish","Ninja Scroll","Du-Vu Doll","Busted Crown","Meat on the Bone"],"acts_visited":["Exordium","TheCity"],"potions_floor_usage":[7,16,24],"damage_taken":[{"damage":0,"enemies":"2 Louse","floor":1,"turns":4},{"damage":0,"enemies":"Cultist","floor":3,"turns":2},{"damage":0,"enemies":"Small Slimes","floor":4,"turns":3},{"damage":14,"enemies":"3 Louse","floor":5,"turns":4},{"damage":25,"enemies":"Lagavulin","floor":7,"turns":6},{"damage":17,"enemies":"3 Sentries","floor":12,"turns":8},{"damage":6,"enemies":"Looter","floor":14,"turns":2},{"damage":4,"enemies":"Hexaghost","floor":16,"turns":8},{"damage":0,"enemies":"Chosen","floor":18,"turns":3},{"damage":20,"enemies":"Shell Parasite","floor":22,"turns":5},{"damage":43,"enemies":"Book of Stabbing","floor":24,"turns":4}],"seed_played":"-5075345256661705816","potions_obtained":[{"floor":3,"key":"Energy Potion"},{"floor":4,"key":"FairyPotion"},{"floor":14,"key":"Poison Potion"}],"is_trial":false,"path_per_floor":["M","?","M","M","M","R","E","?","T","R","?","E","R","M","R","B",null,"M","?","$","?","M","R","E"],"character_chosen":"THE_SILENT","items_purchased":["Meat on the Bone"],"campfire_rested":0,"item_purchase_floors":[20],"current_hp_per_floor":[59,59,59,59,45,45,20,9,9,9,9,12,12,6,6,2,50,50,50,50,50,42,42,0,0],"gold":111,"neow_bonus":"BOSS_RELIC","is_daily":false,"chose_seed":false,"campfire_upgraded":5,"win_rate":0.0,"timestamp":1609850532,"path_taken":["M","?","M","M","?","R","E","?","T","R","?","E","R","M","R","BOSS","M","?","$","?","M","R","E"],"items_purchased_type":["Relic"],"build_version":"2020-12-22","purchased_purges":1,"victory":false,"max_hp_per_floor":[66,66,66,66,66,66,66,66,66,66,66,66,66,66,66,66,66,66,66,66,66,66,66,66,66],"card_choices":[{"not_picked":["Slice","Cloak And Dagger"],"picked":"Skewer","floor":1},{"not_picked":["Sucker Punch","Escape Plan"],"picked":"Calculated Gamble","floor":3},{"not_picked":["Quick Slash","Bullet Time"],"picked":"Reflex","floor":4},{"not_picked":["PiercingWail","Poisoned Stab"],"picked":"Acrobatics","floor":5},{"not_picked":["Slice","Accuracy"],"picked":"Deadly Poison","floor":7},{"not_picked":["Finisher","Deflect","Underhanded Strike"],"picked":"SKIP","floor":12},{"not_picked":["Finisher","Cloak And Dagger","Dodge and Roll"],"picked":"SKIP","floor":14},{"not_picked":["Storm of Steel","A Thousand Cuts"],"picked":"Venomology","floor":16},{"not_picked":[],"picked":"Deadly Poison","floor":18},{"not_picked":["Dagger Spray+1"],"picked":"SKIP","floor":22}],"player_experience":1141295,"relics_obtained":[{"floor":7,"key":"CeramicFish"},{"floor":9,"key":"Ninja Scroll"},{"floor":12,"key":"Du-Vu Doll"}],"event_choices":[{"damage_healed":0,"gold_gain":0,"player_choice":"Upgraded","damage_taken":0,"max_hp_gain":0,"max_hp_loss":0,"event_name":"Upgrade Shrine","floor":2,"gold_loss":0,"cards_upgraded":["Skewer"]},{"damage_healed":0,"gold_gain":75,"player_choice":"Gather Gold","damage_taken":11,"max_hp_gain":0,"max_hp_loss":0,"event_name":"World of Goop","floor":8,"gold_loss":0},{"damage_healed":0,"gold_gain":0,"player_choice":"Grow","damage_taken":0,"max_hp_gain":0,"max_hp_loss":0,"event_name":"Living Wall","floor":11,"gold_loss":0,"cards_upgraded":["Acrobatics"]},{"damage_healed":0,"gold_gain":0,"player_choice":"Smashed Altar","damage_taken":0,"max_hp_gain":0,"max_hp_loss":0,"event_name":"Forgotten Altar","floor":19,"gold_loss":0,"cards_obtained":["Decay"]},{"damage_healed":0,"gold_gain":0,"player_choice":"Read","damage_taken":0,"max_hp_gain":0,"max_hp_loss":0,"event_name":"The Library","floor":21,"gold_loss":0,"cards_obtained":["PiercingWail"]}],"is_beta":false,"boss_relics":[{"not_picked":["WristBlade","Sozu"],"picked":"Busted Crown"}],"items_purged_floors":[20],"is_endless":false,"potions_floor_spawned":[3,4,14],"killed_by":"Book of Stabbing","ascension_level":20}}