{"host":"2gugywxuw0nvjb3h","time":1609809652,"event":{"mods":["AchievementEnabler","BaseMod","Better Altar","Better Match","Better Note","Better Sensory Stone","Better Skull","Better Third Choice","BetterRewards","Colored Map","Colored Powertips","Curses Come First","Evolution","GifTheSpireLib","Hermit","Key Reminder","Marisa????????","Minty Spire (QoL Compilation)","Rare Cards Sparkle","Relic Sorter","Replay The Spire","Spicy Shops","StSLib","The Cursed","The Disciple","The Marked","The Senshi","The Servant 0.9.4"],"gold_per_floor":[111,111,111,129,149,179,91,120,157,180,222,571,583,606,618,728,740,771,794,806,136,211,211,243,243,243,275,275,286,63,78,78,174,174,189,150,162,212,264,297,310,345,345,374,374,406,14,27,27,27],"floor_reached":51,"playtime":5280,"items_purged":["Writhe"],"score":1141,"play_id":"501f21e7-69c3-41ec-ada9-4d7452fa6821","local_time":"20210104182052","is_ascension_mode":true,"campfire_choices":[{"floor":13,"key":"REST"},{"floor":15,"key":"REST"},{"floor":23,"key":"REST"},{"floor":28,"key":"REST"},{"floor":32,"key":"REST"},{"floor":49,"key":"REST"}],"circlet_count":0,"master_deck":["theMarked:Strike","theMarked:Strike","theMarked:Strike","theMarked:Strike+1","theMarked:Strike","theMarked:Defend","theMarked:Defend","theMarked:Defend","theMarked:Defend","theMarked:SoldierOfQuellstein","theMarked:ResourceFulStrike","theMarked:WardOff","theMarked:CreepingChasm","theMarked:ElementalBlade","Dramatic Entrance","theMarked:MysticalArsenal","theMarked:Parkour","theMarked:HeightenedSenses","theMarked:Aftermath","theMarked:SoldierForm","theMarked:BanishingStrike","theMarked:MysticalArsenal+1","ReplayTheSpireMod:Private Reserves","theMarked:Challenge+1","theMarked:SwordAndMagic","theMarked:SummonStrength+1","theMarked:EmpowerWeapon","theMarked:MysticalArsenal+1","theMarked:ChainLightning+1","theMarked:BindingBlade","theMarked:SwordAndMagic","theMarked:SwordAndMagic","theMarked:SwordAndMagic","theMarked:GodGivenPower+1","theMarked:MysticalArsenal+1","ReplayTheSpireMod:Necrogeddon","theMarked:BanishingStrike+1","theMarked:DeterminationOfTheMarked+1","theMarked:EnhanceMovement+1","theMarked:ElectricStrings+1","theMarked:EmpowerWeapon","theMarked:Generate","theMarked:MysticalArsenal+1","theMarked:BanishingStrike+1","theMarked:ReduceFriction+1","theMarked:MysticalArsenal+1"],"relics":["theMarked:ArtifactOfAir","EVO:Axolotl","ReplayTheSpireMod:TigerMarble","Gremlin Horn","StoneCalendar","Orichalcum","Vajra","MawBank","theSenshi:SailorFukuRelic","Quantum Egg","Akabeko","Philosopher\u0027s Stone","Replay:Wax Seal","Question Card","Replay:Ringing Soul","Peace Pipe","Frozen Egg 2","Replay:Accelerometer","Replay:Baseball","Replay:Bronze Core","BargainBundle","Omamori","Dream Catcher","MealTicket","Gambling Chip","DollysMirror","theMarked:SecretDocuments","StrikeDummy","Pet Ghost","ReplayTheSpireMod:Ninjato","theMarked:NailFile","Blue Candle","Centennial Puzzle","Mummified Hand","Pen Nib"],"acts_visited":["Exordium","TheCity","TheBeyond"],"potions_floor_usage":[11,16,16,19,24,42,48],"damage_taken":[{"damage":1,"enemies":"Jaw Worm","floor":1,"turns":4},{"damage":0,"enemies":"2 Louse","floor":4,"turns":2},{"damage":1,"enemies":"Cultist","floor":5,"turns":3},{"damage":2,"enemies":"Gremlin Nob","floor":6,"turns":3},{"damage":13,"enemies":"Lagavulin","floor":8,"turns":5},{"damage":0,"enemies":"3 Louse","floor":10,"turns":1},{"damage":0,"enemies":"Gremlin Nob","floor":11,"turns":2},{"damage":0,"enemies":"2 Fungi Beasts","floor":14,"turns":1},{"damage":0,"enemies":"Slime Boss","floor":16,"turns":6},{"damage":11,"enemies":"Shell Parasite","floor":18,"turns":3},{"damage":0,"enemies":"Chosen","floor":19,"turns":4},{"damage":40,"enemies":"Gremlin Leader","floor":24,"turns":5},{"damage":23,"enemies":"Book of Stabbing","floor":27,"turns":3},{"damage":5,"enemies":"3 Cultists","floor":29,"turns":4},{"damage":19,"enemies":"Shelled Parasite and Fungi","floor":31,"turns":5},{"damage":5,"enemies":"Automaton","floor":33,"turns":5},{"damage":6,"enemies":"Orb Walker","floor":35,"turns":2},{"damage":8,"enemies":"3 Shapes","floor":37,"turns":3},{"damage":0,"enemies":"Mind Bloom Boss Battle","floor":38,"turns":4},{"damage":6,"enemies":"R_Hoarder","floor":40,"turns":4},{"damage":0,"enemies":"Spire Growth","floor":41,"turns":3},{"damage":0,"enemies":"Reptomancer","floor":42,"turns":2},{"damage":29,"enemies":"R_Hoarder","floor":44,"turns":5},{"damage":14,"enemies":"Reptomancer","floor":46,"turns":3},{"damage":0,"enemies":"3 Darklings","floor":48,"turns":1},{"damage":8,"enemies":"Replay:Hell Engine","floor":50,"turns":2}],"seed_played":"2105017510589615800","potions_obtained":[{"floor":5,"key":"Explosive Potion"},{"floor":6,"key":"Toxic Potion"},{"floor":11,"key":"PowerPotion"},{"floor":14,"key":"BlessingOfTheForge"},{"floor":19,"key":"Ancient Potion"},{"floor":37,"key":"BlessingOfTheForge"},{"floor":39,"key":"CultistPotion"},{"floor":41,"key":"ColorlessPotion"},{"floor":42,"key":"Elixir"},{"floor":44,"key":"SpeedPotion"},{"floor":46,"key":"Explosive Potion"}],"is_trial":false,"path_per_floor":["M","?","?","M","M","E","$","E","T","M","E","?","R","M","R","B",null,"M","M","?","$","?","R","E","?","T","E","R","M","$","M","R","B",null,"M","$","M","?","?","E","M","E","T","E","?","E","$","M","R","B",null],"character_chosen":"THE_DEFAULT","items_purchased":["ReplayTheSpireMod:TigerMarble","Gremlin Horn","Dramatic Entrance","Replay:Wax Seal","ReplayTheSpireMod:Private Reserves","Question Card","Replay:Ringing Soul","theMarked:Challenge+1","Replay:Baseball","theMarked:MysticalArsenal+1","BargainBundle","Omamori","theMarked:SwordAndMagic","theMarked:GodGivenPower+1","Dream Catcher","MealTicket","Gambling Chip","DollysMirror","ReplayTheSpireMod:Necrogeddon","Mummified Hand","Pen Nib"],"campfire_rested":6,"item_purchase_floors":[0,0,7,21,21,21,21,21,30,30,36,36,36,36,36,36,36,36,36,47,47],"current_hp_per_floor":[69,57,57,57,56,54,54,41,41,41,41,5,26,26,47,47,70,59,59,56,59,52,73,36,36,36,16,39,37,40,24,50,48,91,88,91,92,95,73,70,73,76,76,72,72,71,86,89,121,121],"gold":27,"neow_bonus":"","is_daily":false,"chose_seed":false,"campfire_upgraded":0,"win_rate":0.0,"timestamp":1609809652,"path_taken":["M","?","?","M","M","E","?","E","T","M","E","?","R","M","R","BOSS","M","?","?","$","?","R","E","?","T","E","R","M","$","M","R","BOSS","M","$","M","?","?","E","M","E","T","E","?","E","$","M","R","BOSS"],"items_purchased_type":["Relic","Relic","Card","Relic","Card","Relic","Relic","Card","Relic","Card","Relic","Relic","Card","Card","Relic","Relic","Relic","Relic","Card","Relic","Relic"],"build_version":"2020-12-22","purchased_purges":1,"victory":true,"max_hp_per_floor":[70,70,70,70,70,70,70,70,70,70,70,70,70,70,70,70,70,70,70,70,73,73,73,76,76,76,79,79,82,85,88,88,91,91,94,97,100,103,106,109,112,115,115,118,112,115,115,118,121,121],"card_choices":[{"not_picked":["theMarked:BanishingWave","theMarked:WastefulAttack"],"picked":"theMarked:ResourceFulStrike","floor":1},{"not_picked":["theMarked:EnhanceMovement","theMarked:WastefulAttack"],"picked":"theMarked:WardOff","floor":4},{"not_picked":["theMarked:Convert","theMarked:TakeCover"],"picked":"theMarked:CreepingChasm","floor":5},{"not_picked":["theMarked:ElectricStrings","theMarked:ContemptForTheProud"],"picked":"theMarked:ElementalBlade","floor":6},{"not_picked":["theMarked:SoldierForm","theMarked:ShockingTouch"],"picked":"theMarked:MysticalArsenal","floor":8},{"not_picked":["theMarked:Static","theMarked:WardOff"],"picked":"theMarked:Parkour","floor":10},{"not_picked":["theMarked:Frustration","theMarked:WastefulDefense"],"picked":"theMarked:HeightenedSenses","floor":11},{"not_picked":["theMarked:RepellingDischarge","theMarked:EmpowerWeapon"],"picked":"theMarked:Aftermath","floor":14},{"not_picked":["theMarked:Snap","theMarked:Defy"],"picked":"theMarked:SoldierForm","floor":16},{"not_picked":["theMarked:ShockingTouch","theMarked:SwordAndMagic"],"picked":"theMarked:BanishingStrike","floor":18},{"not_picked":["theMarked:ComboAttacks","theMarked:TunnelVision"],"picked":"theMarked:MysticalArsenal+1","floor":19},{"not_picked":["theMarked:WastefulAttack","theMarked:ChannelForce","theMarked:Frustration"],"picked":"theMarked:SwordAndMagic","floor":24},{"not_picked":["theMarked:SwordAndMagic","theMarked:Frustration","theMarked:BanishingStrike"],"picked":"theMarked:SummonStrength+1","floor":27},{"not_picked":["theMarked:WastefulDefense","theMarked:TakeCover","theMarked:WastefulAttack"],"picked":"theMarked:EmpowerWeapon","floor":29},{"not_picked":["theMarked:WardOff","theMarked:Frustration","theMarked:CreepingChasm"],"picked":"theMarked:ChainLightning+1","floor":31},{"not_picked":["theMarked:ThrowWeapon","theMarked:FavorableWinds","theMarked:MuscleMemory"],"picked":"theMarked:BindingBlade","floor":33},{"not_picked":["theMarked:TwofoldDefense+1","theMarked:LightningStrikesTwice+1","theMarked:BanishingWave"],"picked":"theMarked:SwordAndMagic","floor":35},{"not_picked":["theMarked:Aftermath+1","theMarked:Polarize+1","theMarked:WastefulAttack"],"picked":"theMarked:BanishingStrike+1","floor":37},{"not_picked":["theMarked:SummonStrength+1","theMarked:ResourceFulStrike","theMarked:HeightenedSenses+1"],"picked":"theMarked:DeterminationOfTheMarked+1","floor":38},{"not_picked":["theMarked:WastefulAttack+1","theMarked:SelfDefenseTraining","theMarked:StartUp+1"],"picked":"theMarked:EnhanceMovement+1","floor":39},{"not_picked":["theMarked:MaelstromOfLightning","theMarked:TunnelVision","theMarked:Overthink+1"],"picked":"theMarked:ElectricStrings+1","floor":40},{"not_picked":["theMarked:RepellingDischarge","theMarked:WastefulAttack+1","theMarked:Static"],"picked":"theMarked:EmpowerWeapon","floor":41},{"not_picked":["theMarked:Levitate","theMarked:BanishingWave","theMarked:GodGivenPower+1"],"picked":"theMarked:Generate","floor":42},{"not_picked":["theMarked:RepellingDischarge","theMarked:TunnelVision","theMarked:WardOff+1"],"picked":"theMarked:MysticalArsenal+1","floor":44},{"not_picked":["theMarked:Improvise+1","theMarked:SwordAndMagic","theMarked:GodGivenPower+1"],"picked":"theMarked:BanishingStrike+1","floor":46},{"not_picked":["theMarked:ElectricStrings+1","theMarked:SwordAndMagic+1","theMarked:WastefulAttack"],"picked":"theMarked:ReduceFriction+1","floor":48},{"not_picked":["theMarked:SuspiciousRaven","theMarked:HeightenedSenses+1","theMarked:ParalyzingBlade+1"],"picked":"theMarked:MysticalArsenal+1","floor":49}],"player_experience":242180,"relics_obtained":[{"floor":6,"key":"Vajra"},{"floor":8,"key":"MawBank"},{"floor":9,"key":"theSenshi:SailorFukuRelic"},{"floor":11,"key":"Quantum Egg"},{"floor":24,"key":"Peace Pipe"},{"floor":26,"key":"Frozen Egg 2"},{"floor":27,"key":"Replay:Accelerometer"},{"floor":38,"key":"theMarked:SecretDocuments"},{"floor":39,"key":"StrikeDummy"},{"floor":40,"key":"Pet Ghost"},{"floor":42,"key":"ReplayTheSpireMod:Ninjato"},{"floor":43,"key":"theMarked:NailFile"},{"floor":44,"key":"Blue Candle"},{"floor":46,"key":"Centennial Puzzle"}],"event_choices":[{"damage_healed":0,"gold_gain":0,"player_choice":"Relic ","damage_taken":12,"max_hp_gain":0,"max_hp_loss":0,"event_name":"betterThird:BetterScrap","floor":2,"gold_loss":0,"cards_obtained":["ReplayTheSpireMod:System Scan"]},{"damage_healed":0,"gold_gain":337,"player_choice":"RE GO GO GO ","damage_taken":41,"relics_obtained":["Akabeko"],"max_hp_gain":0,"max_hp_loss":0,"event_name":"betterSkull:BetterSkull","floor":12,"gold_loss":0,"cards_upgraded":[]},{"damage_healed":0,"gold_gain":0,"player_choice":"Punched","damage_taken":3,"max_hp_gain":0,"max_hp_loss":0,"event_name":"Designer","floor":20,"gold_loss":0},{"damage_healed":0,"gold_gain":75,"player_choice":"Touch","damage_taken":7,"max_hp_gain":0,"max_hp_loss":0,"event_name":"FaceTrader","floor":22,"gold_loss":0},{"damage_healed":0,"gold_gain":0,"player_choice":"Bought 0 Potions","damage_taken":0,"max_hp_gain":0,"max_hp_loss":0,"event_name":"The Woman in Blue","floor":25,"gold_loss":0},{"damage_healed":0,"gold_gain":0,"player_choice":"Fight","damage_taken":0,"max_hp_gain":0,"max_hp_loss":0,"event_name":"MindBloom","floor":38,"gold_loss":0},{"damage_healed":0,"gold_gain":0,"player_choice":"Max HP","damage_taken":0,"max_hp_gain":0,"max_hp_loss":6,"event_name":"Winding Halls","floor":45,"gold_loss":0}],"is_beta":false,"boss_relics":[{"not_picked":["Coffee Dripper","Ring of Chaos"],"picked":"Philosopher\u0027s Stone"},{"not_picked":["Tiny House","Runic Pyramid"],"picked":"Replay:Bronze Core"}],"items_purged_floors":[36],"is_endless":false,"potions_floor_spawned":[5,6,11,14,19,37,41,42,44,46],"ascension_level":1}}