{"host":"g5zc4ej6zn2at89o","time":1609819090,"event":{"mods":["2.2 Compatiblity","AchievementEnabler","BaseMod","Colored Map","DeckTracker","Highlight Path","KOR Keyword Fix","Keyboard Shortcuts","Minty Spire (QoL Compilation)","Permanent Neow","Quick Restart","Say the Spire","StSLib","SuperFastMode","everything is the same but u backflip on backflip"],"gold_per_floor":[110,127,302,302,71,71,81,115,115,115,115,141,64,84,84,84,84],"floor_reached":16,"playtime":575,"items_purged":["Strike_R"],"score":108,"play_id":"f46094c8-a099-44c0-9590-4e5eafac9733","local_time":"20210105125810","is_ascension_mode":true,"campfire_choices":[{"data":"Defend_R","floor":6,"key":"PURGE"},{"data":"Strike_R","floor":10,"key":"PURGE"},{"floor":15,"key":"REST"}],"circlet_count":0,"master_deck":["Strike_R","Strike_R","Strike_R","Defend_R","Defend_R","Defend_R","Bash","Sentinel","Heavy Blade","Doubt","Bloodletting","Flash of Steel","Hemokinesis","Sword Boomerang"],"relics":["Burning Blood","Peace Pipe","The Courier","Juzu Bracelet","Golden Idol","Vajra","Potion Belt"],"acts_visited":["Exordium"],"potions_floor_usage":[8,8,14],"damage_taken":[{"damage":4,"enemies":"Small Slimes","floor":1,"turns":4},{"damage":0,"enemies":"2 Louse","floor":2,"turns":2},{"damage":6,"enemies":"Cultist","floor":7,"turns":4},{"damage":29,"enemies":"Lagavulin","floor":8,"turns":5},{"damage":18,"enemies":"Exordium Thugs","floor":14,"turns":3},{"damage":40,"enemies":"Slime Boss","floor":16,"turns":6}],"seed_played":"-8526961752587706461","potions_obtained":[{"floor":1,"key":"FearPotion"},{"floor":2,"key":"BloodPotion"},{"floor":4,"key":"CultistPotion"}],"is_trial":false,"path_per_floor":["M","M","?","?","$","R","M","E","T","R","?","T","?","M","R","B"],"character_chosen":"IRONCLAD","items_purchased":["Bloodletting","Flash of Steel"],"campfire_rested":1,"item_purchase_floors":[5,5],"current_hp_per_floor":[58,64,64,64,64,64,64,41,41,41,21,21,21,25,49,9,9],"gold":84,"neow_bonus":"ONE_RARE_RELIC","is_daily":false,"chose_seed":false,"campfire_upgraded":0,"win_rate":0.0,"timestamp":1609819090,"path_taken":["M","M","?","?","$","R","M","E","T","R","?","?","?","M","R","BOSS"],"items_purchased_type":["Card","Card"],"build_version":"2020-12-22","purchased_purges":1,"victory":false,"max_hp_per_floor":[80,80,80,80,80,80,80,80,80,80,80,80,80,80,80,80,80],"card_choices":[{"not_picked":["Flex","Searing Blow"],"picked":"Sentinel","floor":1},{"not_picked":["Headbutt","Wild Strike"],"picked":"Heavy Blade","floor":2},{"not_picked":["Evolve","True Grit"],"picked":"Hemokinesis","floor":7},{"not_picked":["Combust","Thunderclap","Heavy Blade"],"picked":"SKIP","floor":8},{"not_picked":["Body Slam","Twin Strike"],"picked":"Sword Boomerang","floor":14}],"player_experience":108980,"relics_obtained":[{"floor":8,"key":"The Courier"},{"floor":9,"key":"Juzu Bracelet"},{"floor":12,"key":"Vajra"}],"event_choices":[{"damage_healed":0,"gold_gain":175,"player_choice":"AGREE","damage_taken":0,"max_hp_gain":0,"max_hp_loss":0,"event_name":"Liars Game","floor":3,"gold_loss":0,"cards_obtained":["Doubt"]},{"damage_healed":0,"gold_gain":0,"player_choice":"Got Potions","damage_taken":0,"max_hp_gain":0,"max_hp_loss":0,"event_name":"Lab","floor":4,"gold_loss":0},{"damage_healed":0,"gold_gain":0,"player_choice":"Take Damage","damage_taken":20,"relics_obtained":["Golden Idol"],"max_hp_gain":0,"max_hp_loss":0,"event_name":"Golden Idol","floor":11,"gold_loss":0},{"damage_healed":0,"gold_gain":0,"player_choice":"Paid Gold","damage_taken":0,"relics_obtained":["Potion Belt"],"max_hp_gain":0,"max_hp_loss":0,"event_name":"WeMeetAgain","floor":13,"gold_loss":77}],"is_beta":false,"boss_relics":[],"items_purged_floors":[5],"is_endless":false,"potions_floor_spawned":[1,2],"killed_by":"Slime Boss","ascension_level":2}}