{"host":"szp1d6dso4pv7ddl","time":1609867961,"event":{"mods":["AchievementEnabler","Alarm Clock","BaseMod","Bestiary","Block Reminder","Colored Map","Colored Powertips","Curses Come First","Displayed Cursed Tome","Highlight Path","Minty Spire (QoL Compilation)","Permanent Neow","Quick Restart","Relic Sorter","Relic Stats","StSLib","Synergy Search"],"gold_per_floor":[17,29,29,44,44,44,87,110,183,4,4,4,17,17,17,111,111,125,65,65,65],"floor_reached":20,"playtime":1041,"items_purged":[],"score":292,"play_id":"2021c47c-e568-4950-8551-0f30d7d27068","local_time":"20210105093241","is_ascension_mode":true,"campfire_choices":[{"data":"Armaments","floor":6,"key":"SMITH"},{"data":"Armaments","floor":15,"key":"SMITH"}],"circlet_count":0,"master_deck":["AscendersBane","Strike_R","Strike_R","Strike_R","Defend_R","Defend_R","Defend_R","Bash","Thunderclap","Seeing Red","Armaments+1","Juggernaut","Havoc","Barricade","Armaments+1","Feed","Dropkick"],"relics":["Burning Blood","Golden Idol","Calipers","Eternal Feather","Blood Vial","Empty Cage"],"acts_visited":["Exordium","TheCity"],"potions_floor_usage":[7,13,16,18,20],"damage_taken":[{"damage":3,"enemies":"Jaw Worm","floor":1,"turns":5},{"damage":5,"enemies":"2 Louse","floor":2,"turns":3},{"damage":1,"enemies":"Cultist","floor":4,"turns":3},{"damage":40,"enemies":"Gremlin Nob","floor":7,"turns":5},{"damage":2,"enemies":"2 Fungi Beasts","floor":8,"turns":4},{"damage":7,"enemies":"Looter","floor":13,"turns":4},{"damage":24,"enemies":"The Guardian","floor":16,"turns":15},{"damage":47,"enemies":"Chosen","floor":18,"turns":8},{"damage":39,"enemies":"2 Thieves","floor":19,"turns":4},{"damage":18,"enemies":"Centurion and Healer","floor":20,"turns":1}],"seed_played":"7178385833054319303","potions_obtained":[{"floor":2,"key":"Regen Potion"},{"floor":7,"key":"BloodPotion"},{"floor":8,"key":"Dexterity Potion"},{"floor":16,"key":"BloodPotion"},{"floor":18,"key":"Strength Potion"}],"is_trial":false,"path_per_floor":["M","M","?","M","?","R","E","M","T","$","?","$","M","?","R","B",null,"M","M","M"],"character_chosen":"IRONCLAD","items_purchased":["Barricade","Armaments"],"campfire_rested":0,"item_purchase_floors":[10,10],"current_hp_per_floor":[71,72,54,59,59,59,39,43,43,43,18,18,34,52,61,45,65,40,9,0,0],"gold":65,"neow_bonus":"REMOVE_TWO","is_daily":false,"chose_seed":false,"campfire_upgraded":2,"win_rate":0.0,"timestamp":1609867961,"path_taken":["M","M","?","M","?","R","E","M","T","$","?","$","?","?","R","BOSS","M","M","M"],"items_purchased_type":["Card","Card"],"build_version":"2020-12-22","purchased_purges":0,"victory":false,"max_hp_per_floor":[75,75,75,75,75,75,75,75,75,75,75,75,75,75,75,75,72,72,72,72,72],"relic_stats":{"Blood Vial":10,"counters":[10,52],"Golden Idol":42,"Eternal Feather":9,"obtain_stats":[{"Blood Vial":11,"Calipers":7,"Golden Idol":3,"Eternal Feather":9,"Empty Cage":17,"Burning Blood":0},{"Blood Vial":5,"Calipers":4,"Golden Idol":2,"Eternal Feather":5,"Empty Cage":7,"Burning Blood":0},{"Blood Vial":20,"Calipers":16,"Golden Idol":8,"Eternal Feather":20,"Empty Cage":39,"Burning Blood":0}],"Burning Blood":54},"card_choices":[{"not_picked":["Armaments","Sword Boomerang"],"picked":"Thunderclap","floor":1},{"not_picked":["Armaments","Thunderclap"],"picked":"Seeing Red","floor":2},{"not_picked":["Intimidate","Dark Embrace"],"picked":"Armaments","floor":4},{"not_picked":["Entrench","Iron Wave"],"picked":"Juggernaut","floor":7},{"not_picked":["Iron Wave","Sentinel"],"picked":"Havoc","floor":8},{"not_picked":["Sword Boomerang","Rupture","Feel No Pain"],"picked":"SKIP","floor":13},{"not_picked":["Immolate","Brutality"],"picked":"Feed","floor":16},{"not_picked":["Havoc","Cleave","Flex"],"picked":"SKIP","floor":18},{"not_picked":["Clash","Anger"],"picked":"Dropkick","floor":19}],"player_experience":1123460,"relics_obtained":[{"floor":7,"key":"Calipers"},{"floor":9,"key":"Eternal Feather"}],"event_choices":[{"damage_healed":0,"gold_gain":0,"player_choice":"Take Damage","damage_taken":18,"relics_obtained":["Golden Idol"],"max_hp_gain":0,"max_hp_loss":0,"event_name":"Golden Idol","floor":3,"gold_loss":0},{"damage_healed":0,"gold_gain":0,"player_choice":"Leave","damage_taken":0,"max_hp_gain":0,"max_hp_loss":0,"event_name":"The Cleric","floor":5,"gold_loss":0},{"damage_healed":0,"gold_gain":0,"player_choice":"Success","damage_taken":25,"relics_obtained":["Blood Vial"],"max_hp_gain":0,"max_hp_loss":0,"event_name":"Scrap Ooze","floor":11,"gold_loss":0},{"damage_healed":18,"gold_gain":0,"player_choice":"Healed and dodged fight","damage_taken":0,"max_hp_gain":0,"max_hp_loss":0,"event_name":"Mushrooms","floor":14,"gold_loss":0,"cards_obtained":["Parasite"]}],"is_beta":false,"boss_relics":[{"not_picked":["Busted Crown","Runic Pyramid"],"picked":"Empty Cage"}],"items_purged_floors":[],"is_endless":false,"potions_floor_spawned":[2,7,8,16,18],"killed_by":"Centurion and Healer","ascension_level":14}}