{"host":"xkmvu47k9fdstweo","time":1609880751,"event":{"mods":["BaseMod","Colored Map","Conspire","Hubris","Minty Spire (QoL Compilation)","Quick Restart","Railgun Mod","Shop Mod","StSLib","The Alterego","The Servant 0.9.4","The Wild Card","TheBandit","WarShipGirlsR/??è≠èóR mod","vexMod"],"gold_per_floor":[112,112,112,124,49,78,78,94,119,149,211,211,211,223,223,320,320,331,41,54,54,67,67,101,115,138,138,171,195,213,213,213,213,213],"floor_reached":33,"playtime":1099,"items_purged":["Streamline"],"score":461,"play_id":"9e366f45-fb25-49e4-9edd-4331aaa3d2d0","local_time":"20210105160551","is_ascension_mode":true,"campfire_choices":[{"data":"Defragment","floor":7,"key":"SMITH"},{"data":"Self Repair","floor":13,"key":"SMITH"},{"floor":15,"key":"REST"},{"data":"Defragment","floor":23,"key":"SMITH"},{"data":"Buffer","floor":32,"key":"SMITH"}],"circlet_count":0,"master_deck":["Strike_B","Strike_B","Strike_B","Defend_B+1","Defend_B","Defend_B","Defend_B","Zap","Dualcast","Self Repair+1","Stack+1","Storm","Ball Lightning","Defragment+1","Leap","Gash","Doom and Gloom","Gash","Gash","Reboot","Defragment+1","Coolheaded","Buffer+1","Capacitor","Cold Snap"],"relics":["FrozenCore","NeowsBlessing","conspire:DeflatedDodgeball","hubris:SlimyHat","War Paint","Bottled Flame","conspire:IceCreamScoop","Nilry\u0027s Codex","Ancient Tea Set","vexMod:BarristanHead","hubris:Towel","MealTicket","Regal Pillow","hubris:BottledHeart"],"acts_visited":["Exordium","TheCity"],"potions_floor_usage":[14,16,22,28,33],"damage_taken":[{"damage":0,"enemies":"Small Slimes","floor":1,"turns":1},{"damage":0,"enemies":"Jaw Worm","floor":4,"turns":1},{"damage":0,"enemies":"Lagavulin","floor":6,"turns":1},{"damage":0,"enemies":"Cultist","floor":8,"turns":4},{"damage":28,"enemies":"Gremlin Nob","floor":10,"turns":4},{"damage":37,"enemies":"Lagavulin Event","floor":11,"turns":6},{"damage":0,"enemies":"Lots of Slimes","floor":14,"turns":2},{"damage":12,"enemies":"Slime Boss","floor":16,"turns":8},{"damage":0,"enemies":"Chosen","floor":18,"turns":5},{"damage":11,"enemies":"Spheric Guardian","floor":20,"turns":4},{"damage":17,"enemies":"Snake Plant","floor":22,"turns":6},{"damage":9,"enemies":"conspire:SneckoGhost","floor":24,"turns":6},{"damage":7,"enemies":"conspire:HollyBat","floor":25,"turns":8},{"damage":20,"enemies":"Book of Stabbing","floor":28,"turns":6},{"damage":34,"enemies":"Centurion and Healer","floor":30,"turns":9},{"damage":11,"enemies":"Collector","floor":33,"turns":5}],"seed_played":"-8173275633242892471","potions_obtained":[{"floor":6,"key":"FearPotion"},{"floor":10,"key":"Explosive Potion"},{"floor":11,"key":"FocusPotion"},{"floor":18,"key":"SpeedPotion"},{"floor":25,"key":"SteroidPotion"},{"floor":28,"key":"Strength Potion"}],"is_trial":false,"path_per_floor":["M","?","?","M","$","E","R","M","T","E","?","?","R","M","R","B",null,"M","$","M","?","M","R","E","M","T","?","E","T","M","?","R","B"],"character_chosen":"DEFECT","items_purchased":["conspire:IceCreamScoop"],"campfire_rested":1,"item_purchase_floors":[19],"current_hp_per_floor":[68,68,68,68,68,68,68,75,75,54,24,24,24,24,46,44,67,75,75,74,58,51,51,52,55,55,55,45,45,21,1,1,0,0],"gold":213,"neow_bonus":"THREE_ENEMY_KILL","is_daily":false,"chose_seed":false,"campfire_upgraded":4,"win_rate":0.0,"timestamp":1609880751,"path_taken":["M","?","?","M","$","E","R","M","T","E","?","?","R","M","R","BOSS","M","$","M","?","M","R","E","M","T","?","E","?","?","?","R","BOSS"],"items_purchased_type":["Relic"],"build_version":"2020-12-22","purchased_purges":1,"victory":false,"max_hp_per_floor":[75,75,75,75,75,75,75,75,75,75,75,75,75,75,75,75,75,75,75,75,75,75,75,75,75,75,75,75,75,75,1,1,1,1],"card_choices":[{"not_picked":["Steam","Redo"],"picked":"Self Repair","floor":1},{"not_picked":["Reinforced Body","Reprogram"],"picked":"Leap","floor":4},{"not_picked":["conspire:SharedLibrary","Leap"],"picked":"Gash","floor":6},{"not_picked":["Storm","Go for the Eyes"],"picked":"Doom and Gloom","floor":8},{"not_picked":["Recycle","Conserve Battery"],"picked":"Gash","floor":10},{"not_picked":["Aggregate","Storm"],"picked":"Gash","floor":11},{"not_picked":["Leap","conspire:Rain","Rebound"],"picked":"SKIP","floor":14},{"not_picked":["Buffer","Fission"],"picked":"Reboot","floor":16},{"not_picked":["Stack","Barrage","Sunder"],"picked":"SKIP","floor":18},{"not_picked":["Cold Snap","Hologram"],"picked":"Defragment","floor":20},{"not_picked":["Hologram+1","Reinforced Body"],"picked":"Coolheaded","floor":22},{"not_picked":["Steam Power","Go for the Eyes"],"picked":"Buffer","floor":24},{"not_picked":["Stack","Compile Driver"],"picked":"Capacitor","floor":25},{"not_picked":["Sweeping Beam+1","Steam Power"],"picked":"Cold Snap","floor":28},{"not_picked":["Loop","Melter","Compile Driver"],"picked":"SKIP","floor":30}],"player_experience":349789,"relics_obtained":[{"floor":6,"key":"conspire:DeflatedDodgeball"},{"floor":9,"key":"hubris:SlimyHat"},{"floor":10,"key":"War Paint"},{"floor":11,"key":"Bottled Flame"},{"floor":21,"key":"Nilry\u0027s Codex"},{"floor":24,"key":"Ancient Tea Set"},{"floor":26,"key":"vexMod:BarristanHead"},{"floor":28,"key":"MealTicket"},{"floor":29,"key":"Regal Pillow"}],"event_choices":[{"damage_healed":0,"gold_gain":0,"player_choice":"Disagree","damage_taken":0,"max_hp_gain":0,"max_hp_loss":0,"event_name":"conspire:LoneGhost","floor":2,"gold_loss":0},{"damage_healed":0,"gold_gain":0,"player_choice":"Searched \u00272\u0027 times","damage_taken":0,"max_hp_gain":0,"max_hp_loss":0,"event_name":"Dead Adventurer","floor":11,"gold_loss":0},{"cards_removed":["Strike_B"],"damage_healed":0,"gold_gain":0,"player_choice":"Forget","damage_taken":0,"max_hp_gain":0,"max_hp_loss":0,"event_name":"Living Wall","floor":12,"gold_loss":0},{"damage_healed":0,"gold_gain":0,"player_choice":"Obtained Book","damage_taken":16,"max_hp_gain":0,"max_hp_loss":0,"event_name":"Cursed Tome","floor":21,"gold_loss":0}],"is_beta":false,"boss_relics":[{"not_picked":["vexMod:RockOfEvil","vexMod:CursedCompass"],"picked":"FrozenCore"}],"items_purged_floors":[5],"is_endless":false,"potions_floor_spawned":[6,10,11,18,25,28],"killed_by":"Collector","ascension_level":9}}