{"host":"e8rlfedn69rz2s07","time":1609883499,"event":{"mods":["Act Like it!","BaseMod","Conspire","Hubris","Infinite Spire","Minty Spire (QoL Compilation)","Permanent Neow","Relic Stats","Replay The Spire","Shop Mod","StSLib","The Jungle"],"gold_per_floor":[114,131,131,131,141,141,159,189,212,212,212,239,273,288,288,359,359,369,49,49,69,80,107,107,32,83,95,127,141,141,153,153,226,226,243,260,276,276,276],"floor_reached":38,"playtime":1660,"items_purged":["Strike_R"],"score":728,"play_id":"8da86265-1010-4335-ac13-da115d338954","local_time":"20210105235139","is_ascension_mode":true,"campfire_choices":[{"data":"Searing Blow","floor":6.0,"key":"SMITH"},{"data":"Demon Form","floor":10.0,"key":"SMITH"},{"floor":15,"key":"REST"},{"data":"Limit Break","floor":24,"key":"SMITH"},{"floor":30,"key":"REST"},{"floor":32,"key":"DIG"}],"circlet_count":0,"master_deck":["AscendersBane","Strike_R","Strike_R","Strike_R","Strike_R","Defend_R","Defend_R","Defend_R","Defend_R","Bash+1","Pommel Strike","True Grit","Limit Break+1","Demon Form+1","conspire:HitWhereItHurts","Shockwave","Immolate","Inflame","hubris:StunningStrike","Sword Boomerang","Shrug It Off","ReplayTheSpireMod:Muscle Training","Headbutt","Shrug It Off","Flame Barrier","Impervious","Sword Boomerang+1","Ghostly Armor"],"relics":["Burning Blood","ReplayTheSpireMod:Spearhead","Replay:Baseball","infinitespire:Lucky Rock","Ancient Tea Set","Runic Dome","infinitespire:Satchel","infinitespire:EmpoweringShard","Another Sword","Molten Egg 2","conspire:SpecialSausage"],"acts_visited":["Exordium","TheCity","TheBeyond"],"potions_floor_usage":[14,18,22,28,28,29],"damage_taken":[{"damage":15.0,"enemies":"Jaw Worm","floor":1.0,"turns":7.0},{"damage":2.0,"enemies":"conspire:RoseBush","floor":2.0,"turns":6.0},{"damage":0.0,"enemies":"2 Louse","floor":5.0,"turns":2.0},{"damage":11.0,"enemies":"Blue Slaver","floor":7.0,"turns":4.0},{"damage":28.0,"enemies":"3 Sentries","floor":8.0,"turns":9.0},{"damage":25.0,"enemies":"Lagavulin","floor":13.0,"turns":7.0},{"damage":6,"enemies":"Exordium Thugs","floor":14,"turns":6},{"damage":18,"enemies":"Slime Boss","floor":16,"turns":5},{"damage":1,"enemies":"Spheric Guardian","floor":18,"turns":3},{"damage":17,"enemies":"Shell Parasite","floor":21,"turns":4},{"damage":0,"enemies":"Snake Plant","floor":22,"turns":3},{"damage":26,"enemies":"Book of Stabbing","floor":23,"turns":4},{"damage":13,"enemies":"Centurion and Healer","floor":27,"turns":5},{"damage":19,"enemies":"Slavers","floor":28,"turns":4},{"damage":28,"enemies":"Sentry and Sphere","floor":29,"turns":5},{"damage":8,"enemies":"Snecko","floor":31,"turns":3},{"damage":56,"enemies":"Champ","floor":33,"turns":7},{"damage":14,"enemies":"3 Shapes","floor":35,"turns":4},{"damage":8,"enemies":"3 Darklings","floor":36,"turns":3},{"damage":9,"enemies":"Transient","floor":37,"turns":5},{"damage":57,"enemies":"conspire:MimicChest","floor":38,"turns":4}],"seed_played":"-4198533933815702734","potions_obtained":[{"floor":0.0,"key":"DuplicationPotion"},{"floor":0.0,"key":"Adrenaline Potion"},{"floor":1.0,"key":"Energy Potion"},{"floor":2.0,"key":"BlessingOfTheForge"},{"floor":8.0,"key":"Block Potion"},{"floor":14,"key":"SteroidPotion"},{"floor":21,"key":"FairyPotion"},{"floor":27,"key":"SkillPotion"},{"floor":28,"key":"Regen Potion"},{"floor":31,"key":"EssenceOfSteel"},{"floor":33,"key":"Languid Potion"},{"floor":36,"key":"SteroidPotion"}],"is_trial":false,"path_per_floor":["M","M","?","?","M","R","M","E","T","R","?","T","E","M","R","B",null,"M","$","?","M","M","E","R","$","T","M","E","M","R","M","R","B",null,"M","M","M","?"],"character_chosen":"IRONCLAD","items_purchased":["Inflame","infinitespire:Satchel","hubris:StunningStrike"],"campfire_rested":2,"item_purchase_floors":[19,19,19],"current_hp_per_floor":[59,63,68,68,74,74,69,47,47,47,47,47,28,28,52,40,70,75,75,80,69,75,55,55,55,55,48,35,22,46,44,44,30,68,60,58,55,0,0],"gold":276,"neow_bonus":"THREE_SMALL_POTIONS","is_daily":false,"chose_seed":false,"campfire_upgraded":3,"win_rate":0.0,"timestamp":1609883499,"path_taken":["M","M","?","?","M","R","M","E","T","R","?","?","E","M","R","BOSS","M","$","?","M","M","E","R","?","T","?","E","M","R","M","R","BOSS","M","M","M","?"],"items_purchased_type":["Card","Relic","Card"],"build_version":"2020-12-22","purchased_purges":1,"victory":false,"max_hp_per_floor":[75,75,80,80,80,80,80,80,80,80,80,80,80,80,80,80,80,80,80,80,80,80,80,80,80,80,80,80,80,80,80,80,80,80,80,80,80,80,80],"relic_stats":{"counters":[21,100],"obtain_stats":[{"Runic Dome":17,"ReplayTheSpireMod:Spearhead":8,"Replay:Baseball":9,"infinitespire:Satchel":19,"Molten Egg 2":32,"conspire:SpecialSausage":34,"Another Sword":28,"infinitespire:EmpoweringShard":23,"infinitespire:Lucky Rock":12,"Ancient Tea Set":13,"Burning Blood":0},{"Runic Dome":8,"ReplayTheSpireMod:Spearhead":5,"Replay:Baseball":5,"infinitespire:Satchel":9,"Molten Egg 2":16,"conspire:SpecialSausage":17,"Another Sword":14,"infinitespire:EmpoweringShard":12,"infinitespire:Lucky Rock":5,"Ancient Tea Set":6,"Burning Blood":0},{"Runic Dome":46,"ReplayTheSpireMod:Spearhead":28,"Replay:Baseball":28,"infinitespire:Satchel":49,"Molten Egg 2":77,"conspire:SpecialSausage":84,"Another Sword":69,"infinitespire:EmpoweringShard":60,"infinitespire:Lucky Rock":28,"Ancient Tea Set":35,"Burning Blood":0}],"Burning Blood":120},"card_choices":[{"not_picked":["Dual Wield","True Grit"],"picked":"Searing Blow","floor":1.0},{"not_picked":["Body Slam","Sword Boomerang"],"picked":"Pommel Strike","floor":2.0},{"not_picked":["Cleave","Power Through"],"picked":"True Grit","floor":5.0},{"not_picked":["Rupture","True Grit"],"picked":"Limit Break","floor":7.0},{"not_picked":["Headbutt","Battle Trance"],"picked":"Demon Form","floor":8.0},{"not_picked":["Havoc","conspire:ExplosiveBarrier"],"picked":"conspire:HitWhereItHurts","floor":13.0},{"not_picked":["Perfected Strike","Flex"],"picked":"Shockwave","floor":14},{"not_picked":["Replay:Many Hands","Hemogenesis"],"picked":"Immolate","floor":16},{"not_picked":["hubris:CleavingFinish","Carnage","Clash"],"picked":"SKIP","floor":18},{"not_picked":["Run Through+1","Headbutt"],"picked":"Sword Boomerang","floor":21},{"not_picked":["Havoc+1","Bloodletting"],"picked":"Shrug It Off","floor":22},{"not_picked":["ReplayTheSpireMod:Strike From Hell","Second Wind+1"],"picked":"ReplayTheSpireMod:Muscle Training","floor":23},{"not_picked":["Cleave+1","Life Link"],"picked":"Headbutt","floor":27},{"not_picked":["Havoc","Eclipse","Abandon+1"],"picked":"SKIP","floor":28},{"not_picked":["Sentinel","Twin Strike"],"picked":"Shrug It Off","floor":29},{"not_picked":["Second Wind","Thunderclap"],"picked":"Flame Barrier","floor":31},{"not_picked":["Corruption","Double Tap"],"picked":"Impervious","floor":33},{"not_picked":["Iron Wave+1","conspire:ExplosiveBarrier"],"picked":"Sword Boomerang+1","floor":35},{"not_picked":["hubris:ReadiedAction","Power Through"],"picked":"Ghostly Armor","floor":36},{"not_picked":["Cleave+1","Seeing Red","Iron Wave+1"],"picked":"SKIP","floor":37}],"player_experience":950253,"relics_obtained":[{"floor":8.0,"key":"ReplayTheSpireMod:Spearhead"},{"floor":9.0,"key":"Replay:Baseball"},{"floor":12.0,"key":"infinitespire:Lucky Rock"},{"floor":13.0,"key":"Ancient Tea Set"},{"floor":23,"key":"infinitespire:EmpoweringShard"},{"floor":28,"key":"Another Sword"},{"floor":32,"key":"Molten Egg 2"}],"event_choices":[{"damage_healed":0.0,"max_hp_gain":5.0,"max_hp_loss":0.0,"gold_gain":0.0,"event_name":"Big Fish","player_choice":"Donut","floor":3.0,"gold_loss":0.0,"damage_taken":0.0},{"damage_healed":0.0,"max_hp_gain":0.0,"max_hp_loss":0.0,"gold_gain":0.0,"event_name":"Liars Game","player_choice":"Ignored","floor":11.0,"gold_loss":0.0,"damage_taken":0.0},{"cards_removed":["Searing Blow"],"damage_healed":5,"gold_gain":0,"player_choice":"Offered Uncommon","damage_taken":0,"max_hp_gain":0,"max_hp_loss":0,"event_name":"Bonfire Elementals","floor":20,"gold_loss":0}],"is_beta":false,"boss_relics":[{"not_picked":["SlaversCollar","hubris:BlackHole"],"picked":"Runic Dome"},{"not_picked":["hubris:TerracottaHorce","Fusion Hammer"],"picked":"conspire:SpecialSausage"}],"items_purged_floors":[25],"is_endless":false,"potions_floor_spawned":[1,2,8,14,21,27,28,31,33,36],"killed_by":"conspire:MimicChest","ascension_level":14}}