{"host":"ELF","time":1609838355,"event":{"mods":["BaseMod","Minty Spire (QoL Compilation)"],"gold_per_floor":[116,116,191,191,211,244,112,144,169,169,17,17,44,44,44,44,44],"floor_reached":16,"playtime":717,"items_purged":["Regret","Strike_G"],"score":278,"play_id":"bfa336ae-a24b-4761-955e-326281e8c8d6","local_time":"20210105031915","is_ascension_mode":true,"campfire_choices":[{"floor":10,"key":"REST"},{"floor":15,"key":"REST"}],"circlet_count":0,"master_deck":["AscendersBane","Strike_G","Strike_G","Strike_G","Strike_G","Defend_G","Defend_G","Defend_G","Defend_G","Defend_G","Survivor","Neutralize","Acrobatics","Leg Sweep+1","Blade Dance+1","Backflip+1","Reflex+1","Deflect+1","Crippling Poison+1"],"relics":["Ring of the Snake","NeowsBlessing","Nunchaku","Toxic Egg 2","Potion Belt","Happy Flower","Juzu Bracelet","Ancient Tea Set","Kunai"],"acts_visited":["Exordium"],"potions_floor_usage":[8,13],"damage_taken":[{"damage":0,"enemies":"2 Louse","floor":1,"turns":1},{"damage":0,"enemies":"Small Slimes","floor":5,"turns":1},{"damage":0,"enemies":"Lagavulin","floor":6,"turns":1},{"damage":29,"enemies":"3 Sentries","floor":8,"turns":8},{"damage":20,"enemies":"Lagavulin","floor":13,"turns":10},{"damage":34,"enemies":"Hexaghost","floor":16,"turns":16}],"seed_played":"9064187427006143950","potions_obtained":[{"floor":5,"key":"SneckoOil"},{"floor":6,"key":"LiquidBronze"},{"floor":8,"key":"SpeedPotion"},{"floor":13,"key":"Dexterity Potion"}],"is_trial":false,"path_per_floor":["M","?","?","?","M","E","$","E","T","R","$","?","E","$","R","B"],"character_chosen":"THE_SILENT","items_purchased":["Backflip+1","Deflect+1"],"campfire_rested":2,"item_purchase_floors":[7,11],"current_hp_per_floor":[59,59,48,43,43,43,43,14,14,33,33,33,13,13,32,0,0],"gold":44,"neow_bonus":"THREE_ENEMY_KILL","is_daily":false,"chose_seed":false,"campfire_upgraded":0,"win_rate":0.0,"timestamp":1609838355,"path_taken":["M","?","?","?","M","E","$","E","T","R","$","?","E","$","R","BOSS"],"items_purchased_type":["Card","Card"],"build_version":"2020-12-18","purchased_purges":2,"victory":false,"max_hp_per_floor":[66,66,66,66,66,66,66,66,66,66,66,66,66,66,66,66,66],"card_choices":[{"not_picked":["Cloak And Dagger","Deflect"],"picked":"Acrobatics","floor":1},{"not_picked":["Noxious Fumes","Deflect+1"],"picked":"Leg Sweep+1","floor":5},{"not_picked":["Bane","Concentrate+1"],"picked":"Blade Dance+1","floor":6},{"not_picked":["Choke","Prepared+1"],"picked":"Reflex+1","floor":8},{"not_picked":["Bouncing Flask+1","PiercingWail+1"],"picked":"Crippling Poison+1","floor":13}],"player_experience":3152856,"relics_obtained":[{"floor":6,"key":"Potion Belt"},{"floor":8,"key":"Happy Flower"},{"floor":9,"key":"Juzu Bracelet"},{"floor":13,"key":"Kunai"}],"event_choices":[{"damage_healed":0,"gold_gain":0,"player_choice":"Box","damage_taken":0,"relics_obtained":["Nunchaku"],"max_hp_gain":0,"max_hp_loss":0,"event_name":"Big Fish","floor":2,"gold_loss":0,"cards_obtained":["Regret"]},{"damage_healed":0,"gold_gain":75,"player_choice":"Gather Gold","damage_taken":11,"max_hp_gain":0,"max_hp_loss":0,"event_name":"World of Goop","floor":3,"gold_loss":0},{"damage_healed":0,"gold_gain":0,"player_choice":"Success","damage_taken":5,"relics_obtained":["Toxic Egg 2"],"max_hp_gain":0,"max_hp_loss":0,"event_name":"Scrap Ooze","floor":4,"gold_loss":0},{"damage_healed":0,"gold_gain":0,"player_choice":"Searched \u00271\u0027 times","damage_taken":0,"relics_obtained":["Ancient Tea Set"],"max_hp_gain":0,"max_hp_loss":0,"event_name":"Dead Adventurer","floor":12,"gold_loss":0}],"is_beta":true,"boss_relics":[],"items_purged_floors":[7,11],"is_endless":false,"potions_floor_spawned":[5,6,8,13],"killed_by":"Hexaghost","ascension_level":20}}