{"host":"k7udt7atmcuzf6l0","time":1609820799,"event":{"mods":["AchievementEnabler","BaseMod","Colored Map","Colored Powertips","Highlight Path","Minty Spire (QoL Compilation)","Quick Restart","Rare Cards Sparkle","StSLib","UnlockEverythingMod"],"gold_per_floor":[119,119,294,294,21,50,73,73,73,73,106,106,120,147,147,249,249,265,265,276,41,140,165,165,165,165,183,202,202,229,247,247,347,347,366,412,412,431,431,431,431],"floor_reached":40,"playtime":1933,"items_purged":["Doubt"],"score":488,"play_id":"a04573a1-2541-439a-bdad-90b843325ba2","local_time":"20210105122639","is_ascension_mode":false,"campfire_choices":[{"data":"Flex","floor":8.0,"key":"SMITH"},{"data":"Dual Wield","floor":12.0,"key":"SMITH"},{"data":"Body Slam","floor":15.0,"key":"SMITH"},{"data":"Offering","floor":25.0,"key":"SMITH"},{"data":"Battle Trance","floor":29.0,"key":"SMITH"},{"data":"Limit Break","floor":32.0,"key":"SMITH"}],"circlet_count":0,"master_deck":["Strike_R","Strike_R","Strike_R","Strike_R","Strike_R","Defend_R","Defend_R+1","Defend_R","Defend_R","Bash+1","Dual Wield+1","Twin Strike","Flex+1","Body Slam+1","Offering+1","Pommel Strike+1","Entrench+1","Cleave+1","Brutality+1","Battle Trance+1","Metallicize+1","Headbutt+1","Limit Break+1","Seeing Red","Berserk+1","Seeing Red","Thunderclap+1","Double Tap","Violence"],"relics":["Black Blood","NeowsBlessing","Juzu Bracelet","Membership Card","Bag of Preparation","Singing Bowl","Odd Mushroom","Paper Frog","Gremlin Horn","Art of War","White Beast Statue","Runic Pyramid","MutagenicStrength","Frozen Egg 2","Orrery","Sundial","Shuriken","Question Card","Incense Burner"],"acts_visited":["Exordium","TheCity","TheBeyond"],"potions_floor_usage":[36,40],"damage_taken":[{"damage":0.0,"enemies":"2 Louse","floor":1.0,"turns":1.0},{"damage":0.0,"enemies":"3 Sentries","floor":6.0,"turns":2.0},{"damage":0.0,"enemies":"The Mushroom Lair","floor":7.0,"turns":1.0},{"damage":0.0,"enemies":"Gremlin Nob","floor":11.0,"turns":3.0},{"damage":0.0,"enemies":"Small Slimes","floor":13.0,"turns":2.0},{"damage":41.0,"enemies":"3 Sentries","floor":14.0,"turns":8.0},{"damage":41.0,"enemies":"The Guardian","floor":16.0,"turns":7.0},{"damage":6.0,"enemies":"3 Byrds","floor":18.0,"turns":4.0},{"damage":6.0,"enemies":"Chosen","floor":20.0,"turns":3.0},{"damage":26.0,"enemies":"Slavers","floor":23.0,"turns":4.0},{"damage":19.0,"enemies":"Snecko","floor":27.0,"turns":6.0},{"damage":21.0,"enemies":"Centurion and Healer","floor":28.0,"turns":6.0},{"damage":15.0,"enemies":"Book of Stabbing","floor":30.0,"turns":2.0},{"damage":11.0,"enemies":"Shelled Parasite and Fungi","floor":31.0,"turns":2.0},{"damage":35.0,"enemies":"Automaton","floor":33.0,"turns":6.0},{"damage":32,"enemies":"3 Darklings","floor":35,"turns":4},{"damage":33,"enemies":"2 Orb Walkers","floor":36,"turns":4},{"damage":14,"enemies":"Orb Walker","floor":38,"turns":3},{"damage":69,"enemies":"Nemesis","floor":40,"turns":4}],"seed_played":"2243802137363487301","potions_obtained":[{"floor":7.0,"key":"Swift Potion"},{"floor":11.0,"key":"Block Potion"},{"floor":16.0,"key":"EssenceOfSteel"},{"floor":18.0,"key":"ColorlessPotion"},{"floor":20.0,"key":"BloodPotion"},{"floor":23.0,"key":"LiquidMemories"},{"floor":27.0,"key":"ColorlessPotion"},{"floor":28.0,"key":"Explosive Potion"},{"floor":30.0,"key":"Fire Potion"},{"floor":31.0,"key":"BloodPotion"},{"floor":33.0,"key":"Strength Potion"},{"floor":35,"key":"ColorlessPotion"},{"floor":36,"key":"EssenceOfSteel"},{"floor":38,"key":"GamblersBrew"}],"is_trial":false,"path_per_floor":["M","?","?","?","$","E","?","R","T","?","E","R","M","E","R","B",null,"M","?","M","$","?","E","?","R","T","M","M","R","E","M","R","B",null,"M","?","?","M","?","E"],"character_chosen":"IRONCLAD","items_purchased":["Membership Card","Bag of Preparation","Twin Strike","Frozen Egg 2","Orrery","Metallicize+1"],"campfire_rested":0,"item_purchase_floors":[5,5,5,21,21,21],"current_hp_per_floor":[80,64,64,52,52,58,64,64,64,64,72,72,78,45,45,10,84,84,84,84,88,88,68,68,68,68,57,62,62,53,48,48,37,92,72,51,51,49,49,0,0],"gold":431,"neow_bonus":"THREE_ENEMY_KILL","is_daily":false,"chose_seed":false,"campfire_upgraded":6,"win_rate":0.0,"timestamp":1609820799,"path_taken":["M","?","?","?","$","E","?","R","T","?","E","R","M","E","R","BOSS","M","?","M","$","?","E","?","R","T","M","M","R","E","M","R","BOSS","M","?","?","M","?","E"],"items_purchased_type":["Relic","Relic","Card","Relic","Relic","Card"],"build_version":"2020-12-22","purchased_purges":1,"victory":false,"max_hp_per_floor":[80,80,80,80,80,80,80,80,80,80,82,82,82,84,84,84,84,84,84,84,88,88,88,88,88,88,90,92,92,92,92,92,92,92,92,92,92,92,92,92,92],"card_choices":[{"not_picked":["Shrug It Off","Thunderclap"],"picked":"Dual Wield","floor":1.0},{"not_picked":["Shrug It Off","True Grit"],"picked":"Warcry","floor":6.0},{"not_picked":["Hemokinesis","Iron Wave"],"picked":"Flex","floor":7.0},{"not_picked":["Combust","Iron Wave","Headbutt"],"picked":"Singing Bowl","floor":11.0},{"not_picked":["Clothesline","Perfected Strike"],"picked":"Body Slam","floor":13.0},{"not_picked":["True Grit","Exhume","Body Slam"],"picked":"Singing Bowl","floor":14.0},{"not_picked":["Feed","Double Tap"],"picked":"Offering","floor":16.0},{"not_picked":["Blood for Blood","Flex"],"picked":"Pommel Strike+1","floor":18.0},{"not_picked":["Dual Wield","Evolve"],"picked":"Entrench+1","floor":20.0},{"not_picked":["Clash","Pommel Strike"],"picked":"Cleave+1","floor":21.0},{"not_picked":["Rupture+1","Shrug It Off"],"picked":"Brutality+1","floor":21.0},{"not_picked":["Rage","Havoc","Clothesline"],"picked":"Singing Bowl","floor":21.0},{"not_picked":["Fiend Fire","Clash+1"],"picked":"Battle Trance","floor":21.0},{"not_picked":["Havoc","Second Wind","Anger+1"],"picked":"Singing Bowl","floor":21.0},{"not_picked":["Sword Boomerang","Flame Barrier+1"],"picked":"Headbutt+1","floor":23.0},{"not_picked":["Battle Trance","Heavy Blade","Sword Boomerang"],"picked":"Singing Bowl","floor":27.0},{"not_picked":["Pommel Strike","Thunderclap","Flex"],"picked":"Singing Bowl","floor":28.0},{"not_picked":["Heavy Blade","Dark Embrace+1"],"picked":"Limit Break","floor":30.0},{"not_picked":["Power Through+1","Hemokinesis","Perfected Strike"],"picked":"Seeing Red","floor":31.0},{"not_picked":["Offering","Bludgeon","Exhume"],"picked":"Berserk+1","floor":33.0},{"not_picked":["Fire Breathing+1","Clash+1","Perfected Strike"],"picked":"Seeing Red","floor":35},{"not_picked":["Armaments","Pommel Strike","Dark Embrace+1"],"picked":"Thunderclap+1","floor":36},{"not_picked":["Shrug It Off+1","Cleave+1","Iron Wave+1"],"picked":"Double Tap","floor":38},{"not_picked":["Apotheosis","Forethought","Madness"],"picked":"Violence","floor":39}],"player_experience":49495,"relics_obtained":[{"floor":6.0,"key":"Singing Bowl"},{"floor":7.0,"key":"Odd Mushroom"},{"floor":9.0,"key":"Paper Frog"},{"floor":11.0,"key":"Art of War"},{"floor":14.0,"key":"White Beast Statue"},{"floor":23.0,"key":"Sundial"},{"floor":26.0,"key":"Shuriken"},{"floor":30.0,"key":"Question Card"},{"floor":36,"key":"Incense Burner"}],"event_choices":[{"damage_healed":0.0,"max_hp_gain":0.0,"max_hp_loss":0.0,"gold_gain":0.0,"event_name":"Shining Light","player_choice":"Entered Light","floor":2.0,"gold_loss":0.0,"damage_taken":16.0,"cards_upgraded":["Bash","Defend_R"]},{"damage_healed":0.0,"max_hp_gain":0.0,"max_hp_loss":0.0,"gold_gain":175.0,"event_name":"Liars Game","player_choice":"AGREE","floor":3.0,"gold_loss":0.0,"damage_taken":0.0,"cards_obtained":["Doubt"]},{"damage_healed":0.0,"max_hp_gain":0.0,"max_hp_loss":0.0,"gold_gain":0.0,"event_name":"Scrap Ooze","player_choice":"Success","floor":4.0,"gold_loss":0.0,"damage_taken":12.0,"relics_obtained":["Juzu Bracelet"]},{"damage_healed":0.0,"max_hp_gain":0.0,"max_hp_loss":0.0,"gold_gain":0.0,"event_name":"Mushrooms","player_choice":"Fought Mushrooms","floor":7.0,"gold_loss":0.0,"damage_taken":0.0},{"damage_healed":0.0,"max_hp_gain":0.0,"max_hp_loss":0.0,"gold_gain":0.0,"event_name":"Dead Adventurer","player_choice":"Searched \u00271\u0027 times","floor":10.0,"gold_loss":0.0,"damage_taken":0.0,"relics_obtained":["Gremlin Horn"]},{"damage_healed":0.0,"max_hp_gain":0.0,"max_hp_loss":0.0,"gold_gain":0.0,"event_name":"Drug Dealer","player_choice":"Inject Mutagens","floor":19.0,"gold_loss":0.0,"damage_taken":0.0,"relics_obtained":["MutagenicStrength"]},{"damage_healed":0.0,"max_hp_gain":0.0,"max_hp_loss":0.0,"gold_gain":99.0,"event_name":"Nest","player_choice":"Stole From Cult","floor":22.0,"gold_loss":0.0,"damage_taken":0.0},{"cards_removed":["Warcry"],"damage_healed":0.0,"max_hp_gain":0.0,"max_hp_loss":0.0,"gold_gain":0.0,"event_name":"Wheel of Change","player_choice":"Card Removal","floor":24.0,"gold_loss":0.0,"damage_taken":0.0},{"damage_healed":0,"gold_gain":0,"player_choice":"Fight","damage_taken":0,"max_hp_gain":0,"max_hp_loss":0,"event_name":"Mysterious Sphere","floor":36,"gold_loss":0},{"damage_healed":0,"gold_gain":0,"player_choice":"Ignored","damage_taken":0,"max_hp_gain":0,"max_hp_loss":0,"event_name":"Tomb of Lord Red Mask","floor":37,"gold_loss":0},{"damage_healed":0,"gold_gain":0,"player_choice":"Memory 1","damage_taken":0,"max_hp_gain":0,"max_hp_loss":0,"event_name":"SensoryStone","floor":39,"gold_loss":0}],"is_beta":false,"boss_relics":[{"not_picked":["Ectoplasm","Busted Crown"],"picked":"Runic Pyramid"},{"not_picked":["Tiny House","Runic Dome"],"picked":"Black Blood"}],"items_purged_floors":[5],"is_endless":false,"potions_floor_spawned":[7,11,16,18,20,23,27,28,30,31,33,35,36,38],"killed_by":"Nemesis","ascension_level":0}}