{"host":"yvs6unqb0m2j26b0","time":1609869732,"event":{"mods":["AchievementEnabler","BaseMod","Colored Map","Colored Powertips","Minty Spire (QoL Compilation)"],"gold_per_floor":[218,229,249,261,37,63,63,63,86,114,134,159,177,8,8,113,113,125,136,149,161,171,206,216,216,216,248,248,268,302,316,316,416,416,433,433,333,353,370,399,399,416,468,294,322,335,385,15,15,15],"floor_reached":51,"playtime":4141,"items_purged":["Strike_G","Strike_G","Strike_G","Strike_G"],"score":843,"play_id":"d9f8241f-983c-4ff2-9d56-80b2611e06f2","local_time":"20210105160212","is_ascension_mode":false,"campfire_choices":[{"data":"Crippling Poison","floor":8.0,"key":"SMITH"},{"floor":15.0,"key":"REST"},{"data":"Sadistic Nature","floor":32,"key":"SMITH"},{"data":"Bouncing Flask","floor":41,"key":"SMITH"},{"floor":49,"key":"REST"}],"circlet_count":0,"master_deck":["Defend_G","Defend_G","Defend_G","Defend_G","Defend_G","Survivor","Neutralize","Poisoned Stab","Deflect","Bane","Backstab","Crippling Poison+1","Tactician","Poisoned Stab","Deadly Poison","Endless Agony","Predator","Sadistic Nature+1","After Image","Deflect+1","Escape Plan","Outmaneuver+1","Deadly Poison","Eviscerate+1","Poisoned Stab+1","Iron Wave","Adrenaline","Bouncing Flask","Corpse Explosion","Flying Knee+1","Bouncing Flask+1","Infinite Blades+1","Footwork+1","Bane+1","Infinite Blades","Infinite Blades","Deflect+1","Metamorphosis"],"relics":["Ring of the Serpent","Orichalcum","Anchor","Bag of Preparation","Nunchaku","Mercury Hourglass","Lantern","Ancient Tea Set","Ornamental Fan","Du-Vu Doll","Busted Crown","Molten Egg 2","Centennial Puzzle","Ninja Scroll","CaptainsWheel"],"acts_visited":["Exordium","TheCity","TheBeyond"],"potions_floor_usage":[33,33,45,50,50,50],"damage_taken":[{"damage":2.0,"enemies":"Cultist","floor":1.0,"turns":4.0},{"damage":6.0,"enemies":"Jaw Worm","floor":2.0,"turns":3.0},{"damage":7.0,"enemies":"Small Slimes","floor":3.0,"turns":4.0},{"damage":2.0,"enemies":"Red Slaver","floor":4.0,"turns":5.0},{"damage":12.0,"enemies":"Gremlin Nob","floor":6.0,"turns":5.0},{"damage":14.0,"enemies":"Lagavulin","floor":10.0,"turns":6.0},{"damage":0.0,"enemies":"Large Slime","floor":11.0,"turns":5.0},{"damage":6.0,"enemies":"3 Sentries","floor":12.0,"turns":6.0},{"damage":0.0,"enemies":"Blue Slaver","floor":13.0,"turns":1.0},{"damage":8.0,"enemies":"Hexaghost","floor":16.0,"turns":6.0},{"damage":0.0,"enemies":"Chosen","floor":18.0,"turns":4.0},{"damage":2.0,"enemies":"2 Thieves","floor":19.0,"turns":3.0},{"damage":0.0,"enemies":"Snake Plant","floor":20.0,"turns":3.0},{"damage":15.0,"enemies":"Centurion and Healer","floor":21.0,"turns":4.0},{"damage":16.0,"enemies":"Shelled Parasite and Fungi","floor":22.0,"turns":4.0},{"damage":1.0,"enemies":"Book of Stabbing","floor":23.0,"turns":4.0},{"damage":0.0,"enemies":"Cultist and Chosen","floor":24.0,"turns":4.0},{"damage":0.0,"enemies":"Gremlin Leader","floor":27.0,"turns":4.0},{"damage":0.0,"enemies":"Snake Plant","floor":29.0,"turns":2.0},{"damage":7.0,"enemies":"Book of Stabbing","floor":30.0,"turns":4.0},{"damage":6,"enemies":"Snecko","floor":31,"turns":4},{"damage":31,"enemies":"Collector","floor":33,"turns":6},{"damage":3,"enemies":"3 Shapes","floor":35,"turns":2},{"damage":0,"enemies":"3 Darklings","floor":38,"turns":2},{"damage":3,"enemies":"4 Shapes","floor":39,"turns":3},{"damage":30,"enemies":"Nemesis","floor":40,"turns":5},{"damage":1,"enemies":"Maw","floor":42,"turns":6},{"damage":0,"enemies":"Reptomancer","floor":45,"turns":3},{"damage":0,"enemies":"3 Darklings","floor":46,"turns":3},{"damage":14,"enemies":"Mind Bloom Boss Battle","floor":47,"turns":4},{"damage":34,"enemies":"Time Eater","floor":50,"turns":8}],"seed_played":"9186775632909011803","potions_obtained":[{"floor":2.0,"key":"EntropicBrew"},{"floor":3.0,"key":"PowerPotion"},{"floor":11.0,"key":"Weak Potion"},{"floor":16.0,"key":"Fire Potion"},{"floor":18.0,"key":"Block Potion"},{"floor":21.0,"key":"GamblersBrew"},{"floor":24.0,"key":"LiquidBronze"},{"floor":27.0,"key":"Swift Potion"},{"floor":31,"key":"SteroidPotion"},{"floor":35,"key":"LiquidMemories"},{"floor":42,"key":"DistilledChaos"},{"floor":47,"key":"DuplicationPotion"}],"is_trial":false,"path_per_floor":["M","M","M","M","$","E","?","R","T","E","M","E","M","$","R","B",null,"M","M","M","M","M","E","M","?","T","E","?","M","E","M","R","B",null,"M","?","$","M","M","E","R","M","T","$","E","M","?","$","R","B",null],"character_chosen":"THE_SILENT","items_purchased":["Orichalcum","Sadistic Nature","Bane+1","BlessingOfTheForge","Metamorphosis"],"campfire_rested":2,"item_purchase_floors":[5,14,44,48,48],"current_hp_per_floor":[68,62,55,53,53,41,41,41,41,27,27,21,21,21,42,34,70,70,68,68,53,37,36,36,59,59,59,59,59,52,46,46,15,70,67,67,67,67,64,34,34,33,33,33,33,33,19,19,40,6],"gold":15,"neow_bonus":"HUNDRED_GOLD","is_daily":false,"chose_seed":false,"campfire_upgraded":3,"win_rate":0.0,"timestamp":1609869732,"path_taken":["M","M","M","M","$","E","?","R","T","E","M","E","M","?","R","BOSS","M","M","M","M","M","E","M","?","T","E","?","M","E","M","R","BOSS","M","?","$","M","M","E","R","M","T","$","E","M","?","$","R","BOSS"],"items_purchased_type":["Relic","Card","Card","Potion","Card"],"build_version":"2020-12-22","purchased_purges":4,"victory":true,"max_hp_per_floor":[70,70,70,70,70,70,70,70,70,70,70,70,70,70,70,70,70,70,70,70,70,70,70,70,70,70,70,70,70,70,70,70,70,70,70,70,70,70,70,70,70,70,70,70,70,70,70,70,70,70],"card_choices":[{"not_picked":["Sucker Punch","Catalyst"],"picked":"Poisoned Stab","floor":1.0},{"not_picked":["Dodge and Roll","Outmaneuver"],"picked":"Deflect","floor":2.0},{"not_picked":["Quick Slash","Backstab"],"picked":"Bane","floor":3.0},{"not_picked":["Acrobatics","Infinite Blades"],"picked":"Backstab","floor":4.0},{"not_picked":["Calculated Gamble","Malaise"],"picked":"Crippling Poison","floor":6.0},{"not_picked":["All Out Attack","Caltrops"],"picked":"Poisoned Stab","floor":10.0},{"not_picked":["Outmaneuver","Blur"],"picked":"Deadly Poison","floor":11.0},{"not_picked":["Acrobatics","Skewer"],"picked":"Endless Agony","floor":12.0},{"not_picked":["Expertise","Underhanded Strike"],"picked":"Predator","floor":13.0},{"not_picked":["Doppelganger","Phantasmal Killer"],"picked":"After Image","floor":16.0},{"not_picked":["Escape Plan","Backflip+1"],"picked":"Deflect+1","floor":18.0},{"not_picked":["Leg Sweep","Dagger Throw"],"picked":"Escape Plan","floor":19.0},{"not_picked":["Well Laid Plans","Underhanded Strike"],"picked":"Outmaneuver+1","floor":20.0},{"not_picked":["Backflip","Escape Plan"],"picked":"Deadly Poison","floor":21.0},{"not_picked":["Quick Slash","Endless Agony"],"picked":"Eviscerate+1","floor":22.0},{"not_picked":["Doppelganger","Underhanded Strike","Quick Slash"],"picked":"SKIP","floor":23.0},{"not_picked":["Outmaneuver","Prepared"],"picked":"Poisoned Stab+1","floor":24.0},{"not_picked":["Night Terror","Slice","Choke"],"picked":"SKIP","floor":27.0},{"not_picked":["Dodge and Roll","Outmaneuver","Dagger Throw"],"picked":"SKIP","floor":29.0},{"not_picked":["Acrobatics","Distraction"],"picked":"Adrenaline","floor":30},{"not_picked":["Deadly Poison","Bane"],"picked":"Bouncing Flask","floor":31},{"not_picked":["Malaise","Burst"],"picked":"Corpse Explosion","floor":33},{"not_picked":[],"picked":"Flying Knee+1","floor":35},{"not_picked":["Slice"],"picked":"SKIP","floor":38},{"not_picked":[],"picked":"Bouncing Flask","floor":39},{"not_picked":[],"picked":"Infinite Blades+1","floor":40},{"not_picked":[],"picked":"Footwork+1","floor":42},{"not_picked":[],"picked":"Infinite Blades","floor":45},{"not_picked":[],"picked":"Infinite Blades","floor":46},{"not_picked":[],"picked":"Deflect+1","floor":47}],"player_experience":34389,"relics_obtained":[{"floor":6.0,"key":"Anchor"},{"floor":9.0,"key":"Bag of Preparation"},{"floor":10.0,"key":"Nunchaku"},{"floor":12.0,"key":"Mercury Hourglass"},{"floor":23.0,"key":"Lantern"},{"floor":26.0,"key":"Ancient Tea Set"},{"floor":27.0,"key":"Ornamental Fan"},{"floor":30,"key":"Du-Vu Doll"},{"floor":40,"key":"Molten Egg 2"},{"floor":43,"key":"Centennial Puzzle"},{"floor":45,"key":"Ninja Scroll"},{"floor":47,"key":"CaptainsWheel"}],"event_choices":[{"damage_healed":0.0,"max_hp_gain":0.0,"max_hp_loss":0.0,"gold_gain":0.0,"event_name":"Match and Keep!","player_choice":"1 cards matched","floor":7.0,"gold_loss":0.0,"damage_taken":0.0,"cards_obtained":["Tactician"]},{"damage_healed":23.0,"max_hp_gain":0.0,"max_hp_loss":0.0,"gold_gain":0.0,"event_name":"The Library","player_choice":"Heal","floor":25.0,"gold_loss":0.0,"damage_taken":0.0},{"cards_removed":["Strike_G"],"damage_healed":0.0,"max_hp_gain":0.0,"max_hp_loss":0.0,"gold_gain":0.0,"event_name":"NoteForYourself","player_choice":"Took Card","floor":28.0,"gold_loss":0.0,"damage_taken":0.0,"cards_obtained":["Iron Wave"]},{"damage_healed":0,"gold_gain":0,"player_choice":"Ignored","damage_taken":0,"max_hp_gain":0,"max_hp_loss":0,"event_name":"Tomb of Lord Red Mask","floor":36,"gold_loss":0},{"damage_healed":0,"gold_gain":0,"player_choice":"Fight","damage_taken":0,"max_hp_gain":0,"max_hp_loss":0,"event_name":"MindBloom","floor":47,"gold_loss":0}],"is_beta":false,"boss_relics":[{"not_picked":["Fusion Hammer","Snecko Eye"],"picked":"Ring of the Serpent"},{"not_picked":["WristBlade","Astrolabe"],"picked":"Busted Crown"}],"items_purged_floors":[5,37,44,48],"is_endless":false,"potions_floor_spawned":[2,3,6,11,16,18,21,24,27,31,35,42,47],"ascension_level":0}}