{"host":"51mqhfpmwwd4kxyt","time":1609838885,"event":{"mods":["BaseMod","Downfall","Googly Eyes","Highlight Path","Minty Spire (QoL Compilation)","READ ME - Guardian Mod","StSLib","The Cursed","The Servant 0.9.4"],"gold_per_floor":[117,117,217,235,254,265,265,294,294,294,294,307,324,356,356,454,454,466,391,404,63,113,113,132,132,179,214,214,214],"floor_reached":28,"playtime":740,"items_purged":[],"score":310,"play_id":"4f59cb34-d4c6-41ca-90b6-852584edba18","local_time":"20210105042805","is_ascension_mode":true,"campfire_choices":[{"data":"Chaos","floor":7,"key":"SMITH"},{"floor":15,"key":"REST"},{"floor":23,"key":"REST"},{"floor":25,"key":"REST"}],"circlet_count":0,"master_deck":["Strike_B","Strike_B+1","Defend_B","Defend_B","Defend_B","Defend_B+1","Zap+1","Dualcast","Genetic Algorithm","Redo","Conserve Battery","Chaos+1","Darkness","Chaos","Coolheaded","Multi-Cast+1","Beam Cell","Machine Learning+1","Fusion","Double Energy","Apotheosis","White Noise+1"],"relics":["Cracked Core","NeowsBlessing","Akabeko","Frozen Egg 2","Emotion Chip","War Paint","Inserter","DataDisk","Pen Nib","Strawberry"],"acts_visited":["Exordium","TheCity"],"potions_floor_usage":[8,13,27],"damage_taken":[{"damage":0,"enemies":"Jaw Worm","floor":1,"turns":1},{"damage":0,"enemies":"Small Slimes","floor":4,"turns":1},{"damage":0,"enemies":"Cultist","floor":5,"turns":1},{"damage":0,"enemies":"Large Slime","floor":6,"turns":4},{"damage":25,"enemies":"Gremlin Nob","floor":8,"turns":4},{"damage":1,"enemies":"Blue Slaver","floor":12,"turns":4},{"damage":0,"enemies":"3 Louse","floor":13,"turns":2},{"damage":5,"enemies":"3 Sentries","floor":14,"turns":7},{"damage":43,"enemies":"The Guardian","floor":16,"turns":7},{"damage":17,"enemies":"Spheric Guardian","floor":18,"turns":4},{"damage":23,"enemies":"Chosen","floor":20,"turns":5},{"damage":28,"enemies":"Snecko","floor":24,"turns":4},{"damage":8,"enemies":"Book of Stabbing","floor":27,"turns":5},{"damage":34,"enemies":"Shelled Parasite and Fungi","floor":28,"turns":2}],"seed_played":"4108576733656107987","potions_obtained":[{"floor":1,"key":"SneckoOil"},{"floor":6,"key":"Ancient Potion"},{"floor":8,"key":"AttackPotion"},{"floor":13,"key":"PotionOfCapacity"},{"floor":14,"key":"DuplicationPotion"},{"floor":24,"key":"PowerPotion"},{"floor":27,"key":"SteroidPotion"}],"is_trial":false,"path_per_floor":["M","?","?","M","M","M","R","E","T","?","?","M","M","E","R","B",null,"M","?","M","$","?","R","M","R","T","E","M"],"character_chosen":"DEFECT","items_purchased":["Apotheosis","DataDisk"],"campfire_rested":3,"item_purchase_floors":[21,21],"current_hp_per_floor":[75,75,75,75,75,75,75,50,50,35,32,31,31,26,48,5,58,41,41,18,18,18,40,12,34,34,33,0,0],"gold":214,"neow_bonus":"THREE_ENEMY_KILL","is_daily":false,"chose_seed":false,"campfire_upgraded":1,"win_rate":0.0,"timestamp":1609838885,"path_taken":["M","?","?","M","?","M","R","E","T","?","?","M","M","E","R","BOSS","M","?","M","$","?","R","?","R","T","E","M"],"items_purchased_type":["Card","Relic"],"build_version":"2020-12-22","purchased_purges":0,"victory":false,"max_hp_per_floor":[75,75,75,75,75,75,75,75,75,75,75,75,75,75,75,75,75,75,75,75,75,75,75,75,75,75,82,82,82],"card_choices":[{"not_picked":["Compile Driver","Undo"],"picked":"Genetic Algorithm","floor":1},{"not_picked":["Compile Driver","Steam"],"picked":"Conserve Battery","floor":4},{"not_picked":["Recycle","Hologram"],"picked":"Chaos","floor":5},{"not_picked":["Gash","Redo"],"picked":"Darkness","floor":6},{"not_picked":["Stack","Blizzard"],"picked":"Chaos","floor":8},{"not_picked":["Steam","Rebound"],"picked":"Coolheaded","floor":12},{"not_picked":["Coolheaded","Glacier"],"picked":"Multi-Cast","floor":13},{"not_picked":["BootSequence","Gash"],"picked":"Beam Cell","floor":14},{"not_picked":["Thunder Strike","Amplify"],"picked":"Machine Learning+1","floor":16},{"not_picked":["Gash","Compile Driver"],"picked":"Fusion","floor":18},{"not_picked":["Stack","Go for the Eyes+1"],"picked":"Double Energy","floor":20},{"not_picked":["Stack+1","Double Energy"],"picked":"White Noise+1","floor":24},{"not_picked":["Redo","Cold Snap","Sunder"],"picked":"SKIP","floor":27}],"player_experience":318589,"relics_obtained":[{"floor":8,"key":"Akabeko"},{"floor":9,"key":"Frozen Egg 2"},{"floor":14,"key":"War Paint"},{"floor":26,"key":"Pen Nib"},{"floor":27,"key":"Strawberry"}],"event_choices":[{"damage_healed":0,"gold_gain":0,"cards_transformed":["Strike_B"],"player_choice":"Change","damage_taken":0,"max_hp_gain":0,"max_hp_loss":0,"event_name":"Living Wall","floor":2,"gold_loss":0,"cards_obtained":["Redo"]},{"damage_healed":0,"gold_gain":100,"player_choice":"Gold","damage_taken":0,"max_hp_gain":0,"max_hp_loss":0,"event_name":"Wheel of Change","floor":3,"gold_loss":0},{"damage_healed":0,"gold_gain":0,"player_choice":"Entered Light","damage_taken":15,"max_hp_gain":0,"max_hp_loss":0,"event_name":"Shining Light","floor":10,"gold_loss":0,"cards_upgraded":["Zap","Strike_B"]},{"damage_healed":0,"gold_gain":0,"player_choice":"Success","damage_taken":3,"relics_obtained":["Emotion Chip"],"max_hp_gain":0,"max_hp_loss":0,"event_name":"Scrap Ooze","floor":11,"gold_loss":0},{"cards_removed":["Strike_B"],"damage_healed":0,"gold_gain":0,"player_choice":"Gave Gold","damage_taken":0,"max_hp_gain":0,"max_hp_loss":0,"event_name":"Beggar","floor":19,"gold_loss":75},{"damage_healed":0,"gold_gain":100,"player_choice":"Bet on Murderer","damage_taken":0,"max_hp_gain":0,"max_hp_loss":0,"event_name":"The Joust","floor":22,"gold_loss":50}],"is_beta":false,"boss_relics":[{"not_picked":["Coffee Dripper","FrozenCore"],"picked":"Inserter"}],"items_purged_floors":[],"is_endless":false,"potions_floor_spawned":[1,6,8,13,14,24,27],"killed_by":"Shelled Parasite and Fungi","ascension_level":5}}