{"host":"vfg9szunmpjwj08o","time":1609885371,"event":{"mods":["Act Like it!","BaseMod","Challenge The Spire","Colored Map","Colored Powertips","Minty Spire (QoL Compilation)","StSLib","Waifu the Spire"],"gold_per_floor":[119,119,130,21,21,50,50,66,66,66,98,98,129,147,147,245,245,264,282,47,62,72,72,106,116,116,116,116,116],"floor_reached":28,"playtime":1294,"items_purged":["Strike_P"],"score":431,"play_id":"6c3eaeda-feef-4cbb-a110-6b277f059649","local_time":"20210105232251","is_ascension_mode":true,"campfire_choices":[{"data":"Eruption","floor":7.0,"key":"SMITH"},{"data":"Wallop","floor":12.0,"key":"SMITH"},{"floor":15.0,"key":"RECALL"},{"data":"Judgement","floor":23.0,"key":"SMITH"},{"data":"Omniscience","floor":27,"key":"SMITH"}],"circlet_count":0,"master_deck":["Strike_P","Strike_P","Strike_P+1","Defend_P+1","Defend_P","Defend_P","Eruption+1","Vigilance","EmptyBody","MentalFortress","Establishment","Wallop+1","TalkToTheHand","LikeWater","Judgement+1","Adaptation+1","BattleHymn","SandsOfTime","Pray","Omniscience+1","Halt"],"relics":["PureWater","NeowsBlessing","Torii","Sundial","Mummified Hand","Happy Flower","SlaversCollar","PreservedInsect","Oddly Smooth Stone","Mercury Hourglass"],"acts_visited":["Exordium","TheCity"],"potions_floor_usage":[],"damage_taken":[{"damage":0.0,"enemies":"Small Slimes","floor":1.0,"turns":1.0},{"damage":0.0,"enemies":"2 Louse","floor":3.0,"turns":2.0},{"damage":0.0,"enemies":"Gremlin Nob","floor":6.0,"turns":1.0},{"damage":0.0,"enemies":"Cultist","floor":8.0,"turns":3.0},{"damage":0.0,"enemies":"Lagavulin","floor":11.0,"turns":8.0},{"damage":10.0,"enemies":"Gremlin Nob","floor":13.0,"turns":3.0},{"damage":1.0,"enemies":"Gremlin Gang","floor":14.0,"turns":6.0},{"damage":1.0,"enemies":"The Guardian","floor":16.0,"turns":10.0},{"damage":11.0,"enemies":"Shell Parasite","floor":18.0,"turns":4.0},{"damage":0.0,"enemies":"Chosen","floor":19.0,"turns":4.0},{"damage":0.0,"enemies":"3 Cultists","floor":21.0,"turns":4.0},{"damage":0.0,"enemies":"Centurion and Healer","floor":22.0,"turns":5.0},{"damage":14.0,"enemies":"Slavers","floor":24.0,"turns":4.0},{"damage":9,"enemies":"Snake Plant","floor":25,"turns":4},{"damage":0,"enemies":"Gremlin Leader","floor":28,"turns":2}],"seed_played":"-5237763430317550170","potions_obtained":[{"floor":3.0,"key":"SpeedPotion"},{"floor":6.0,"key":"Fire Potion"},{"floor":14.0,"key":"Regen Potion"},{"floor":16.0,"key":"DistilledChaos"},{"floor":21.0,"key":"AttackPotion"},{"floor":22.0,"key":"Fire Potion"}],"is_trial":false,"path_per_floor":["M","?","M","$","?","E","R","M","T","?","E","R","E","M","R","B",null,"M","M","$","M","M","R","E","M","T","R","E"],"character_chosen":"WATCHER","items_purchased":["MentalFortress","PreservedInsect","SandsOfTime"],"campfire_rested":0,"item_purchase_floors":[4,20,20],"current_hp_per_floor":[65,51,51,51,44,44,44,44,44,44,44,44,34,33,33,32,62,51,51,51,51,51,51,49,40,40,40,40,40],"gold":116,"neow_bonus":"THREE_ENEMY_KILL","is_daily":false,"chose_seed":false,"campfire_upgraded":4,"win_rate":0.0,"timestamp":1609885371,"path_taken":["M","?","M","$","?","E","R","M","T","?","E","R","E","M","R","BOSS","M","M","$","M","M","R","E","M","T","R","E"],"items_purchased_type":["Card","Relic","Card"],"build_version":"2020-12-22","purchased_purges":1,"victory":false,"max_hp_per_floor":[72,72,72,72,72,72,72,72,72,72,72,72,72,72,72,72,72,72,72,72,72,72,72,72,72,72,72,72,72],"card_choices":[{"not_picked":["FlyingSleeves","Fasting2"],"picked":"EmptyBody","floor":1.0},{"not_picked":["SashWhip","Crescendo","ThirdEye"],"picked":"SKIP","floor":3.0},{"not_picked":["Consecrate","SashWhip"],"picked":"Establishment","floor":6.0},{"not_picked":["Prostrate","Consecrate"],"picked":"Wallop","floor":8.0},{"not_picked":["SashWhip","CarveReality","ReachHeaven"],"picked":"SKIP","floor":11.0},{"not_picked":["Prostrate","ForeignInfluence"],"picked":"TalkToTheHand","floor":13.0},{"not_picked":["CarveReality","JustLucky"],"picked":"LikeWater","floor":14.0},{"not_picked":["MasterReality","DeusExMachina"],"picked":"Judgement","floor":16.0},{"not_picked":["CrushJoints+1","Prostrate"],"picked":"Adaptation+1","floor":18.0},{"not_picked":["Wallop","CrushJoints+1"],"picked":"BattleHymn","floor":19.0},{"not_picked":["Collect","WreathOfFlame"],"picked":"Pray","floor":21.0},{"not_picked":["SignatureMove","SashWhip","Consecrate"],"picked":"SKIP","floor":22.0},{"not_picked":["Crescendo","EmptyMind"],"picked":"Omniscience","floor":24.0},{"not_picked":["FlyingSleeves","FlurryOfBlows"],"picked":"Halt","floor":25}],"player_experience":1037049,"relics_obtained":[{"floor":6.0,"key":"Torii"},{"floor":9.0,"key":"Sundial"},{"floor":11.0,"key":"Mummified Hand"},{"floor":13.0,"key":"Happy Flower"},{"floor":24.0,"key":"Oddly Smooth Stone"},{"floor":26,"key":"Mercury Hourglass"}],"event_choices":[{"damage_healed":0.0,"max_hp_gain":0.0,"max_hp_loss":0.0,"gold_gain":0.0,"event_name":"Shining Light","player_choice":"Entered Light","floor":2.0,"gold_loss":0.0,"damage_taken":14.0,"cards_upgraded":["Defend_P","Strike_P"]},{"cards_removed":["Defend_P"],"damage_healed":0.0,"max_hp_gain":0.0,"max_hp_loss":0.0,"gold_gain":0.0,"event_name":"Golden Wing","player_choice":"Card Removal","floor":5.0,"gold_loss":0.0,"damage_taken":7.0},{"damage_healed":0.0,"max_hp_gain":0.0,"max_hp_loss":0.0,"gold_gain":0.0,"event_name":"The Woman in Blue","player_choice":"Bought 0 Potions","floor":10.0,"gold_loss":0.0,"damage_taken":0.0}],"is_beta":false,"boss_relics":[{"not_picked":["Calling Bell","Ectoplasm"],"picked":"SlaversCollar"}],"items_purged_floors":[4],"is_endless":false,"potions_floor_spawned":[3,6,14,16,21,22],"killed_by":"Gremlin Leader","ascension_level":8}}