{"host":"ga4s3hj9m6nkn6gp","time":1609848967,"event":{"mods":["AchievementEnabler","BaseMod","Colored Powertips","Highlight Path","Minty Spire (QoL Compilation)","Relic Stats","everything is the same but u backflip on backflip"],"gold_per_floor":[115,39,39,60,25,25,58,93,116,116,134,153,188,209,209,209,209],"floor_reached":16,"playtime":662,"items_purged":[],"score":270,"play_id":"f7195aae-4c84-40eb-854d-a7bb24a999d6","local_time":"20210105131607","is_ascension_mode":true,"campfire_choices":[{"data":"Deadly Poison","floor":6.0,"key":"SMITH"},{"data":"Blade Dance","floor":10.0,"key":"SMITH"},{"floor":15,"key":"REST"}],"circlet_count":0,"master_deck":["AscendersBane","Strike_G","Strike_G","Strike_G","Strike_G","Strike_G","Defend_G","Defend_G","Defend_G","Defend_G","Defend_G","Survivor","Neutralize","Deadly Poison+1","Endless Agony","Underhanded Strike","Infinite Blades","Blade Dance+1","Sucker Punch","PiercingWail","Blade Dance"],"relics":["Ring of the Snake","NeowsBlessing","Golden Idol","Boot","Odd Mushroom","Art of War","Regal Pillow"],"acts_visited":["Exordium"],"potions_floor_usage":[14,14],"damage_taken":[{"damage":0.0,"enemies":"Cultist","floor":1.0,"turns":1.0},{"damage":0.0,"enemies":"Jaw Worm","floor":4.0,"turns":1.0},{"damage":0.0,"enemies":"Gremlin Nob","floor":7.0,"turns":1.0},{"damage":15.0,"enemies":"The Mushroom Lair","floor":8.0,"turns":4.0},{"damage":0.0,"enemies":"Small Slimes","floor":11.0,"turns":2.0},{"damage":12.0,"enemies":"Exordium Wildlife","floor":12.0,"turns":3.0},{"damage":10.0,"enemies":"Lagavulin","floor":13.0,"turns":6.0},{"damage":9,"enemies":"Exordium Thugs","floor":14,"turns":4},{"damage":42,"enemies":"Hexaghost","floor":16,"turns":9}],"seed_played":"-3398015644137616202","potions_obtained":[{"floor":4.0,"key":"Swift Potion"},{"floor":8.0,"key":"LiquidMemories"},{"floor":12.0,"key":"Weak Potion"},{"floor":13.0,"key":"Energy Potion"}],"is_trial":false,"path_per_floor":["M","$","?","M","?","R","E","?","T","R","M","M","E","M","R","B"],"character_chosen":"THE_SILENT","items_purchased":["Endless Agony"],"campfire_rested":1,"item_purchase_floors":[2],"current_hp_per_floor":[59,59,36,36,52,52,52,37,37,37,37,25,15,6,40,0,0],"gold":209,"neow_bonus":"THREE_ENEMY_KILL","is_daily":false,"chose_seed":false,"campfire_upgraded":2,"win_rate":0.0,"timestamp":1609848967,"path_taken":["M","?","?","M","?","R","E","?","T","R","M","M","E","M","R","BOSS"],"items_purchased_type":["Card"],"build_version":"2020-12-22","purchased_purges":0,"victory":false,"max_hp_per_floor":[66,66,66,66,66,66,66,66,66,66,66,66,66,66,66,66,66],"relic_stats":{"Regal Pillow":15,"counters":[9,31],"Golden Idol":37,"Art of War":[3],"Boot":[69],"obtain_stats":[{"Regal Pillow":13,"NeowsBlessing":0,"Golden Idol":3,"Art of War":9,"Odd Mushroom":8,"Boot":7,"Ring of the Snake":0},{"Regal Pillow":7,"NeowsBlessing":0,"Golden Idol":1,"Art of War":4,"Odd Mushroom":4,"Boot":3,"Ring of the Snake":0},{"Regal Pillow":18,"NeowsBlessing":0,"Golden Idol":1,"Art of War":7,"Odd Mushroom":7,"Boot":3,"Ring of the Snake":0}],"Ring of the Snake":[18]},"card_choices":[{"not_picked":["Deflect","Cloak And Dagger"],"picked":"Deadly Poison","floor":1.0},{"not_picked":["Cloak And Dagger","Escape Plan"],"picked":"Underhanded Strike","floor":4.0},{"not_picked":["A Thousand Cuts","Deadly Poison"],"picked":"Infinite Blades","floor":7.0},{"not_picked":["Dash","Eviscerate"],"picked":"Blade Dance","floor":8.0},{"not_picked":["Distraction","Deflect"],"picked":"Sucker Punch","floor":11.0},{"not_picked":["Eviscerate","Flying Knee"],"picked":"PiercingWail","floor":12.0},{"not_picked":["Calculated Gamble","Dodge and Roll","Riddle With Holes"],"picked":"SKIP","floor":13.0},{"not_picked":["Flechettes","Slice"],"picked":"Blade Dance","floor":14}],"player_experience":577305,"relics_obtained":[{"floor":7.0,"key":"Boot"},{"floor":8.0,"key":"Odd Mushroom"},{"floor":9.0,"key":"Art of War"},{"floor":13.0,"key":"Regal Pillow"}],"event_choices":[{"damage_healed":0.0,"max_hp_gain":0.0,"max_hp_loss":0.0,"gold_gain":0.0,"event_name":"Golden Idol","player_choice":"Take Damage","floor":3.0,"gold_loss":0.0,"damage_taken":23.0,"relics_obtained":["Golden Idol"]},{"damage_healed":16.0,"max_hp_gain":0.0,"max_hp_loss":0.0,"gold_gain":0.0,"event_name":"The Cleric","player_choice":"Healed","floor":5.0,"gold_loss":35.0,"damage_taken":0.0},{"damage_healed":0.0,"max_hp_gain":0.0,"max_hp_loss":0.0,"gold_gain":0.0,"event_name":"Mushrooms","player_choice":"Fought Mushrooms","floor":8.0,"gold_loss":0.0,"damage_taken":0.0}],"is_beta":false,"boss_relics":[],"items_purged_floors":[],"is_endless":false,"potions_floor_spawned":[4,8,11,12,13],"killed_by":"Hexaghost","ascension_level":20}}