{"host":"2n2g1vowfllvjtvi","time":1609857248,"event":{"mods":["AchievementEnabler","BaseMod","Custom Start","GifTheSpireLib","Keyboard Shortcuts","Minty Spire (QoL Compilation)","Quick Restart","Rare Cards Sparkle","StSLib","SuperFastMode"],"gold_per_floor":[116,266,5,23,23,58,58,85,109,38,69,69,69,35,35,114,114,127,140,153,169,21,53,53,65,136,136,153,164,183,210,210,286,286,304,315,114,133,147,179,179,210,281,281,299,325,325,343,343,343,343],"floor_reached":50,"playtime":1186,"items_purged":["Doubt","Strike_R"],"score":1167,"play_id":"1adbf056-d470-4f6b-90cc-343e7575d324","local_time":"20210105233408","is_ascension_mode":true,"campfire_choices":[{"data":"Body Slam","floor":7.0,"key":"SMITH"},{"data":"Inflame","floor":12.0,"key":"SMITH"},{"data":"Dark Embrace","floor":15.0,"key":"SMITH"},{"data":"Armaments","floor":24.0,"key":"SMITH"},{"data":"Offering","floor":27.0,"key":"SMITH"},{"floor":32.0,"key":"REST"},{"floor":41.0,"key":"REST"},{"data":"Barricade","floor":44.0,"key":"SMITH"},{"data":"Offering","floor":49,"key":"SMITH"}],"circlet_count":0,"master_deck":["AscendersBane","Strike_R","Strike_R+1","Strike_R","Defend_R","Defend_R","Defend_R","Defend_R+1","Bash","Reckless Charge","Inflame+1","Body Slam+1","Offering+1","Carnage","Dark Embrace+1","Fiend Fire","Seeing Red+1","Armaments+1","Evolve","Power Through","Shrug It Off","Metallicize+1","Fire Breathing","Offering+1","Ghostly Armor","Parasite","Barricade+1"],"relics":["Burning Blood","NeowsBlessing","TheAbacus","PreservedInsect","Eternal Feather","Bag of Preparation","Regal Pillow","Sozu","Smiling Mask","Sundial","StrikeDummy","Philosopher\u0027s Stone","Lee\u0027s Waffle","Bottled Lightning","Frozen Egg 2","Blood Vial"],"acts_visited":["Exordium","TheCity","TheBeyond"],"potions_floor_usage":[],"damage_taken":[{"damage":0.0,"enemies":"Jaw Worm","floor":1.0,"turns":1.0},{"damage":0.0,"enemies":"2 Louse","floor":4.0,"turns":1.0},{"damage":0.0,"enemies":"Lagavulin","floor":6.0,"turns":1.0},{"damage":11.0,"enemies":"3 Sentries","floor":8.0,"turns":6.0},{"damage":6.0,"enemies":"Gremlin Nob","floor":11.0,"turns":2.0},{"damage":46.0,"enemies":"Hexaghost","floor":16.0,"turns":8.0},{"damage":15.0,"enemies":"3 Byrds","floor":18.0,"turns":5.0},{"damage":6.0,"enemies":"Spheric Guardian","floor":19.0,"turns":2.0},{"damage":20.0,"enemies":"Centurion and Healer","floor":20.0,"turns":5.0},{"damage":6.0,"enemies":"Sentry and Sphere","floor":21.0,"turns":3.0},{"damage":23.0,"enemies":"Slavers","floor":23.0,"turns":4.0},{"damage":6.0,"enemies":"Chosen and Byrds","floor":25.0,"turns":5.0},{"damage":10.0,"enemies":"Snake Plant","floor":28.0,"turns":3.0},{"damage":26.0,"enemies":"Shelled Parasite and Fungi","floor":29.0,"turns":5.0},{"damage":7.0,"enemies":"Chosen and Byrds","floor":30.0,"turns":4.0},{"damage":11.0,"enemies":"Gremlin Leader","floor":31.0,"turns":5.0},{"damage":38.0,"enemies":"Champ","floor":33.0,"turns":7.0},{"damage":12.0,"enemies":"3 Shapes","floor":35.0,"turns":4.0},{"damage":6.0,"enemies":"Orb Walker","floor":36.0,"turns":3.0},{"damage":24.0,"enemies":"Writhing Mass","floor":38.0,"turns":5.0},{"damage":12.0,"enemies":"Spire Growth","floor":39.0,"turns":3.0},{"damage":21.0,"enemies":"Giant Head","floor":40.0,"turns":4.0},{"damage":12.0,"enemies":"Nemesis","floor":42.0,"turns":3.0},{"damage":12.0,"enemies":"4 Shapes","floor":45.0,"turns":2.0},{"damage":31.0,"enemies":"Reptomancer","floor":46.0,"turns":6.0},{"damage":12,"enemies":"Jaw Worm Horde","floor":48,"turns":3},{"damage":72,"enemies":"Awakened One","floor":50,"turns":4}],"seed_played":"6090224539320157415","potions_obtained":[{"floor":8.0,"key":"BlessingOfTheForge"},{"floor":16.0,"key":"CultistPotion"}],"is_trial":false,"path_per_floor":["M","?","$","M","?","E","R","E","T","$","E","R","?","$","R","B",null,"M","M","M","M","$","E","R","M","T","R","M","M","M","E","R","B",null,"M","M","$","M","M","E","R","E","T","R","M","E","?","M","R","B"],"character_chosen":"IRONCLAD","items_purchased":["Inflame","TheAbacus","Carnage","Dark Embrace","Evolve","Power Through","Lee\u0027s Waffle"],"campfire_rested":2,"item_purchase_floors":[3,3,10,14,22,22,37],"current_hp_per_floor":[74,74,74,75,52,58,58,53,53,53,53,62,62,62,71,31,64,55,55,41,41,41,24,36,36,36,48,44,24,23,18,67,35,65,59,59,82,64,58,43,82,76,76,82,76,51,51,47,62,0,0],"gold":343,"neow_bonus":"THREE_ENEMY_KILL","is_daily":false,"chose_seed":false,"campfire_upgraded":7,"win_rate":0.0,"timestamp":1609857248,"path_taken":["M","?","$","M","?","E","R","E","T","$","E","R","?","$","R","BOSS","M","M","M","M","$","E","R","M","T","R","M","M","M","E","R","BOSS","M","M","$","M","M","E","R","E","T","R","M","E","?","M","R","BOSS"],"items_purchased_type":["Card","Relic","Card","Card","Card","Card","Relic"],"build_version":"2020-12-22","purchased_purges":2,"victory":false,"max_hp_per_floor":[75,75,75,75,75,75,75,75,75,75,75,75,75,75,75,75,75,75,75,75,75,75,75,75,75,75,75,75,75,75,75,75,75,75,75,75,82,82,82,82,82,82,82,82,82,82,78,78,78,78,78],"card_choices":[{"not_picked":["Havoc","Sword Boomerang"],"picked":"Reckless Charge","floor":1.0},{"not_picked":["Bloodletting","Twin Strike"],"picked":"Body Slam","floor":4.0},{"not_picked":["Bloodletting","Rage"],"picked":"Offering","floor":6.0},{"not_picked":["Havoc","Cleave","Iron Wave"],"picked":"SKIP","floor":8.0},{"not_picked":["Warcry","Clash","Wild Strike"],"picked":"SKIP","floor":11.0},{"not_picked":["Reaper","Juggernaut"],"picked":"Fiend Fire","floor":16.0},{"not_picked":["Flex","Rupture","Infernal Blade"],"picked":"SKIP","floor":18.0},{"not_picked":["Clash","Searing Blow","Flex"],"picked":"SKIP","floor":19.0},{"not_picked":["Twin Strike","Body Slam"],"picked":"Seeing Red+1","floor":20.0},{"not_picked":["Cleave","Clash"],"picked":"Armaments","floor":21.0},{"not_picked":["Hemokinesis","Dual Wield"],"picked":"Shrug It Off","floor":23.0},{"not_picked":["Sentinel","Flex","Evolve"],"picked":"SKIP","floor":25.0},{"not_picked":["True Grit","Iron Wave"],"picked":"Metallicize+1","floor":28.0},{"not_picked":["Wild Strike","Iron Wave","Heavy Blade"],"picked":"SKIP","floor":29.0},{"not_picked":["Feed","Havoc","Clothesline"],"picked":"SKIP","floor":30.0},{"not_picked":["Pommel Strike+1","Sword Boomerang"],"picked":"Fire Breathing","floor":31.0},{"not_picked":["Brutality","Feed"],"picked":"Offering","floor":33.0},{"not_picked":["Carnage","Clash","Reckless Charge+1"],"picked":"SKIP","floor":35.0},{"not_picked":["Pommel Strike","Spot Weakness"],"picked":"Ghostly Armor","floor":36.0},{"not_picked":["Clothesline+1","Pommel Strike+1","Armaments"],"picked":"SKIP","floor":38.0},{"not_picked":["Dual Wield+1","Infernal Blade","Anger+1"],"picked":"SKIP","floor":39.0},{"not_picked":["Pummel+1","Twin Strike"],"picked":"Barricade","floor":40.0},{"not_picked":["Flex","Shrug It Off","Ghostly Armor+1"],"picked":"SKIP","floor":42.0},{"not_picked":["Intimidate","Heavy Blade","Twin Strike+1"],"picked":"SKIP","floor":45.0},{"not_picked":["Infernal Blade","Iron Wave+1","Cleave"],"picked":"SKIP","floor":46.0},{"not_picked":["Reckless Charge","Disarm","Blood for Blood"],"picked":"SKIP","floor":48}],"player_experience":416457,"relics_obtained":[{"floor":6.0,"key":"PreservedInsect"},{"floor":8.0,"key":"Eternal Feather"},{"floor":9.0,"key":"Bag of Preparation"},{"floor":11.0,"key":"Regal Pillow"},{"floor":23.0,"key":"Smiling Mask"},{"floor":26.0,"key":"Sundial"},{"floor":31.0,"key":"StrikeDummy"},{"floor":40.0,"key":"Bottled Lightning"},{"floor":42.0,"key":"Frozen Egg 2"},{"floor":46.0,"key":"Blood Vial"}],"event_choices":[{"damage_healed":0.0,"max_hp_gain":0.0,"max_hp_loss":0.0,"gold_gain":150.0,"event_name":"Liars Game","player_choice":"AGREE","floor":2.0,"gold_loss":0.0,"damage_taken":0.0,"cards_obtained":["Doubt"]},{"damage_healed":0.0,"max_hp_gain":0.0,"max_hp_loss":0.0,"gold_gain":0.0,"event_name":"Shining Light","player_choice":"Entered Light","floor":5.0,"gold_loss":0.0,"damage_taken":23.0,"cards_upgraded":["Defend_R","Strike_R"]},{"cards_removed":["Strike_R"],"damage_healed":0.0,"max_hp_gain":0.0,"max_hp_loss":0.0,"gold_gain":0.0,"event_name":"Living Wall","player_choice":"Forget","floor":13.0,"gold_loss":0.0,"damage_taken":0.0},{"damage_healed":0.0,"max_hp_gain":0.0,"max_hp_loss":4.0,"gold_gain":0.0,"event_name":"Winding Halls","player_choice":"Max HP","floor":47.0,"gold_loss":0.0,"damage_taken":0.0}],"is_beta":false,"boss_relics":[{"not_picked":["Runic Cube","Busted Crown"],"picked":"Sozu"},{"not_picked":["Calling Bell","Black Blood"],"picked":"Philosopher\u0027s Stone"}],"items_purged_floors":[3,37],"is_endless":false,"potions_floor_spawned":[8,16,18,20,25,29,30,35,38,39,46],"killed_by":"Awakened One","ascension_level":15}}