{"host":"cv77zuuuekizn3ic","time":1609839445,"event":{"mods":["AchievementEnabler","BaseMod","Marisa£®ÏF”Í°°ƒß¿Ì…≥£©","Minty Spire (QoL Compilation)","StSLib","Waifu the Spire","everything is the same but u backflip on backflip","slay the spire mod where everything is the same but ironclad has a cowboy hat"],"gold_per_floor":[115,290,300,318,318,318,344,13,13,13,47,47,1,32,32,110,110,125,35,53,53,152,184,194,194,194],"floor_reached":25,"playtime":941,"items_purged":[],"score":416,"play_id":"16276628-b3cf-48ba-8551-592898df5b74","local_time":"20210105173725","is_ascension_mode":true,"campfire_choices":[{"data":"Beam Cell","floor":6.0,"key":"SMITH"},{"floor":12.0,"key":"REST"},{"data":"Recycle","floor":15.0,"key":"SMITH"}],"circlet_count":0,"master_deck":["AscendersBane","Strike_B","Strike_B","Strike_B","Strike_B","Defend_B","Defend_B+1","Defend_B","Defend_B","Zap","Dualcast","Streamline","Defragment","Beam Cell+1","Loop","Coolheaded","Defragment","Cold Snap","Echo Form","Coolheaded","Recycle+1","Electrodynamics","Defragment","Ghostly","Ghostly","Ghostly","Ghostly","Ghostly"],"relics":["Cracked Core","NeowsBlessing","Shuriken","Gremlin Horn","Toy Ornithopter","Symbiotic Virus","Centennial Puzzle","Omamori","Nuclear Battery","Toxic Egg 2"],"acts_visited":["Exordium","TheCity"],"potions_floor_usage":[],"damage_taken":[{"damage":0.0,"enemies":"Jaw Worm","floor":1.0,"turns":1.0},{"damage":0.0,"enemies":"Small Slimes","floor":3.0,"turns":1.0},{"damage":0.0,"enemies":"Cultist","floor":4.0,"turns":1.0},{"damage":28.0,"enemies":"Lagavulin","floor":7.0,"turns":6.0},{"damage":25.0,"enemies":"3 Sentries","floor":11.0,"turns":7.0},{"damage":16.0,"enemies":"Gremlin Nob","floor":14.0,"turns":4.0},{"damage":13.0,"enemies":"Slime Boss","floor":16.0,"turns":11.0},{"damage":12.0,"enemies":"Chosen","floor":18.0,"turns":3.0},{"damage":1,"enemies":"Spheric Guardian","floor":20,"turns":3},{"damage":22,"enemies":"Book of Stabbing","floor":23,"turns":8},{"damage":1,"enemies":"Centurion and Healer","floor":24,"turns":9},{"damage":16,"enemies":"Gremlin Leader","floor":25,"turns":2}],"seed_played":"213799111649291331","potions_obtained":[{"floor":1.0,"key":"Ancient Potion"},{"floor":3.0,"key":"Fire Potion"},{"floor":4.0,"key":"CultistPotion"},{"floor":24,"key":"FearPotion"}],"is_trial":false,"path_per_floor":["M","?","M","M","?","R","E","$","T","?","E","R","$","E","R","B",null,"M","?","M","?","?","E","M","E"],"character_chosen":"DEFECT","items_purchased":["Coolheaded","Defragment","Cold Snap","Toy Ornithopter","Coolheaded"],"campfire_rested":1,"item_purchase_floors":[8,8,8,8,13],"current_hp_per_floor":[68,68,68,68,68,68,40,40,40,33,8,30,30,14,14,6,58,46,46,45,37,37,15,14,0,0],"gold":194,"neow_bonus":"THREE_ENEMY_KILL","is_daily":false,"chose_seed":false,"campfire_upgraded":2,"win_rate":0.0,"timestamp":1609839445,"path_taken":["M","?","M","M","?","R","E","$","T","?","E","R","?","E","R","BOSS","M","?","?","?","?","E","M","E"],"items_purchased_type":["Card","Card","Card","Relic","Card"],"build_version":"2020-12-22","purchased_purges":0,"victory":false,"max_hp_per_floor":[75,75,75,75,75,75,75,75,75,75,75,75,75,75,75,75,75,75,75,75,37,37,37,37,37,37],"card_choices":[{"not_picked":["Loop","Conserve Battery"],"picked":"Streamline","floor":1.0},{"not_picked":["Steam","Genetic Algorithm"],"picked":"Defragment","floor":3.0},{"not_picked":["Cold Snap","Compile Driver"],"picked":"Beam Cell","floor":4.0},{"not_picked":["Rebound","Doom and Gloom"],"picked":"Loop","floor":7.0},{"not_picked":["Barrage","Leap"],"picked":"Echo Form","floor":11.0},{"not_picked":["Sweeping Beam","Streamline"],"picked":"Recycle","floor":14.0},{"not_picked":["Buffer","Machine Learning"],"picked":"Electrodynamics","floor":16.0},{"not_picked":["Loop","Leap"],"picked":"Defragment","floor":18.0},{"not_picked":["Hello World","Barrage","Conserve Battery"],"picked":"SKIP","floor":20},{"not_picked":["Rebound","Fusion+1","Steam+1"],"picked":"SKIP","floor":23},{"not_picked":["Barrage","Fusion+1","Steam+1"],"picked":"SKIP","floor":24}],"player_experience":741082,"relics_obtained":[{"floor":7.0,"key":"Gremlin Horn"},{"floor":9.0,"key":"Symbiotic Virus"},{"floor":11.0,"key":"Centennial Puzzle"},{"floor":14.0,"key":"Omamori"},{"floor":23,"key":"Toxic Egg 2"}],"event_choices":[{"damage_healed":0.0,"max_hp_gain":0.0,"max_hp_loss":0.0,"gold_gain":175.0,"event_name":"Liars Game","player_choice":"AGREE","floor":2.0,"gold_loss":0.0,"damage_taken":0.0,"cards_obtained":["Doubt"]},{"damage_healed":0.0,"max_hp_gain":0.0,"max_hp_loss":0.0,"gold_gain":0.0,"event_name":"Big Fish","player_choice":"Box","floor":5.0,"gold_loss":0.0,"damage_taken":0.0,"relics_obtained":["Shuriken"],"cards_obtained":["Regret"]},{"cards_removed":["Doubt"],"damage_healed":0.0,"max_hp_gain":0.0,"max_hp_loss":0.0,"gold_gain":0.0,"event_name":"Golden Wing","player_choice":"Card Removal","floor":10.0,"gold_loss":0.0,"damage_taken":7.0},{"cards_removed":["Regret"],"damage_healed":0.0,"max_hp_gain":0.0,"max_hp_loss":0.0,"gold_gain":0.0,"event_name":"Designer","player_choice":"Upgrade and Remove","floor":19.0,"gold_loss":90.0,"damage_taken":0.0,"cards_upgraded":["Defend_B"]},{"damage_healed":0,"gold_gain":0,"player_choice":"Became a Ghost","damage_taken":0,"max_hp_gain":0,"max_hp_loss":38,"event_name":"Ghosts","floor":21,"gold_loss":0,"cards_obtained":["Ghostly","Ghostly","Ghostly","Ghostly","Ghostly"]},{"damage_healed":0,"gold_gain":99,"player_choice":"Stole From Cult","damage_taken":0,"max_hp_gain":0,"max_hp_loss":0,"event_name":"Nest","floor":22,"gold_loss":0}],"is_beta":false,"boss_relics":[{"not_picked":["SlaversCollar","Busted Crown"],"picked":"Nuclear Battery"}],"items_purged_floors":[],"is_endless":false,"potions_floor_spawned":[1,3,4,24],"killed_by":"Gremlin Leader","ascension_level":13}}