{"host":"gkp57zoegrd3f2ij","time":1609872846,"event":{"mods":["BaseMod","Colored Map","Colored Powertips","Minty Spire (QoL Compilation)","StSLib"],"gold_per_floor":[118,118,118,118,67,67,80,112,112,160,188,200,165,165,165,261,261,280,33,33,57,147,147,18,44,96,21,21,37,51,61,61,156,156,169,169,182,30,46,81,46,46,124,124,124,124,144,144,144,144],"floor_reached":51,"playtime":2647,"items_purged":["Strike_B"],"score":814,"play_id":"31731da5-40ce-49c2-a159-c47e4b573622","local_time":"20210105195406","is_ascension_mode":true,"campfire_choices":[{"data":"Zap","floor":6,"key":"SMITH"},{"floor":15,"key":"REST"},{"floor":23,"key":"REST"},{"data":"Go for the Eyes","floor":28,"key":"SMITH"},{"data":"Ball Lightning","floor":32,"key":"SMITH"},{"data":"Self Repair","floor":42,"key":"SMITH"},{"data":"Self Repair","floor":44,"key":"SMITH"},{"data":"Cold Snap","floor":46,"key":"SMITH"},{"data":"Streamline","floor":49,"key":"SMITH"}],"circlet_count":0,"master_deck":["Strike_B","Strike_B","Strike_B","Defend_B+1","Defend_B","Defend_B","Defend_B","Zap+1","Dualcast+1","Leap","Ball Lightning+1","Cold Snap+1","Lockon","Conserve Battery+1","Rainbow+1","Melter","Self Repair+1","Consume+1","Glacier+1","Go for the Eyes+1","J.A.X.+1","Coolheaded+1","Capacitor","Chill+1","Streamline+1","Self Repair+1"],"relics":["Cracked Core","Tiny Chest","Toxic Egg 2","Omamori","Happy Flower","Pen Nib","HornCleat","Busted Crown","MealTicket","Ornamental Fan","Vajra","Coffee Dripper","Eternal Feather","Bronze Scales","Smiling Mask","Pantograph"],"acts_visited":["Exordium","TheCity","TheBeyond"],"potions_floor_usage":[11,31,33,33,40,40],"damage_taken":[{"damage":2,"enemies":"Jaw Worm","floor":1,"turns":4},{"damage":7,"enemies":"2 Louse","floor":7,"turns":3},{"damage":18,"enemies":"3 Sentries","floor":8,"turns":6},{"damage":20,"enemies":"Gremlin Nob","floor":11,"turns":4},{"damage":0,"enemies":"Small Slimes","floor":12,"turns":2},{"damage":32,"enemies":"Slime Boss","floor":16,"turns":8},{"damage":10,"enemies":"2 Thieves","floor":18,"turns":4},{"damage":3,"enemies":"Book of Stabbing","floor":25,"turns":5},{"damage":0,"enemies":"Spheric Guardian","floor":29,"turns":3},{"damage":0,"enemies":"Snake Plant","floor":30,"turns":4},{"damage":3,"enemies":"Cultist and Chosen","floor":31,"turns":5},{"damage":13,"enemies":"Collector","floor":33,"turns":15},{"damage":1,"enemies":"3 Shapes","floor":35,"turns":4},{"damage":0,"enemies":"Orb Walker","floor":37,"turns":3},{"damage":24,"enemies":"Jaw Worm Horde","floor":39,"turns":5},{"damage":32,"enemies":"Giant Head","floor":40,"turns":11},{"damage":16,"enemies":"Maw","floor":47,"turns":7},{"damage":50,"enemies":"Donu and Deca","floor":50,"turns":17}],"seed_played":"5408969184780910474","potions_obtained":[{"floor":8,"key":"EssenceOfSteel"},{"floor":18,"key":"Explosive Potion"},{"floor":29,"key":"Fire Potion"},{"floor":31,"key":"LiquidBronze"},{"floor":33,"key":"FearPotion"},{"floor":39,"key":"Explosive Potion"}],"is_trial":false,"path_per_floor":["M","?","?","?","$","R","M","E","T","T","E","M","?","?","R","B",null,"M","$","?","T","?","R","$","E","T","$","R","M","M","M","R","B",null,"M","T","M","$","M","E","$","R","T","R","?","R","M","?","R","B",null],"character_chosen":"DEFECT","items_purchased":["Ball Lightning","Self Repair","Consume+1","Glacier+1","Go for the Eyes","Coolheaded+1","Capacitor","Bronze Scales","Self Repair"],"campfire_rested":2,"item_purchase_floors":[5,19,19,19,19,24,27,38,41],"current_hp_per_floor":[73,70,55,75,75,75,68,50,50,50,30,30,48,48,70,38,75,65,65,65,65,53,75,75,75,75,75,75,75,75,75,75,62,75,75,75,75,75,51,26,41,56,56,71,71,75,75,75,75,45],"gold":144,"neow_bonus":"RANDOM_COMMON_RELIC","is_daily":false,"chose_seed":false,"campfire_upgraded":7,"win_rate":0.0,"timestamp":1609872846,"path_taken":["M","?","?","?","$","R","M","E","T","?","E","M","?","?","R","BOSS","M","$","?","?","?","R","$","E","T","$","R","?","?","M","R","BOSS","M","?","M","$","?","E","$","R","T","R","?","R","M","?","R","BOSS"],"items_purchased_type":["Card","Card","Card","Card","Card","Card","Card","Relic","Card"],"build_version":"2020-12-22","purchased_purges":1,"victory":true,"max_hp_per_floor":[75,75,75,75,75,75,75,75,75,75,75,75,75,75,75,75,75,75,75,75,75,75,75,75,75,75,75,75,75,75,75,75,75,75,75,75,75,75,75,75,75,75,75,75,75,75,75,75,75,75],"card_choices":[{"not_picked":["Undo","Gash"],"picked":"Leap","floor":1},{"not_picked":["Stack+1","Beam Cell"],"picked":"Ball Lightning","floor":7},{"not_picked":["Force Field+1","Leap+1"],"picked":"Cold Snap","floor":8},{"not_picked":["Skim+1","Static Discharge"],"picked":"Lockon","floor":11},{"not_picked":["Go for the Eyes","Hello World"],"picked":"Conserve Battery+1","floor":12},{"not_picked":["Machine Learning","Creative AI"],"picked":"Rainbow+1","floor":16},{"not_picked":[],"picked":"Melter","floor":18},{"not_picked":["Coolheaded+1"],"picked":"SKIP","floor":25},{"not_picked":["Recycle+1"],"picked":"SKIP","floor":29},{"not_picked":["Tempest+1"],"picked":"SKIP","floor":30},{"not_picked":[],"picked":"Chill+1","floor":31},{"not_picked":[],"picked":"Streamline","floor":35},{"not_picked":["Blizzard+1"],"picked":"SKIP","floor":37},{"not_picked":["Stack+1"],"picked":"SKIP","floor":39},{"not_picked":["Go for the Eyes"],"picked":"SKIP","floor":40},{"not_picked":["Steam Power+1"],"picked":"SKIP","floor":47}],"player_experience":293226,"relics_obtained":[{"floor":8,"key":"Omamori"},{"floor":9,"key":"Happy Flower"},{"floor":10,"key":"Pen Nib"},{"floor":11,"key":"HornCleat"},{"floor":21,"key":"MealTicket"},{"floor":25,"key":"Ornamental Fan"},{"floor":26,"key":"Vajra"},{"floor":36,"key":"Eternal Feather"},{"floor":40,"key":"Smiling Mask"},{"floor":43,"key":"Pantograph"}],"event_choices":[{"damage_healed":0,"gold_gain":0,"player_choice":"Success","damage_taken":3,"relics_obtained":["Toxic Egg 2"],"max_hp_gain":0,"max_hp_loss":0,"event_name":"Scrap Ooze","floor":2,"gold_loss":0},{"damage_healed":0,"gold_gain":0,"player_choice":"Entered Light","damage_taken":15,"max_hp_gain":0,"max_hp_loss":0,"event_name":"Shining Light","floor":3,"gold_loss":0,"cards_upgraded":["Dualcast","Defend_B"]},{"damage_healed":25,"gold_gain":0,"player_choice":"Banana","damage_taken":0,"max_hp_gain":0,"max_hp_loss":0,"event_name":"Big Fish","floor":4,"gold_loss":0},{"damage_healed":18,"gold_gain":0,"player_choice":"Healed","damage_taken":0,"max_hp_gain":0,"max_hp_loss":0,"event_name":"The Cleric","floor":13,"gold_loss":35},{"damage_healed":0,"gold_gain":0,"player_choice":"Ignored","damage_taken":0,"max_hp_gain":0,"max_hp_loss":0,"event_name":"Liars Game","floor":14,"gold_loss":0},{"damage_healed":0,"gold_gain":0,"player_choice":"Obtain J.A.X.","damage_taken":0,"max_hp_gain":0,"max_hp_loss":0,"event_name":"Drug Dealer","floor":20,"gold_loss":0,"cards_obtained":["J.A.X."]},{"damage_healed":0,"gold_gain":90,"player_choice":"GOLD ","damage_taken":12,"max_hp_gain":0,"max_hp_loss":0,"event_name":"Knowing Skull","floor":22,"potions_obtained":[],"gold_loss":0,"cards_obtained":[]},{"cards_removed":["Ball Lightning"],"damage_healed":0,"gold_gain":0,"player_choice":"Removed Attack","damage_taken":0,"max_hp_gain":0,"max_hp_loss":0,"event_name":"Falling","floor":45,"gold_loss":0},{"damage_healed":0,"gold_gain":0,"player_choice":"Memory 1","damage_taken":0,"max_hp_gain":0,"max_hp_loss":0,"event_name":"SensoryStone","floor":48,"gold_loss":0}],"is_beta":false,"boss_relics":[{"not_picked":["Runic Dome","Pandora\u0027s Box"],"picked":"Busted Crown"},{"not_picked":["Runic Pyramid","Fusion Hammer"],"picked":"Coffee Dripper"}],"items_purged_floors":[24],"is_endless":false,"potions_floor_spawned":[8,18,29,31,33,39],"ascension_level":2}}