{"host":"kta213tp32cz47du","time":1609854638,"event":{"mods":["BaseMod","Better Altar","Better Match","Better Note","Better Sensory Stone","Better Skull","Better Third Choice","Better Vampires","Colored Map","Colored Powertips","Conspire","Curses Come First","Displayed Cursed Tome","Downfall","Force Act Four","Hubris","Infinite Spire","JesterMod","Magitek Elite","Marisa????????","Minty Spire (QoL Compilation)","Permanent Neow","Potion Indicator Mod","QueenMod","Quick Restart","Rare Cards Sparkle","Replay The Spire","Shade Mod","Shop Mod","Spikes Relics","StSLib","The Animator","The Blue Laboratory","The Bug Knight","The Cursed","The Marked","The Servant 0.9.4","TheSwordswoman","TheVelvet","TheWitcher","vexMod"],"gold_per_floor":[117,136,136,146,116,0,0,0,81,81,97,97,130,130,130,233,233,245,261,271,231,231,231,242,269,269,269,20,34,34,34],"floor_reached":30,"playtime":3168,"items_purged":["Strike_G"],"score":273,"play_id":"40affb70-1b9c-47c5-9150-29900aadda11","local_time":"20210105135038","is_ascension_mode":false,"campfire_choices":[{"floor":12.0,"key":"REST"},{"floor":15.0,"key":"REST"},{"floor":23.0,"key":"REST"}],"circlet_count":0,"master_deck":["Strike_G","Strike_G+1","Strike_G","Defend_G+1","Defend_G","Defend_G","Defend_G","Defend_G","Survivor","Neutralize","Replay:SS_forest_6+1","ReplayTheSpireMod:Tripwire","Bane","Crippling Poison","Skewer","Enlightenment","Distraction","PiercingWail","infinitespire:Neurotoxin","Heel Hook+1","Masterful Stab+1","Concentrate+1","Flying Knee+1","Bane+1","Backflip+1","Die Die Die+1","Poisoned Stab+1"],"relics":["Ring of the Snake","The Courier","Omamori","Pear","Molten Egg 2","Runic Pyramid","hubris:Reverence","hubris:GlazedTorus"],"acts_visited":["Exordium","TheCity"],"potions_floor_usage":[29],"damage_taken":[{"damage":0.0,"enemies":"conspire:RoseBush","floor":1.0,"turns":4.0},{"damage":5.0,"enemies":"Jaw Worm","floor":2.0,"turns":8.0},{"damage":0.0,"enemies":"Small Slimes","floor":4.0,"turns":4.0},{"damage":1.0,"enemies":"Looter","floor":5.0,"turns":4.0},{"damage":1.0,"enemies":"2 Fungi Beasts","floor":11.0,"turns":5.0},{"damage":13.0,"enemies":"HollowMod:MossKnight","floor":13.0,"turns":13.0},{"damage":24.0,"enemies":"Fading Forest","floor":16.0,"turns":11.0},{"damage":10.0,"enemies":"Spheric Guardian","floor":18.0,"turns":11.0},{"damage":8.0,"enemies":"Shell Parasite","floor":19.0,"turns":10.0},{"damage":27.0,"enemies":"3 Cultists","floor":20.0,"turns":7.0},{"damage":41.0,"enemies":"Cultist and Chosen","floor":24.0,"turns":13.0},{"damage":4.0,"enemies":"Replay:Snechameleon","floor":25.0,"turns":7.0},{"damage":16.0,"enemies":"Colosseum Slavers","floor":27.0,"turns":5.0},{"damage":1,"enemies":"Centurion and Healer","floor":29,"turns":6},{"damage":0,"enemies":"Snake Plant","floor":30,"turns":1}],"seed_played":"5092381397716850002","potions_obtained":[{"floor":1.0,"key":"blueLaboratory:NullPotion"},{"floor":4.0,"key":"blueLaboratory:AbyssPotion"},{"floor":16.0,"key":"Energy Potion"},{"floor":19.0,"key":"Fire Potion"},{"floor":25.0,"key":"DuplicationPotion"},{"floor":29,"key":"BlessingOfTheForge"}],"is_trial":false,"path_per_floor":["M","M","?","M","M","?","$","?","T","?","M","R","E","T","R","B",null,"M","M","M","?","?","R","M","E","T","?","$","M","M"],"character_chosen":"THE_SILENT","items_purchased":["Backflip+1","Die Die Die+1","blueLaboratory:LouseDecoction"],"campfire_rested":3,"item_purchase_floors":[28,28,28],"current_hp_per_floor":[70,65,51,51,50,56,56,49,49,7,6,28,25,25,50,26,86,76,68,41,41,41,66,25,21,21,5,5,4,4,4],"gold":34,"neow_bonus":"RANDOM_COLORLESS","is_daily":false,"chose_seed":false,"campfire_upgraded":0,"win_rate":0.0,"timestamp":1609854638,"path_taken":["M","M","?","M","M","?","?","?","T","?","?","R","E","?","R","BOSS","M","M","?","?","?","R","?","E","T","?","$","M","M"],"items_purchased_type":["Card","Card","Potion"],"build_version":"2020-12-22","purchased_purges":1,"victory":false,"max_hp_per_floor":[70,70,70,70,70,76,76,76,76,76,76,76,86,86,86,86,86,86,86,86,86,86,86,86,86,86,86,86,86,86,86],"card_choices":[{"not_picked":["Swift Strike","Survey Options"],"picked":"Replay:SS_forest_6","floor":0.0},{"not_picked":["Acrobatics","Backflip"],"picked":"ReplayTheSpireMod:Tripwire","floor":1.0},{"not_picked":["hubris:Sniper","Hidden Blade"],"picked":"Bane","floor":2.0},{"not_picked":["Skewer","Predator"],"picked":"Crippling Poison","floor":4.0},{"not_picked":["Crippling Poison","Slice"],"picked":"Skewer","floor":5.0},{"not_picked":["Finisher","Prepared"],"picked":"Distraction","floor":11.0},{"not_picked":["Flying Knee","Outmaneuver"],"picked":"PiercingWail","floor":13.0},{"not_picked":["ReplayTheSpireMod:From All Sides+1","ReplayTheSpireMod:Necrosis"],"picked":"infinitespire:Neurotoxin","floor":16.0},{"not_picked":["Infinite Blades","Escape Plan+1"],"picked":"Heel Hook+1","floor":18.0},{"not_picked":["Cloak And Dagger","ReplayTheSpireMod:Shiv Toss"],"picked":"Masterful Stab+1","floor":19.0},{"not_picked":["Acrobatics","Fluid Movement"],"picked":"Concentrate+1","floor":20.0},{"not_picked":["Acrobatics","Bane+1"],"picked":"Flying Knee+1","floor":24.0},{"not_picked":["Accuracy","Dagger Throw+1"],"picked":"Bane+1","floor":25.0},{"not_picked":["Pace+1","Bane+1"],"picked":"Poisoned Stab+1","floor":29}],"player_experience":314227,"relics_obtained":[{"floor":9.0,"key":"The Courier"},{"floor":13.0,"key":"Pear"},{"floor":14.0,"key":"Molten Egg 2"},{"floor":25.0,"key":"hubris:Reverence"},{"floor":26.0,"key":"hubris:GlazedTorus"}],"event_choices":[{"damage_healed":65.0,"max_hp_gain":0.0,"max_hp_loss":70.0,"gold_gain":0.0,"event_name":"betterThird:BetterShining","player_choice":"Upgrade","floor":3.0,"gold_loss":0.0,"damage_taken":14.0,"cards_upgraded":["Defend_G","Strike_G"]},{"damage_healed":0.0,"max_hp_gain":0.0,"max_hp_loss":0.0,"gold_gain":0.0,"event_name":"betterThird:BetterSerpent","player_choice":"RENOUNCE","floor":6.0,"gold_loss":116.0,"damage_taken":116.0,"cards_obtained":["Enlightenment"]},{"cards_removed":["Strike_G"],"damage_healed":0.0,"max_hp_gain":0.0,"max_hp_loss":0.0,"gold_gain":0.0,"event_name":"Golden Wing","player_choice":"Card Removal","floor":8.0,"gold_loss":0.0,"damage_taken":7.0},{"damage_healed":0.0,"max_hp_gain":0.0,"max_hp_loss":0.0,"gold_gain":0.0,"event_name":"betterThird:BetterScrap","player_choice":"Relic ","floor":10.0,"gold_loss":0.0,"damage_taken":42.0,"cards_obtained":["conspire:SharedLibrary"]},{"damage_healed":0.0,"max_hp_gain":0.0,"max_hp_loss":0.0,"gold_gain":0.0,"event_name":"Designer","player_choice":"Upgrade","floor":21.0,"gold_loss":40.0,"damage_taken":0.0,"cards_upgraded":["Replay:SS_forest_6"]},{"cards_removed":["Defend_G"],"damage_healed":0.0,"max_hp_gain":0.0,"max_hp_loss":0.0,"gold_gain":0.0,"event_name":"betterNote:BetterNote","player_choice":"Give","floor":22.0,"gold_loss":0.0,"damage_taken":0.0,"cards_obtained":["Strike_B"]},{"damage_healed":0.0,"max_hp_gain":0.0,"max_hp_loss":0.0,"gold_gain":0.0,"event_name":"Colosseum","player_choice":"Fight","floor":27.0,"gold_loss":0.0,"damage_taken":0.0},{"damage_healed":0.0,"max_hp_gain":0.0,"max_hp_loss":0.0,"gold_gain":0.0,"event_name":"Colosseum","player_choice":"Fled From Nobs","floor":27.0,"gold_loss":0.0,"damage_taken":0.0}],"is_beta":false,"boss_relics":[{"not_picked":["vexMod:FluxCapacitor","Tiny House"],"picked":"Runic Pyramid"}],"items_purged_floors":[28],"is_endless":false,"potions_floor_spawned":[1,4,16,19,25,27,29],"killed_by":"Snake Plant","ascension_level":0}}