{"host":"w3x3n9s6mrz4xpf0","time":1609829074,"event":{"mods":["BaseMod","Minty Spire (QoL Compilation)","StSLib","SuperFastMode"],"gold_per_floor":[115,115,115,125,136,164,164,178,178,103,126,152,217,35,35,106,106,125,144,156,167,182,213,213,228,255,255,155,189,216,231,231,305,305,322,544,556,283,297,297,147,166,166,198,211,238,251,263,263,263],"floor_reached":51,"playtime":2442,"items_purged":["Strike_G","Defend_G","All Out Attack+1","Predator+1"],"score":1776,"play_id":"98fccbdc-ae81-4583-b0d3-01c21b6a69af","local_time":"20210105154434","is_ascension_mode":true,"campfire_choices":[{"data":"Flechettes","floor":7,"key":"SMITH"},{"data":"Apotheosis","floor":15,"key":"SMITH"},{"data":"Well Laid Plans","floor":27,"key":"SMITH"},{"data":"Tactician","floor":32,"key":"SMITH"},{"data":"Adrenaline","floor":40,"key":"SMITH"},{"data":"Malaise","floor":49,"key":"SMITH"}],"circlet_count":0,"master_deck":["AscendersBane","Neutralize","Flechettes+1","Backflip+1","Well Laid Plans+1","Tactician+1","Backflip","Apotheosis+1","Phantasmal Killer","Calculated Gamble","Deflect+1","Acrobatics+1","Adrenaline+1","Backstab+1","Blur+1","Malaise+1"],"relics":["Ring of the Snake","Meat on the Bone","Tingsha","Odd Mushroom","The Specimen","Lantern","Philosopher\u0027s Stone","Molten Egg 2","Orichalcum","MealTicket","Red Mask","Astrolabe","War Paint","CaptainsWheel","Anchor","Omamori"],"acts_visited":["Exordium","TheCity","TheBeyond"],"potions_floor_usage":[6,11,12,16,23,50],"damage_taken":[{"damage":2,"enemies":"2 Louse","floor":1,"turns":4},{"damage":0,"enemies":"Small Slimes","floor":4,"turns":3},{"damage":1,"enemies":"Jaw Worm","floor":5,"turns":3},{"damage":17,"enemies":"Lagavulin","floor":6,"turns":10},{"damage":8,"enemies":"2 Fungi Beasts","floor":8,"turns":4},{"damage":0,"enemies":"The Mushroom Lair","floor":11,"turns":4},{"damage":2,"enemies":"3 Sentries","floor":12,"turns":11},{"damage":20,"enemies":"Gremlin Nob","floor":13,"turns":4},{"damage":0,"enemies":"Slime Boss","floor":16,"turns":10},{"damage":0,"enemies":"Shell Parasite","floor":18,"turns":3},{"damage":4,"enemies":"Spheric Guardian","floor":19,"turns":4},{"damage":0,"enemies":"Centurion and Healer","floor":20,"turns":5},{"damage":28,"enemies":"Sentry and Sphere","floor":21,"turns":10},{"damage":4,"enemies":"Cultist and Chosen","floor":22,"turns":8},{"damage":3,"enemies":"Gremlin Leader","floor":23,"turns":6},{"damage":0,"enemies":"Snake Plant","floor":25,"turns":6},{"damage":6,"enemies":"Slavers","floor":29,"turns":2},{"damage":1,"enemies":"Masked Bandits","floor":30,"turns":3},{"damage":0,"enemies":"Sentry and Sphere","floor":31,"turns":1},{"damage":0,"enemies":"Automaton","floor":33,"turns":3},{"damage":0,"enemies":"3 Darklings","floor":35,"turns":1},{"damage":0,"enemies":"Orb Walker","floor":37,"turns":1},{"damage":0,"enemies":"Jaw Worm Horde","floor":39,"turns":1},{"damage":0,"enemies":"Transient","floor":42,"turns":2},{"damage":0,"enemies":"Reptomancer","floor":44,"turns":2},{"damage":0,"enemies":"Sphere and 2 Shapes","floor":45,"turns":1},{"damage":0,"enemies":"Nemesis","floor":46,"turns":3},{"damage":0,"enemies":"Spire Growth","floor":47,"turns":1},{"damage":0,"enemies":"3 Darklings","floor":48,"turns":1},{"damage":0,"enemies":"Time Eater","floor":50,"turns":3}],"seed_played":"5294906798582408050","potions_obtained":[{"floor":1,"key":"AttackPotion"},{"floor":4,"key":"Explosive Potion"},{"floor":6,"key":"Swift Potion"},{"floor":13,"key":"PowerPotion"},{"floor":20,"key":"ColorlessPotion"},{"floor":23,"key":"BlessingOfTheForge"},{"floor":25,"key":"Swift Potion"},{"floor":48,"key":"SteroidPotion"}],"is_trial":false,"path_per_floor":["M","?","?","M","M","E","R","M","T","$","?","E","?","$","R","B",null,"M","M","M","M","M","E","?","M","T","R","$","E","?","M","R","B",null,"M","?","M","$","M","R","$","M","T","E","M","E","M","M","R","B",null],"character_chosen":"THE_SILENT","items_purchased":["Apotheosis","War Paint"],"campfire_rested":0,"item_purchase_floors":[14,38],"current_hp_per_floor":[57,50,50,50,49,32,32,36,36,36,36,34,26,26,26,38,55,55,51,51,35,31,40,40,40,40,40,40,34,33,33,33,33,53,53,53,53,60,60,60,60,60,60,60,60,60,60,60,60,60],"gold":263,"neow_bonus":"REMOVE_TWO","is_daily":false,"chose_seed":false,"campfire_upgraded":6,"win_rate":0.0,"timestamp":1609829074,"path_taken":["M","?","?","M","M","E","R","M","T","$","?","E","?","?","R","BOSS","M","M","M","M","M","E","?","M","T","R","$","E","?","M","R","BOSS","M","?","M","$","M","R","$","M","T","E","M","E","M","M","R","BOSS"],"items_purchased_type":["Card","Relic"],"build_version":"2020-12-22","purchased_purges":4,"victory":true,"max_hp_per_floor":[60,60,60,60,60,60,60,60,60,60,60,60,60,60,60,60,60,60,60,60,60,60,60,60,60,60,60,60,60,60,60,60,60,60,60,60,60,60,60,60,60,60,60,60,60,60,60,60,60,60],"card_choices":[{"not_picked":["Crippling Poison","Concentrate"],"picked":"Flechettes","floor":1},{"not_picked":["Backstab","Caltrops"],"picked":"Backflip","floor":4},{"not_picked":["Backflip","Slice"],"picked":"Well Laid Plans","floor":5},{"not_picked":["Dodge and Roll","Die Die Die","Finisher"],"picked":"SKIP","floor":6},{"not_picked":["Caltrops","Dagger Throw","Quick Slash"],"picked":"SKIP","floor":8},{"not_picked":["Bane","Acrobatics"],"picked":"Tactician","floor":11},{"not_picked":["Cloak And Dagger","Accuracy","Caltrops"],"picked":"SKIP","floor":12},{"not_picked":["Cloak And Dagger","Accuracy","Caltrops"],"picked":"SKIP","floor":12},{"not_picked":["Skewer","Catalyst"],"picked":"Backflip","floor":13},{"not_picked":["Tools of the Trade","Die Die Die"],"picked":"Phantasmal Killer","floor":16},{"not_picked":["Flying Knee","Quick Slash","Poisoned Stab"],"picked":"SKIP","floor":18},{"not_picked":["Infinite Blades+1","Outmaneuver+1","Bane"],"picked":"SKIP","floor":19},{"not_picked":["Backflip","Dagger Spray","Infinite Blades+1"],"picked":"SKIP","floor":20},{"not_picked":["Riddle With Holes","Cloak And Dagger","Flechettes"],"picked":"SKIP","floor":21},{"not_picked":["Slice","Blade Dance+1","Sucker Punch"],"picked":"SKIP","floor":22},{"not_picked":["Noxious Fumes","Storm of Steel","Terror"],"picked":"SKIP","floor":23},{"not_picked":["Quick Slash+1","Dagger Throw+1"],"picked":"Acrobatics+1","floor":25},{"not_picked":["Leg Sweep","Tactician","Catalyst"],"picked":"SKIP","floor":29},{"not_picked":["Catalyst","Bullet Time","Backstab+1"],"picked":"SKIP","floor":31},{"not_picked":["Glass Knife+1","Wraith Form v2"],"picked":"Adrenaline","floor":33},{"not_picked":["Heel Hook+1","Caltrops","Bane+1"],"picked":"SKIP","floor":35},{"not_picked":["Bouncing Flask+1","Blur","Deadly Poison"],"picked":"SKIP","floor":37},{"not_picked":["Poisoned Stab+1","Flying Knee+1"],"picked":"Blur+1","floor":39},{"not_picked":["Bane+1","Slice+1","Choke+1"],"picked":"SKIP","floor":42},{"not_picked":["Concentrate","Skewer+1","Dagger Throw+1"],"picked":"SKIP","floor":44},{"not_picked":["Night Terror","Infinite Blades","Deflect"],"picked":"SKIP","floor":45},{"not_picked":["Crippling Poison","Cloak And Dagger","Slice+1"],"picked":"SKIP","floor":46},{"not_picked":["Deadly Poison","Dash+1","Bane+1"],"picked":"SKIP","floor":47},{"not_picked":["Accuracy+1","Flechettes+1"],"picked":"Malaise","floor":48}],"player_experience":98268,"relics_obtained":[{"floor":6,"key":"Meat on the Bone"},{"floor":9,"key":"Tingsha"},{"floor":11,"key":"Odd Mushroom"},{"floor":12,"key":"The Specimen"},{"floor":13,"key":"Lantern"},{"floor":23,"key":"Molten Egg 2"},{"floor":26,"key":"Orichalcum"},{"floor":29,"key":"MealTicket"},{"floor":30,"key":"Red Mask"},{"floor":43,"key":"CaptainsWheel"},{"floor":44,"key":"Anchor"},{"floor":46,"key":"Omamori"}],"event_choices":[{"cards_removed":["Strike_G"],"damage_healed":0,"gold_gain":0,"player_choice":"Card Removal","damage_taken":7,"max_hp_gain":0,"max_hp_loss":0,"event_name":"Golden Wing","floor":2,"gold_loss":0},{"cards_removed":["Strike_G"],"damage_healed":0,"gold_gain":0,"player_choice":"Forget","damage_taken":0,"max_hp_gain":0,"max_hp_loss":0,"event_name":"Living Wall","floor":3,"gold_loss":0},{"damage_healed":0,"gold_gain":0,"player_choice":"Fought Mushrooms","damage_taken":0,"max_hp_gain":0,"max_hp_loss":0,"event_name":"Mushrooms","floor":11,"gold_loss":0},{"damage_healed":0,"gold_gain":0,"player_choice":"Searched \u00271\u0027 times","damage_taken":0,"max_hp_gain":0,"max_hp_loss":0,"event_name":"Dead Adventurer","floor":13,"gold_loss":0},{"damage_healed":0,"gold_gain":0,"cards_transformed":["Strike_G","Defend_G"],"player_choice":"Became Test Subject","damage_taken":0,"max_hp_gain":0,"max_hp_loss":0,"event_name":"Drug Dealer","floor":24,"gold_loss":0,"cards_obtained":["Calculated Gamble","Deflect"]},{"damage_healed":0,"gold_gain":0,"player_choice":"Fought Bandits","damage_taken":0,"max_hp_gain":0,"max_hp_loss":0,"event_name":"Masked Bandits","floor":30,"gold_loss":0},{"damage_healed":0,"gold_gain":222,"player_choice":"Wore Mask","damage_taken":0,"max_hp_gain":0,"max_hp_loss":0,"event_name":"Tomb of Lord Red Mask","floor":36,"gold_loss":0}],"is_beta":false,"boss_relics":[{"not_picked":["Runic Pyramid","Snecko Eye"],"picked":"Philosopher\u0027s Stone"},{"not_picked":["Busted Crown","Sozu"],"picked":"Astrolabe"}],"items_purged_floors":[10,28,38,41],"is_endless":false,"potions_floor_spawned":[1,4,6,13,20,23,25,30,31,33,44,47,48],"ascension_level":15}}