{"host":"j4g6ia6asvpyu2b0","time":1609876328,"event":{"mods":["BaseMod","Colored Map","Minty Spire (QoL Compilation)","Permanent Neow","Quick Restart","Relic Stats","StSLib","Unceasing Turn Reminder"],"gold_per_floor":[119,139,139,60,60,60,95,95,95,127,141,167,185,57,57,153,153,170,205,205,130,130,130],"floor_reached":22,"playtime":608,"items_purged":["Strike_B"],"score":325,"play_id":"382432a4-a69e-404d-8d87-2e32d6396324","local_time":"20210105125208","is_ascension_mode":true,"campfire_choices":[{"data":"Apotheosis","floor":6,"key":"SMITH"},{"floor":8,"key":"REST"},{"floor":15,"key":"RECALL"}],"circlet_count":0,"master_deck":["Strike_B","Strike_B","Defend_B","Defend_B","Defend_B","Defend_B","Zap","Dualcast","Apotheosis+1","Ball Lightning","Sweeping Beam","Capacitor","Sweeping Beam","Compile Driver","Loop","Glacier","Static Discharge","Defragment","Coolheaded","Fission","Consume","Capacitor+1"],"relics":["Cracked Core","Bag of Marbles","Bottled Lightning","Anchor","Omamori","Calling Bell","Regal Pillow","Frozen Egg 2","Shovel","Red Mask"],"acts_visited":["Exordium","TheCity"],"potions_floor_usage":[7],"damage_taken":[{"damage":7,"enemies":"Jaw Worm","floor":1,"turns":4},{"damage":0,"enemies":"Cultist","floor":2,"turns":2},{"damage":20,"enemies":"Gremlin Nob","floor":7,"turns":3},{"damage":16,"enemies":"Lagavulin","floor":10,"turns":5},{"damage":0,"enemies":"Small Slimes","floor":11,"turns":1},{"damage":4,"enemies":"3 Sentries","floor":12,"turns":5},{"damage":0,"enemies":"2 Fungi Beasts","floor":13,"turns":2},{"damage":0,"enemies":"Slime Boss","floor":16,"turns":7},{"damage":12,"enemies":"2 Thieves","floor":18,"turns":3},{"damage":12,"enemies":"Masked Bandits","floor":19,"turns":3},{"damage":7,"enemies":"3 Byrds","floor":22,"turns":3}],"seed_played":"2387231747635586535","potions_obtained":[{"floor":1,"key":"BlessingOfTheForge"},{"floor":5,"key":"Energy Potion"},{"floor":5,"key":"Energy Potion"},{"floor":12,"key":"FairyPotion"},{"floor":18,"key":"Dexterity Potion"}],"is_trial":false,"path_per_floor":["M","M","?","$","?","R","E","R","T","E","M","E","M","$","R","B",null,"M","?","?","$","M"],"character_chosen":"DEFECT","items_purchased":["Capacitor","Defragment","Coolheaded"],"campfire_rested":1,"item_purchase_floors":[4,14,14],"current_hp_per_floor":[61,61,61,61,61,61,41,63,63,47,47,43,43,43,43,43,67,55,43,43,43,36,36],"gold":130,"neow_bonus":"RANDOM_COLORLESS_2","is_daily":false,"chose_seed":false,"campfire_upgraded":1,"win_rate":0.0,"timestamp":1609876328,"path_taken":["M","M","?","$","?","R","E","R","T","E","M","E","?","?","R","BOSS","M","?","?","?","M"],"items_purchased_type":["Card","Card","Card"],"build_version":"2020-12-22","purchased_purges":1,"victory":false,"max_hp_per_floor":[75,75,75,75,75,75,75,75,75,75,75,75,75,75,75,75,75,75,75,75,75,75,75],"relic_stats":{"Regal Pillow":0,"Shovel":0,"counters":[11,38],"obtain_stats":[{"Calling Bell":17,"Anchor":10,"Regal Pillow":17,"Shovel":17,"Bag of Marbles":7,"Omamori":12,"Red Mask":19,"Bottled Lightning":9,"Frozen Egg 2":17,"Cracked Core":0},{"Calling Bell":8,"Anchor":4,"Regal Pillow":8,"Shovel":8,"Bag of Marbles":3,"Omamori":6,"Red Mask":10,"Bottled Lightning":3,"Frozen Egg 2":8,"Cracked Core":0},{"Calling Bell":29,"Anchor":14,"Regal Pillow":29,"Shovel":29,"Bag of Marbles":9,"Omamori":20,"Red Mask":35,"Bottled Lightning":9,"Frozen Egg 2":29,"Cracked Core":0}]},"card_choices":[{"not_picked":["Thinking Ahead","Mayhem"],"picked":"Apotheosis","floor":0},{"not_picked":["Rip and Tear","Stack"],"picked":"Ball Lightning","floor":1},{"not_picked":["Scrape","Steam"],"picked":"Sweeping Beam","floor":2},{"not_picked":["Go for the Eyes","Turbo"],"picked":"Sweeping Beam","floor":7},{"not_picked":["Gash","Amplify"],"picked":"Compile Driver","floor":10},{"not_picked":["Barrage","Stack"],"picked":"Loop","floor":11},{"not_picked":["Heatsinks","Genetic Algorithm"],"picked":"Glacier","floor":12},{"not_picked":["Streamline","Beam Cell"],"picked":"Static Discharge","floor":13},{"not_picked":["Core Surge","Meteor Strike"],"picked":"Fission","floor":16},{"not_picked":["Beam Cell","Skim"],"picked":"Consume","floor":18},{"not_picked":["Undo","Doom and Gloom+1"],"picked":"Capacitor+1","floor":19}],"player_experience":721379,"relics_obtained":[{"floor":7,"key":"Bag of Marbles"},{"floor":9,"key":"Bottled Lightning"},{"floor":10,"key":"Anchor"},{"floor":12,"key":"Omamori"},{"floor":17,"key":"Regal Pillow"},{"floor":17,"key":"Frozen Egg 2"},{"floor":17,"key":"Shovel"},{"floor":19,"key":"Red Mask"}],"event_choices":[{"cards_removed":["Shame"],"damage_healed":0,"gold_gain":0,"player_choice":"Forget","damage_taken":0,"max_hp_gain":0,"max_hp_loss":0,"event_name":"Living Wall","floor":3,"gold_loss":0},{"damage_healed":0,"gold_gain":0,"player_choice":"Got Potions","damage_taken":0,"max_hp_gain":0,"max_hp_loss":0,"event_name":"Lab","floor":5,"gold_loss":0},{"damage_healed":0,"gold_gain":0,"player_choice":"Fought Bandits","damage_taken":0,"max_hp_gain":0,"max_hp_loss":0,"event_name":"Masked Bandits","floor":19,"gold_loss":0},{"cards_removed":["Strike_B"],"damage_healed":0,"gold_gain":0,"player_choice":"Elegance","damage_taken":0,"max_hp_gain":0,"max_hp_loss":0,"event_name":"Back to Basics","floor":20,"gold_loss":0}],"is_beta":false,"boss_relics":[{"not_picked":["Runic Pyramid","Sozu"],"picked":"Calling Bell"}],"items_purged_floors":[21],"is_endless":false,"potions_floor_spawned":[1,12,16,18],"killed_by":"3 Byrds","ascension_level":6}}