{"host":"0azimyi6n3ugndj4","time":1609863116,"event":{"mods":["2.2 Compatiblity","BaseMod","Bestiary","Conspire","Curses Come First","Defuse TimeMaze Blight","Hermit","Hubris","Hyrulean Relics","Infinite Spire","Jorbs\u0027s Wanderer Trilogy","Minty Spire (QoL Compilation)","Relic Stats","Replay The Spire","StSLib","SuperFastMode","The Cursed","The Hierophant","Uncapped","¡¼?Úª?ø«¡½REMEMod"],"gold_per_floor":[118,118,118,393,221,221,221],"floor_reached":6,"playtime":126,"items_purged":[],"score":164,"play_id":"65724fb0-f472-4b59-9f85-365e5fb7700d","local_time":"20210106011156","daily_mods":["SealedDeck","Hoarder","Insanity","Chimera","Specialized","ControlledChaos","Allstar","Diverse","Colorless Cards","Heirloom","Time Dilation","Flight","Elite Swarm","Binary"],"is_ascension_mode":true,"campfire_choices":[],"circlet_count":0,"master_deck":["Demon Form","Wraith Form v2","Echo Form","DevaForm","stsjorbsmod:ArcaneForm","stsjorbsmod:WastingForm","AscendersBane","Bash","Survivor","Zap","Eruption","Strike_R","Strike_G","Strike_B","Defend_R","Defend_G","Defend_P","Backflip","Backflip","Redo","TheCursedMod:PrepareRite","Chaos","hermit:Headshot","stsjorbsmod:BlackTentacles","PathToVictory","Clash","Evaluate","hubris:ReadiedAction","stsjorbsmod:Prestidigitation","TheCursedMod:EmpowerCircles","hermit:Snipe","Hologram","stsjorbsmod:ParryingBlow","hubris:SharpeningStone","stsjorbsmod:BurningFlask","hierophant:CursedGold","stsjorbsmod:Inferno","Accuracy","hermit:Misfire","Underhanded Strike","REME_Whirling","FollowUp","Evaluate","hierophant:Shelter","stsjorbsmod:Index","Weave","Barrage","stsjorbsmod:FlameWard","hermit:DeadMansHand","Sword Boomerang","Whirlwind","Scrape","TheCursedMod:SurpriseAttack","hermit:Manifest","Hemokinesis","Replay:AtTheReady","Bane","EmptyBody","ReplayTheSpireMod:Stacked","TheCursedMod:CursedShiv","Genetic Algorithm","stsjorbsmod:DoubleCheck","REME_Cut","Clothesline","Dagger Spray","Dash","Draining Mist","hierophant:DisplayOfPower","hierophant:DisplayOfPower","hierophant:DisplayOfPower","hierophant:DisplayOfPower","hierophant:DisplayOfPower","hierophant:DisplayOfPower","hierophant:DisplayOfPower","hierophant:DisplayOfPower","hierophant:DisplayOfPower","hierophant:DisplayOfPower","hierophant:DisplayOfPower","hierophant:DisplayOfPower","hierophant:DisplayOfPower","hierophant:DisplayOfPower","stsjorbsmod:WanderingMind","stsjorbsmod:WanderingMind","stsjorbsmod:WanderingMind","stsjorbsmod:MagicMirror","stsjorbsmod:MagicMirror","stsjorbsmod:MagicMirror","TheCursedMod:Mangle","TheCursedMod:Mangle","TheCursedMod:Mangle","stsjorbsmod:WanderingMind","stsjorbsmod:WanderingMind","stsjorbsmod:WanderingMind","stsjorbsmod:HedgeWizard","stsjorbsmod:HedgeWizard","stsjorbsmod:HedgeWizard","Anger","Anger","Anger","Iron Wave","Iron Wave","Iron Wave","Halt","Halt","Halt","Heavy Blade","Heavy Blade","Heavy Blade","hierophant:AuricBeam","hierophant:AuricBeam","hierophant:AuricBeam","Carnage","Carnage","Carnage","stsjorbsmod:Prepare+1","stsjorbsmod:Prepare+1","stsjorbsmod:Prepare+1","Regret","Regret","Regret"],"relics":["stsjorbsmod:GrimoireRelic","Frozen Eye","Busted Crown","REME_ComplimentaryCards","hubris:BundleOfHerbs","hubris:ToyBattleship"],"acts_visited":["Exordium"],"potions_floor_usage":[],"damage_taken":[{"damage":0,"enemies":"Small Slimes","floor":1,"turns":4},{"damage":94,"enemies":"Lagavulin","floor":6,"turns":8}],"seed_played":"-3484410983353954454","potions_obtained":[],"is_trial":true,"path_per_floor":["M","?","?","?","$","E"],"character_chosen":"WANDERER","items_purchased":["hubris:ToyBattleship"],"campfire_rested":0,"item_purchase_floors":[5],"current_hp_per_floor":[58,58,63,63,63,0,0],"gold":221,"neow_bonus":"","is_daily":false,"chose_seed":false,"campfire_upgraded":0,"win_rate":0.0,"timestamp":1609863116,"path_taken":["M","?","?","?","$","E"],"items_purchased_type":["Relic"],"build_version":"2020-12-22","purchased_purges":0,"victory":false,"max_hp_per_floor":[64,64,69,69,69,69,69],"relic_stats":{"Busted Crown":2,"counters":[2,12],"obtain_stats":[{"Frozen Eye":0,"Busted Crown":0,"stsjorbsmod:GrimoireRelic":0,"hubris:BundleOfHerbs":0,"hubris:ToyBattleship":5,"REME_ComplimentaryCards":0},{"Frozen Eye":0,"Busted Crown":0,"stsjorbsmod:GrimoireRelic":0,"hubris:BundleOfHerbs":0,"hubris:ToyBattleship":1,"REME_ComplimentaryCards":0},{"Frozen Eye":0,"Busted Crown":0,"stsjorbsmod:GrimoireRelic":0,"hubris:BundleOfHerbs":0,"hubris:ToyBattleship":4,"REME_ComplimentaryCards":0}]},"card_choices":[],"player_experience":1548658,"relics_obtained":[],"event_choices":[{"damage_healed":0,"gold_gain":0,"player_choice":"Donut","damage_taken":0,"max_hp_gain":5,"max_hp_loss":0,"event_name":"Big Fish","floor":3,"gold_loss":0},{"damage_healed":0,"gold_gain":275,"player_choice":"Desecrate","damage_taken":0,"max_hp_gain":0,"max_hp_loss":0,"event_name":"Golden Shrine","floor":4,"gold_loss":0,"cards_obtained":["Regret"]}],"is_beta":false,"boss_relics":[],"items_purged_floors":[],"is_endless":false,"potions_floor_spawned":[],"killed_by":"Lagavulin","ascension_level":20}}