{"host":"0t11pkp2julks910","time":1609883586,"event":{"mods":["Astrologer","Bard","BaseMod","BetterRewards","Colored Map","Curses Come First","Downfall","Friendly Minions","GungeonMod","Hermit","Hubris","Infinite Spire","Minty Spire (QoL Compilation)","Replay The Spire","Robot Space Explorer","Shop Mod","Somnambulant","StSLib","The Blackbeard","The Bug Knight","The Construct","The Cursed","The Disciple","The Forsaken","The Hierophant","The Jungle","The Marked","The Mystic","The Necromancer","The Poker Player","The Problem Sleuth","The Runesmith","[IsaacMod]????"],"gold_per_floor":[114,114,36,36,50,81,81,81,81,81,94,94,94,94,94,198,198,215,327,426,426,426,426],"floor_reached":21,"playtime":738,"items_purged":[],"score":175,"play_id":"678087b6-7cb2-4879-8257-33e58ce02730","local_time":"20210105135306","is_ascension_mode":false,"metric_token":2130,"campfire_choices":[{"data":"PokerPlayerMod:CardPrinter","floor":7,"key":"SMITH"},{"data":"PokerPlayerMod:CardPrinter+1","floor":10,"key":"SMITH"},{"data":"PokerPlayerMod:CardPrinter+2","floor":12,"key":"SMITH"}],"circlet_count":0,"master_deck":["PokerPlayerMod:Diamond1","PokerPlayerMod:Diamond2","PokerPlayerMod:Diamond3","PokerPlayerMod:Diamond4","PokerPlayerMod:Diamond5","PokerPlayerMod:Spade1","PokerPlayerMod:Spade2","PokerPlayerMod:Spade3","PokerPlayerMod:Spade4","PokerPlayerMod:Club2","PokerPlayerMod:Club2","PokerPlayerMod:Heart2","PokerPlayerMod:TrumpStrike","PokerPlayerMod:BadJoker","PokerPlayerMod:Mulligan","PokerPlayerMod:ChangeRules","PokerPlayerMod:ClubShade","PokerPlayerMod:CardPrinter+3","Sickly","PokerPlayerMod:ClubsClub","PokerPlayerMod:VarietyAttack","PokerPlayerMod:RiskyBet","Amnesia","Replay:Fractal Strike","PokerPlayerMod:Diamond10+","PokerPlayerMod:Raise"],"relics":["PokerPlayerMod:DeckCase","HushsDoor","BelialBook","hubris:Icosahedron","Ring of Fangs","Ring of Hypnosis","Bronze Scales","Velvet Choker"],"acts_visited":["Exordium","TheCity"],"potions_floor_usage":[6,21],"damage_taken":[{"damage":0,"enemies":"Small Slimes","floor":1,"turns":2},{"damage":0,"enemies":"Jaw Worm","floor":5,"turns":2},{"damage":26,"enemies":"Lagavulin","floor":6,"turns":4},{"damage":0,"enemies":"2 Louse","floor":11,"turns":1},{"damage":34,"enemies":"Slime Boss","floor":16,"turns":4},{"damage":18,"enemies":"Shell Parasite","floor":18,"turns":5},{"damage":0,"enemies":"3 Byrds","floor":19,"turns":2},{"damage":47,"enemies":"Sentry and Sphere","floor":21,"turns":5}],"seed_played":"783150862467327303","potions_obtained":[{"floor":5,"key":"champ:CounterPotion"},{"floor":16,"key":"BlessingOfTheForge"},{"floor":19,"key":"sneckomod:MuddlingPotion"}],"is_trial":false,"path_per_floor":["M","?","$","?","M","E","R","?","T","R","M","R","?","?","R_BF","B",null,"M","M","?","M"],"character_chosen":"THE_POKER_PLAYER","items_purchased":["PokerPlayerMod:CardPrinter"],"campfire_rested":0,"item_purchase_floors":[3],"current_hp_per_floor":[52,52,52,52,52,26,26,26,26,26,26,26,52,39,52,18,52,36,36,36,0,0,0],"gold":426,"neow_bonus":"ONE_RANDOM_RARE_CARD","is_daily":false,"chose_seed":false,"campfire_upgraded":3,"win_rate":0.0,"timestamp":1609883586,"path_taken":["M","?","$","?","M","E","R","?","T","R","M","R","?","?","R_BF","BOSS","M","M","?","M"],"items_purchased_type":["Card"],"build_version":"2020-12-22","purchased_purges":0,"victory":false,"max_hp_per_floor":[52,52,52,52,52,52,52,52,52,52,52,52,52,52,52,52,52,52,52,52,52,52,52],"card_choices":[{"not_picked":["PokerPlayerMod:DartThrow","PokerPlayerMod:Club3"],"picked":"PokerPlayerMod:ClubShade","floor":1},{"not_picked":["PokerPlayerMod:DartThrow","PokerPlayerMod:Diamond4"],"picked":"PokerPlayerMod:ClubsClub","floor":5},{"not_picked":["PokerPlayerMod:Diamond5","PokerPlayerMod:Sharpen"],"picked":"PokerPlayerMod:VarietyAttack","floor":6},{"not_picked":["PokerPlayerMod:Spade8","PokerPlayerMod:HotShotCut"],"picked":"PokerPlayerMod:RiskyBet","floor":11},{"not_picked":["infinitespire:UltimateForm","infinitespire:Execution"],"picked":"Replay:Fractal Strike","floor":14},{"not_picked":["PokerPlayerMod:Spade8","PokerPlayerMod:TheDieIsCast"],"picked":"PokerPlayerMod:Diamond10+","floor":16},{"not_picked":["PokerPlayerMod:DiamondStrike","PokerPlayerMod:HeartStrike"],"picked":"PokerPlayerMod:Raise","floor":18},{"not_picked":["PokerPlayerMod:Spade3","PokerPlayerMod:Club3","PokerPlayerMod:Trickery"],"picked":"SKIP","floor":19}],"player_experience":310203,"relics_obtained":[{"floor":4,"key":"Ring of Fangs"},{"floor":4,"key":"Ring of Hypnosis"},{"floor":6,"key":"DemoMod:WeirdEgg"}],"event_choices":[{"damage_healed":0,"gold_gain":0,"player_choice":"Ignored","damage_taken":0,"max_hp_gain":0,"max_hp_loss":0,"event_name":"Liars Game","floor":8,"gold_loss":0},{"damage_healed":0,"gold_gain":99,"player_choice":"Stole From Cult","damage_taken":0,"max_hp_gain":0,"max_hp_loss":0,"event_name":"Nest","floor":20,"gold_loss":0}],"is_beta":false,"boss_relics":[{"not_picked":["Replay:Wanted Poster","Philosopher\u0027s Stone"],"picked":"Velvet Choker"},{"not_picked":[]}],"items_purged_floors":[],"is_endless":false,"potions_floor_spawned":[5,16,19],"killed_by":"Sentry and Sphere","ascension_level":0}}