{"host":"709gjpjg43u3i5a8","time":1609833025,"event":{"mods":["Act Like it!","BaseMod","Colored Map","Colored Powertips","Downfall","Duelist Mod","Gensokyo","GifTheSpireLib","Hallownest","Hermit","Hubris","Infinite Spire","Koishi","Marisa????????","Minty Spire (QoL Compilation)","Remilia??????","Shop Mod","StSLib","Td1madao Mod","The Administrix","The Animator","The Bug Knight","The Construct","The Cursed","The Disciple","The Hierophant","The Jungle","The Necromancer","The Poker Player","The Runesmith","The Servant 0.9.4"],"gold_per_floor":[119,119,138,148,148,148,148],"floor_reached":6,"playtime":528,"items_purged":[],"score":38,"play_id":"8dfb6144-ebfb-43f8-89e1-c2f172d2d485","local_time":"20210105005025","is_ascension_mode":true,"campfire_choices":[],"circlet_count":0,"master_deck":["HollowMod:NailStrikeStart","HollowMod:NailStrikeStart","HollowMod:NailStrikeStart","HollowMod:NailStrikeStart","HollowMod:QuickDashStart","HollowMod:QuickDashStart","HollowMod:QuickDashStart","HollowMod:QuickDashStart","HollowMod:FocusHealStart","HollowMod:PogoStrike","HollowMod:HowlingWraiths","HollowMod:SoulEater","HollowMod:LifebloodCocoon","hubris:NaturalOne"],"relics":["HollowMod:VesselMask","Hallownest:DreamNailRelic","hubris:Icosahedron"],"acts_visited":["Exordium"],"potions_floor_usage":[],"damage_taken":[{"damage":3,"enemies":"Hallownest:2_Tiktiks_and_1_Crawlid","floor":1,"turns":2},{"damage":1,"enemies":"Hallownest:2_Baldur","floor":3,"turns":2},{"damage":7,"enemies":"Hallownest:monsterHuskGuard","floor":4,"turns":4},{"damage":70,"enemies":"Hallownest:eliteMossKnight","floor":6,"turns":16}],"seed_played":"-5414472080551081813","potions_obtained":[],"is_trial":false,"path_per_floor":["M","?","M","M","?","E"],"character_chosen":"THE_BUGKNIGHT","items_purchased":[],"campfire_rested":0,"item_purchase_floors":[],"current_hp_per_floor":[72,72,71,64,64,0,0],"gold":148,"neow_bonus":"THREE_CARDS","is_daily":false,"chose_seed":false,"campfire_upgraded":0,"win_rate":0.0,"timestamp":1609833025,"path_taken":["M","?","M","?","?","E"],"items_purchased_type":[],"build_version":"2020-12-22","purchased_purges":0,"victory":false,"max_hp_per_floor":[75,75,75,75,75,75,75],"card_choices":[{"not_picked":["HollowMod:CoiledNail","HollowMod:FastStrike"],"picked":"HollowMod:HowlingWraiths","floor":0},{"not_picked":["HollowMod:BlackTendrils","HollowMod:InfectedAttack","HollowMod:VengefulVoid"],"picked":"SKIP","floor":1},{"not_picked":["HollowMod:AbyssShriek","HollowMod:ShadowDash"],"picked":"HollowMod:SoulEater","floor":3},{"not_picked":["HollowMod:WraithStrike","HollowMod:LordofShades"],"picked":"HollowMod:LifebloodCocoon","floor":4}],"player_experience":454867,"relics_obtained":[],"event_choices":[],"is_beta":false,"boss_relics":[],"items_purged_floors":[],"is_endless":false,"potions_floor_spawned":[],"killed_by":"Hallownest:eliteMossKnight","ascension_level":1}}