{"host":"2m78pqva0leqn903","time":1609870510,"event":{"mods":["BaseMod","Minty Spire (QoL Compilation)","StSLib","TestMod"],"gold_per_floor":[117,117,117,117,192,219,219,251,251,281,292,310,341,355,355,426,426,437,437,437,334,345,371,371,405,454,481,151,165,165,182,182,256,256,266,317,317,192,210,242,242,267,267,294,313,328,345,374,374,374,374],"floor_reached":52,"playtime":1327,"items_purged":["Strike_R","Strike_R+1","Strike_R+1"],"score":2212,"play_id":"b4dc9d89-d539-4b9a-b21a-fde711ed24ce","local_time":"20210106021510","is_ascension_mode":true,"campfire_choices":[{"data":"Immolate","floor":7,"key":"SMITH"},{"data":"Sword Boomerang","floor":15,"key":"SMITH"},{"data":"J.A.X.","floor":24,"key":"SMITH"},{"data":"Flex","floor":30,"key":"SMITH"},{"data":"Secret Weapon","floor":32,"key":"SMITH"},{"data":"Burning Pact","floor":41,"key":"SMITH"},{"data":"Offering","floor":49,"key":"SMITH"}],"circlet_count":0,"master_deck":["AscendersBane","Defend_R","Defend_R+1","Bash","Immolate+1","Sword Boomerang+1","Inflame+1","Inflame+1","Shrug It Off+1","J.A.X.+1","Flex+1","Rupture+1","Secret Weapon+1","Offering","Burning Pact+1","Flex+1","Evolve+1","Offering+1"],"relics":["Burning Blood","testmod-Fanaticism","Sundial","testmod-TestBox","Bag of Marbles","testmod-CasingShield","Nunchaku","Frozen Egg 2","Whetstone","testmod-Temperance","Happy Flower","Blood Vial","War Paint","testmod-IndustrialRevolution","testmod-SaigiyounoYou","testmod-BlackFramedGlasses","Ice Cream","Pear","White Beast Statue","Omamori","Eternal Feather"],"acts_visited":["Exordium","TheCity","TheBeyond"],"potions_floor_usage":[16],"damage_taken":[{"damage":7,"enemies":"2 Louse","floor":1,"turns":2},{"damage":30,"enemies":"Lagavulin","floor":6,"turns":4},{"damage":10,"enemies":"3 Sentries","floor":8,"turns":4},{"damage":0,"enemies":"Lagavulin","floor":10,"turns":3},{"damage":0,"enemies":"Jaw Worm","floor":11,"turns":1},{"damage":16,"enemies":"Small Slimes","floor":12,"turns":2},{"damage":20,"enemies":"3 Sentries","floor":13,"turns":3},{"damage":14,"enemies":"3 Louse","floor":14,"turns":2},{"damage":31,"enemies":"Hexaghost","floor":16,"turns":4},{"damage":39,"enemies":"2 Thieves","floor":18,"turns":3},{"damage":3,"enemies":"Chosen","floor":22,"turns":2},{"damage":39,"enemies":"Book of Stabbing","floor":23,"turns":3},{"damage":50,"enemies":"Slavers","floor":25,"turns":2},{"damage":21,"enemies":"Book of Stabbing","floor":27,"turns":3},{"damage":0,"enemies":"Centurion and Healer","floor":29,"turns":2},{"damage":3,"enemies":"Snecko","floor":31,"turns":3},{"damage":14,"enemies":"Automaton","floor":33,"turns":4},{"damage":3,"enemies":"3 Darklings","floor":35,"turns":2},{"damage":40,"enemies":"2 Orb Walkers","floor":36,"turns":2},{"damage":3,"enemies":"3 Shapes","floor":39,"turns":1},{"damage":25,"enemies":"Reptomancer","floor":40,"turns":3},{"damage":15,"enemies":"Giant Head","floor":42,"turns":3},{"damage":34,"enemies":"Nemesis","floor":44,"turns":3},{"damage":45,"enemies":"Writhing Mass","floor":45,"turns":4},{"damage":20,"enemies":"3 Darklings","floor":46,"turns":2},{"damage":90,"enemies":"Jaw Worm Horde","floor":47,"turns":2},{"damage":30,"enemies":"Giant Head","floor":48,"turns":2},{"damage":69,"enemies":"Time Eater","floor":50,"turns":5},{"damage":62,"enemies":"Awakened One","floor":51,"turns":4}],"seed_played":"-3601834805442060394","potions_obtained":[{"floor":1,"key":"AttackPotion"},{"floor":11,"key":"Strength Potion"},{"floor":18,"key":"BlessingOfTheForge"},{"floor":22,"key":"FearPotion"}],"is_trial":false,"path_per_floor":["M","?","?","?","?","E","R","E","T","E","M","M","E","M","R","B",null,"M","?","?","$","M","E","R","E","T","E","$","M","R","M","R","B",null,"M","?","?","$","M","E","R","E","T","E","M","M","M","E","R","B","B",null],"character_chosen":"IRONCLAD","items_purchased":["Flex","Rupture+1","Secret Weapon"],"campfire_rested":0,"item_purchase_floors":[21,28,28],"current_hp_per_floor":[74,63,63,56,45,50,50,58,58,64,70,63,82,77,77,82,82,82,82,82,82,82,81,81,82,82,82,82,82,82,82,82,82,82,82,82,77,77,82,82,82,92,92,92,92,84,92,92,92,70,92],"gold":374,"neow_bonus":"TEN_PERCENT_HP_BONUS","is_daily":false,"chose_seed":false,"campfire_upgraded":7,"win_rate":0.0,"timestamp":1609870510,"path_taken":["M","?","?","?","?","E","R","E","T","E","M","M","E","M","R","BOSS","M","?","?","$","M","E","R","E","T","E","$","M","R","M","R","BOSS","M","?","?","$","M","E","R","E","T","E","M","M","?","E","R","BOSS","BOSS"],"items_purchased_type":["Card","Card","Card"],"build_version":"2020-12-22","purchased_purges":3,"victory":true,"max_hp_per_floor":[82,82,82,82,82,82,82,82,82,82,82,82,82,82,82,82,82,82,82,82,82,82,82,82,82,82,82,82,82,82,82,82,82,82,82,82,82,82,82,82,82,92,92,92,92,92,92,92,92,92,92],"card_choices":[{"not_picked":["Sentinel","Wild Strike","Heavy Blade"],"picked":"SKIP","floor":1},{"not_picked":["Juggernaut","Twin Strike"],"picked":"Immolate","floor":6},{"not_picked":["Headbutt","Second Wind"],"picked":"Sword Boomerang","floor":8},{"not_picked":["Armaments","Clothesline","Body Slam"],"picked":"SKIP","floor":10},{"not_picked":["Cleave","Heavy Blade"],"picked":"Inflame+1","floor":11},{"not_picked":["Power Through","Sword Boomerang"],"picked":"Inflame+1","floor":12},{"not_picked":["Body Slam","True Grit","Armaments"],"picked":"SKIP","floor":13},{"not_picked":["Rupture+1","Twin Strike","Corruption+1"],"picked":"SKIP","floor":14},{"not_picked":["Wild Strike","Clash"],"picked":"Shrug It Off","floor":18},{"not_picked":["Pommel Strike","Sword Boomerang","Iron Wave"],"picked":"SKIP","floor":22},{"not_picked":["Heavy Blade","Intimidate","Sword Boomerang"],"picked":"SKIP","floor":23},{"not_picked":["Clash","Thunderclap","Barricade+1"],"picked":"SKIP","floor":25},{"not_picked":["Intimidate","Dark Embrace+1","Wild Strike"],"picked":"SKIP","floor":27},{"not_picked":["Rampage","Sever Soul","Body Slam"],"picked":"SKIP","floor":29},{"not_picked":["Anger","Twin Strike","True Grit"],"picked":"SKIP","floor":31},{"not_picked":["Reaper","Brutality+1"],"picked":"Offering","floor":33},{"not_picked":["Clash+1","Anger","Power Through"],"picked":"SKIP","floor":35},{"not_picked":["Infernal Blade","Headbutt","Thunderclap"],"picked":"SKIP","floor":39},{"not_picked":["Anger+1","Wild Strike+1"],"picked":"Burning Pact","floor":40},{"not_picked":["Exhume","Clash"],"picked":"Flex+1","floor":42},{"not_picked":["Shrug It Off","Twin Strike","Disarm"],"picked":"SKIP","floor":44},{"not_picked":["Spot Weakness+1","Clothesline","Headbutt"],"picked":"SKIP","floor":45},{"not_picked":["Body Slam","Flame Barrier+1"],"picked":"Evolve+1","floor":46},{"not_picked":["Reckless Charge+1","Cleave+1"],"picked":"Offering","floor":47},{"not_picked":["Shockwave","Iron Wave","Fiend Fire"],"picked":"SKIP","floor":48}],"player_experience":894037,"relics_obtained":[{"floor":6,"key":"Bag of Marbles"},{"floor":8,"key":"testmod-CasingShield"},{"floor":9,"key":"Nunchaku"},{"floor":10,"key":"Frozen Egg 2"},{"floor":13,"key":"Whetstone"},{"floor":23,"key":"Happy Flower"},{"floor":25,"key":"Blood Vial"},{"floor":26,"key":"War Paint"},{"floor":27,"key":"testmod-IndustrialRevolution"},{"floor":36,"key":"testmod-BlackFramedGlasses"},{"floor":40,"key":"Ice Cream"},{"floor":42,"key":"Pear"},{"floor":43,"key":"White Beast Statue"},{"floor":44,"key":"Omamori"},{"floor":48,"key":"Eternal Feather"}],"event_choices":[{"damage_healed":0,"gold_gain":0,"player_choice":"Success","damage_taken":11,"relics_obtained":["Sundial"],"max_hp_gain":0,"max_hp_loss":0,"event_name":"Scrap Ooze","floor":2,"gold_loss":0},{"damage_healed":0,"gold_gain":0,"player_choice":"Swap Relic","damage_taken":0,"relics_obtained":["testmod-TestBox"],"max_hp_gain":0,"max_hp_loss":0,"event_name":"给自己的盒子","floor":3,"relics_lost":["testmod-TestBox"],"gold_loss":0},{"cards_removed":["Strike_R"],"damage_healed":0,"gold_gain":0,"player_choice":"Card Removal","damage_taken":7,"max_hp_gain":0,"max_hp_loss":0,"event_name":"Golden Wing","floor":4,"gold_loss":0},{"damage_healed":0,"gold_gain":75,"player_choice":"Gather Gold","damage_taken":11,"max_hp_gain":0,"max_hp_loss":0,"event_name":"World of Goop","floor":5,"gold_loss":0},{"damage_healed":0,"gold_gain":0,"player_choice":"Ignored","damage_taken":0,"max_hp_gain":0,"max_hp_loss":0,"event_name":"The Mausoleum","floor":19,"gold_loss":0},{"damage_healed":0,"gold_gain":0,"player_choice":"Obtain J.A.X.","damage_taken":0,"max_hp_gain":0,"max_hp_loss":0,"event_name":"Drug Dealer","floor":20,"gold_loss":0,"cards_obtained":["J.A.X."]},{"damage_healed":0,"gold_gain":0,"player_choice":"Fight","damage_taken":0,"max_hp_gain":0,"max_hp_loss":0,"event_name":"Mysterious Sphere","floor":36,"gold_loss":0},{"damage_healed":0,"gold_gain":0,"player_choice":"Bought 0 Potions","damage_taken":0,"max_hp_gain":0,"max_hp_loss":0,"event_name":"The Woman in Blue","floor":37,"gold_loss":0}],"is_beta":false,"boss_relics":[{"not_picked":["testmod-KeyOfTheVoid","Tiny House"],"picked":"testmod-Temperance"},{"not_picked":["Snecko Eye","Fusion Hammer"],"picked":"testmod-SaigiyounoYou"}],"items_purged_floors":[21,28,38],"is_endless":false,"potions_floor_spawned":[1,11,13,18,22,27,33,35,39,44,45,46,47,48],"ascension_level":20}}