{"host":"37dk0reb6x0du8wx","time":1609825917,"event":{"mods":["BaseMod","Colored Map","DeckTracker","Minty Spire (QoL Compilation)","Quick Restart","StSLib"],"gold_per_floor":[116,38,38,38,38,38,53,53,53,88,112,62,89,89,89,220,220,234,258,258,2,18,18,46,46,46,46,46,46,23,33,33,138,138,150,176,192,211,36,36,62,78,129,155,184,0,14,25,25,25],"floor_reached":51,"playtime":1373,"items_purged":["Strike_B","Strike_B"],"score":837,"play_id":"e82487e9-26bd-4b73-ad11-1b9888f0db64","local_time":"20210105145157","is_ascension_mode":true,"campfire_choices":[{"floor":6,"key":"REST"},{"data":"Defragment","floor":8,"key":"SMITH"},{"floor":15,"key":"REST"},{"data":"Defragment","floor":23,"key":"SMITH"},{"floor":25,"key":"REST"},{"data":"Electrodynamics","floor":28,"key":"SMITH"},{"data":"Conserve Battery","floor":32,"key":"SMITH"},{"data":"Auto Shields","floor":40,"key":"SMITH"},{"data":"Zap","floor":49,"key":"SMITH"}],"circlet_count":0,"master_deck":["Defend_B","Defend_B+1","Defend_B","Defend_B","Zap+1","Dualcast","Defragment+1","Conserve Battery+1","Ball Lightning","Electrodynamics+1","Auto Shields+1","Leap","Defragment+1","Leap","Bandage Up","Leap","Leap","Ball Lightning+1","BootSequence+1","BootSequence","Conserve Battery+1","Defragment+1","Bandage Up"],"relics":["Cracked Core","NeowsBlessing","Bloody Idol","PreservedInsect","Dead Branch","Centennial Puzzle","Philosopher\u0027s Stone","Membership Card","Tiny Chest","Vajra","Letter Opener","Lantern","Velvet Choker","Bronze Scales","Pear","Boot","MawBank","Lee\u0027s Waffle","Bag of Preparation"],"acts_visited":["Exordium","TheCity","TheBeyond"],"potions_floor_usage":[18,33,50],"damage_taken":[{"damage":0,"enemies":"2 Louse","floor":1,"turns":1},{"damage":0,"enemies":"Jaw Worm","floor":7,"turns":1},{"damage":0,"enemies":"3 Sentries","floor":10,"turns":1},{"damage":0,"enemies":"Small Slimes","floor":11,"turns":3},{"damage":46,"enemies":"Slime Boss","floor":16,"turns":6},{"damage":8,"enemies":"Spheric Guardian","floor":18,"turns":4},{"damage":12,"enemies":"Shell Parasite","floor":19,"turns":5},{"damage":13,"enemies":"Centurion and Healer","floor":22,"turns":5},{"damage":11,"enemies":"Slavers","floor":24,"turns":2},{"damage":7,"enemies":"3 Cultists","floor":31,"turns":3},{"damage":42,"enemies":"Automaton","floor":33,"turns":8},{"damage":12,"enemies":"3 Darklings","floor":35,"turns":3},{"damage":0,"enemies":"3 Shapes","floor":37,"turns":1},{"damage":19,"enemies":"Jaw Worm Horde","floor":38,"turns":2},{"damage":51,"enemies":"Giant Head","floor":41,"turns":9},{"damage":28,"enemies":"Maw","floor":42,"turns":9},{"damage":0,"enemies":"Transient","floor":44,"turns":5},{"damage":1,"enemies":"Jaw Worm Horde","floor":45,"turns":2},{"damage":27,"enemies":"Spire Growth","floor":47,"turns":5},{"damage":0,"enemies":"3 Darklings","floor":48,"turns":2},{"damage":32,"enemies":"Donu and Deca","floor":50,"turns":6}],"seed_played":"-5220986519708660747","potions_obtained":[{"floor":7,"key":"DuplicationPotion"},{"floor":10,"key":"SpeedPotion"},{"floor":11,"key":"ColorlessPotion"},{"floor":22,"key":"FairyPotion"},{"floor":33,"key":"Explosive Potion"},{"floor":44,"key":"DistilledChaos"}],"is_trial":false,"path_per_floor":["M","$","?","?","?","R","M","R","T","E","M","?","T","?","R","B",null,"M","M","?","$","M","R","E","R","T","?","R","?","$","M","R","B",null,"M","T","M","M","$","R","E","M","T","M","M","$","M","M","R","B",null],"character_chosen":"DEFECT","items_purchased":["Defragment","Membership Card","Tiny Chest","Leap","Pear","Lee\u0027s Waffle","Bandage Up","Bag of Preparation"],"campfire_rested":3,"item_purchase_floors":[2,21,21,30,39,46,46,46],"current_hp_per_floor":[75,75,57,42,35,57,57,57,57,57,57,57,57,57,75,29,75,67,55,55,55,47,47,41,63,63,63,63,63,63,65,65,32,75,68,73,75,65,75,75,33,14,19,33,46,92,74,83,83,59],"gold":25,"neow_bonus":"THREE_ENEMY_KILL","is_daily":false,"chose_seed":false,"campfire_upgraded":6,"win_rate":0.0,"timestamp":1609825917,"path_taken":["M","$","?","?","?","R","M","R","T","E","M","?","?","?","R","BOSS","M","?","?","$","M","R","E","R","T","?","R","?","$","?","R","BOSS","M","?","M","?","$","R","E","M","T","M","M","$","M","M","R","BOSS"],"items_purchased_type":["Card","Relic","Relic","Card","Relic","Relic","Card","Relic"],"build_version":"2020-12-22","purchased_purges":2,"victory":true,"max_hp_per_floor":[75,75,75,75,75,75,75,75,75,75,75,75,75,75,75,75,75,75,75,75,75,75,75,75,75,75,75,75,75,75,75,75,75,75,75,75,75,75,85,85,85,85,85,85,85,92,92,92,92,92],"card_choices":[{"not_picked":["Go for the Eyes","Hologram","Steam"],"picked":"SKIP","floor":1},{"not_picked":["Scrape","Turbo","Rip and Tear"],"picked":"SKIP","floor":7},{"not_picked":["Turbo","Storm"],"picked":"Conserve Battery","floor":10},{"not_picked":["Self Repair","Steam"],"picked":"Ball Lightning","floor":11},{"not_picked":["Seek","Amplify"],"picked":"Electrodynamics","floor":16},{"not_picked":["Sweeping Beam","Compile Driver"],"picked":"Auto Shields","floor":18},{"not_picked":["Streamline+1","Sweeping Beam+1"],"picked":"Leap","floor":19},{"not_picked":["Aggregate+1","Self Repair"],"picked":"Defragment","floor":22},{"not_picked":["Darkness","Compile Driver"],"picked":"Leap","floor":24},{"not_picked":["Hologram","FTL","Blizzard"],"picked":"SKIP","floor":31},{"not_picked":["Coolheaded+1","Aggregate+1"],"picked":"Ball Lightning+1","floor":35},{"not_picked":["Redo+1","Blizzard"],"picked":"BootSequence+1","floor":37},{"not_picked":["Turbo","Sunder+1"],"picked":"BootSequence","floor":38},{"not_picked":["Turbo+1","Force Field","Reprogram+1"],"picked":"SKIP","floor":41},{"not_picked":["Beam Cell","Cold Snap+1"],"picked":"Conserve Battery+1","floor":42},{"not_picked":["Rip and Tear+1","Undo","Turbo+1"],"picked":"SKIP","floor":44},{"not_picked":["Redo","Blizzard+1"],"picked":"Defragment+1","floor":45},{"not_picked":["Stack","Compile Driver+1","Hologram"],"picked":"SKIP","floor":47},{"not_picked":["Melter+1","Reboot","Chaos"],"picked":"SKIP","floor":48}],"player_experience":146640,"relics_obtained":[{"floor":9,"key":"PreservedInsect"},{"floor":10,"key":"Dead Branch"},{"floor":13,"key":"Centennial Puzzle"},{"floor":24,"key":"Vajra"},{"floor":26,"key":"Letter Opener"},{"floor":36,"key":"Bronze Scales"},{"floor":41,"key":"Boot"},{"floor":43,"key":"MawBank"}],"event_choices":[{"damage_healed":0,"gold_gain":0,"player_choice":"Take Damage","damage_taken":18,"relics_obtained":["Golden Idol"],"max_hp_gain":0,"max_hp_loss":0,"event_name":"Golden Idol","floor":3,"gold_loss":0},{"damage_healed":0,"gold_gain":0,"player_choice":"Entered Light","damage_taken":15,"max_hp_gain":0,"max_hp_loss":0,"event_name":"Shining Light","floor":4,"gold_loss":0,"cards_upgraded":["Strike_B","Defend_B"]},{"cards_removed":["Strike_B"],"damage_healed":0,"gold_gain":0,"player_choice":"Card Removal","damage_taken":7,"max_hp_gain":0,"max_hp_loss":0,"event_name":"Golden Wing","floor":5,"gold_loss":0},{"cards_removed":["Strike_B"],"damage_healed":0,"gold_gain":0,"player_choice":"Card Removal","damage_taken":0,"max_hp_gain":0,"max_hp_loss":0,"event_name":"The Cleric","floor":12,"gold_loss":50},{"damage_healed":0,"gold_gain":0,"player_choice":"Bought 0 Potions","damage_taken":0,"max_hp_gain":0,"max_hp_loss":0,"event_name":"The Woman in Blue","floor":14,"gold_loss":0},{"damage_healed":0,"gold_gain":0,"player_choice":"Gave Idol","damage_taken":0,"relics_obtained":["Bloody Idol"],"max_hp_gain":0,"max_hp_loss":0,"event_name":"Forgotten Altar","floor":20,"relics_lost":["Golden Idol"],"gold_loss":0},{"damage_healed":0,"gold_gain":0,"player_choice":"Opened","damage_taken":0,"relics_obtained":["Lantern"],"max_hp_gain":0,"max_hp_loss":0,"event_name":"The Mausoleum","floor":27,"gold_loss":0},{"damage_healed":0,"gold_gain":0,"player_choice":"2 cards matched","damage_taken":0,"max_hp_gain":0,"max_hp_loss":0,"event_name":"Match and Keep!","floor":29,"gold_loss":0,"cards_obtained":["Bandage Up","Leap"]}],"is_beta":false,"boss_relics":[{"not_picked":["Ectoplasm","SacredBark"],"picked":"Philosopher\u0027s Stone"},{"not_picked":["Fusion Hammer","SlaversCollar"],"picked":"Velvet Choker"}],"items_purged_floors":[21,39],"is_endless":false,"potions_floor_spawned":[7,10,11,22,33,37,42,44,47,48],"ascension_level":2}}