{"host":"q387i5o1hp66091u","time":1609829180,"event":{"mods":["2.2 Compatiblity","BaseMod","Minty Spire (QoL Compilation)","Rare Cards Sparkle"],"gold_per_floor":[119,130,146,160,171,196,196,224,224,256,256,272,272,77,77,173,173,146,162,176,276,287,317,328,357,381,411,259,275,303,315,315,415,415,428,478,173,188,188,221,201,229,229,264,275,285,320,320,320,320],"floor_reached":51,"playtime":4068,"items_purged":["Strike_G","Strike_G","Regret"],"score":1143,"play_id":"b3e31d9a-8ed8-4d2e-89c2-6077161bb879","local_time":"20210105154620","is_ascension_mode":true,"campfire_choices":[{"data":"Well Laid Plans","floor":7.0,"key":"SMITH"},{"data":"Neutralize","floor":11.0,"key":"SMITH"},{"data":"After Image","floor":15.0,"key":"SMITH"},{"floor":32.0,"key":"REST"},{"floor":49,"key":"REST"}],"circlet_count":0,"master_deck":["Strike_G","Strike_G","Strike_G","Defend_G","Defend_G","Defend_G","Defend_G","Defend_G","Survivor","Neutralize+1","Dagger Spray","Backstab","Well Laid Plans+1","Backstab","Dagger Spray","Deflect","Endless Agony","Poisoned Stab","Distraction","After Image+1","Cloak And Dagger","Bullet Time","Dodge and Roll","Backflip+1","Blade Dance","Finisher","Choke","Backflip","Backflip+1","Bane","Escape Plan","Deflect","Flying Knee","Infinite Blades","Infinite Blades","Adrenaline","Dodge and Roll","Dodge and Roll+1","A Thousand Cuts","Slice","Dodge and Roll","PiercingWail+1","Infinite Blades","Backstab","Normality","Envenom","Deflect","Dagger Throw+1","Slice","Dagger Throw+1","Choke","Flash of Steel"],"relics":["Ring of the Snake","Mango","PreservedInsect","Kunai","Snake Skull","Cursed Key","Smiling Mask","Orichalcum","Oddly Smooth Stone","Mummified Hand","SlaversCollar","Bird Faced Urn","Prayer Wheel","Regal Pillow","Bottled Tornado","Lizard Tail","StrikeDummy"],"acts_visited":["Exordium","TheCity","TheBeyond"],"potions_floor_usage":[],"damage_taken":[{"damage":0.0,"enemies":"Cultist","floor":1.0,"turns":4.0},{"damage":1.0,"enemies":"Small Slimes","floor":2.0,"turns":3.0},{"damage":0.0,"enemies":"2 Louse","floor":3.0,"turns":2.0},{"damage":2.0,"enemies":"2 Fungi Beasts","floor":4.0,"turns":3.0},{"damage":1.0,"enemies":"Exordium Thugs","floor":5.0,"turns":4.0},{"damage":18.0,"enemies":"Gremlin Nob","floor":6.0,"turns":4.0},{"damage":3.0,"enemies":"3 Sentries","floor":8.0,"turns":5.0},{"damage":12.0,"enemies":"Gremlin Nob","floor":10.0,"turns":3.0},{"damage":7.0,"enemies":"Large Slime","floor":12.0,"turns":4.0},{"damage":4.0,"enemies":"The Guardian","floor":16.0,"turns":12.0},{"damage":5.0,"enemies":"2 Thieves","floor":18.0,"turns":5.0},{"damage":0.0,"enemies":"3 Byrds","floor":19.0,"turns":6.0},{"damage":5.0,"enemies":"Centurion and Healer","floor":20.0,"turns":7.0},{"damage":8.0,"enemies":"Sentry and Sphere","floor":22.0,"turns":7.0},{"damage":3.0,"enemies":"Slavers","floor":23.0,"turns":4.0},{"damage":0.0,"enemies":"Cultist and Chosen","floor":24.0,"turns":5.0},{"damage":1.0,"enemies":"Book of Stabbing","floor":25.0,"turns":3.0},{"damage":8.0,"enemies":"Gremlin Leader","floor":27.0,"turns":4.0},{"damage":0.0,"enemies":"3 Cultists","floor":29.0,"turns":5.0},{"damage":0.0,"enemies":"Book of Stabbing","floor":30.0,"turns":4.0},{"damage":15.0,"enemies":"Snecko","floor":31.0,"turns":4.0},{"damage":11.0,"enemies":"Collector","floor":33.0,"turns":16.0},{"damage":1.0,"enemies":"3 Shapes","floor":35.0,"turns":2.0},{"damage":1.0,"enemies":"Mind Bloom Boss Battle","floor":36.0,"turns":9.0},{"damage":0.0,"enemies":"Orb Walker","floor":38.0,"turns":3.0},{"damage":22.0,"enemies":"Nemesis","floor":40.0,"turns":7.0},{"damage":17.0,"enemies":"Giant Head","floor":42.0,"turns":9.0},{"damage":10,"enemies":"Reptomancer","floor":44,"turns":4},{"damage":8,"enemies":"Transient","floor":45,"turns":5},{"damage":28,"enemies":"3 Darklings","floor":46,"turns":4},{"damage":0,"enemies":"Giant Head","floor":47,"turns":7},{"damage":65,"enemies":"Donu and Deca","floor":50,"turns":12}],"seed_played":"-6722306787717662159","potions_obtained":[{"floor":4.0,"key":"PowerPotion"},{"floor":6.0,"key":"Explosive Potion"},{"floor":8.0,"key":"CultistPotion"},{"floor":10.0,"key":"Fruit Juice"},{"floor":12.0,"key":"FairyPotion"},{"floor":19.0,"key":"Ancient Potion"},{"floor":22.0,"key":"DistilledChaos"},{"floor":27.0,"key":"BlessingOfTheForge"},{"floor":29.0,"key":"Weak Potion"},{"floor":33.0,"key":"AttackPotion"},{"floor":41.0,"key":"EssenceOfSteel"},{"floor":42.0,"key":"SteroidPotion"},{"floor":45,"key":"FairyPotion"}],"is_trial":false,"path_per_floor":["M","M","M","M","M","E","R","E","T","E","R","M","?","$","R","B",null,"M","M","M","?","M","E","M","E","T","E","$","M","E","M","R","B",null,"M","?","$","M","?","E","?","E","T","E","M","M","E","?","R","B",null],"character_chosen":"THE_SILENT","items_purchased":["After Image","Cloak And Dagger","Escape Plan","Deflect","A Thousand Cuts","Slice","Dodge and Roll"],"campfire_rested":2,"item_purchase_floors":[14,14,28,28,37,37,37],"current_hp_per_floor":[77,76,76,74,73,69,69,66,66,54,54,47,91,91,91,87,91,86,91,86,86,78,75,75,74,74,66,66,66,66,51,79,68,96,95,94,94,96,91,75,75,70,70,68,66,46,56,56,91,34],"gold":320,"neow_bonus":"TEN_PERCENT_HP_BONUS","is_daily":false,"chose_seed":false,"campfire_upgraded":3,"win_rate":0.0,"timestamp":1609829180,"path_taken":["M","M","?","M","M","E","R","E","T","E","R","M","?","$","R","BOSS","M","M","M","?","M","E","M","E","T","E","$","M","E","?","R","BOSS","M","?","$","M","?","E","?","E","T","E","M","?","E","?","R","BOSS"],"items_purchased_type":["Card","Card","Card","Card","Card","Card","Card"],"build_version":"2020-12-22","purchased_purges":3,"victory":true,"max_hp_per_floor":[77,77,77,77,77,91,91,91,91,91,91,91,91,91,91,91,91,91,96,96,96,96,96,96,96,96,96,96,96,96,96,96,96,96,96,96,96,96,91,91,91,91,91,91,91,91,91,91,91,91],"card_choices":[{"not_picked":["Acrobatics","Dash"],"picked":"Dagger Spray","floor":1.0},{"not_picked":["Accuracy","Quick Slash"],"picked":"Backstab","floor":2.0},{"not_picked":["Underhanded Strike","Tactician"],"picked":"Well Laid Plans","floor":3.0},{"not_picked":["Tactician","Backflip"],"picked":"Backstab","floor":4.0},{"not_picked":["Bouncing Flask","Well Laid Plans"],"picked":"Dagger Spray","floor":5.0},{"not_picked":["Phantasmal Killer","Poisoned Stab"],"picked":"Deflect","floor":6.0},{"not_picked":["Sucker Punch","Reflex"],"picked":"Endless Agony","floor":8.0},{"not_picked":["Outmaneuver","Prepared"],"picked":"Poisoned Stab","floor":10.0},{"not_picked":["Footwork","Dagger Throw"],"picked":"Distraction","floor":12.0},{"not_picked":["Storm of Steel","Night Terror"],"picked":"Bullet Time","floor":16.0},{"not_picked":["Dagger Spray","Eviscerate"],"picked":"Dodge and Roll","floor":18.0},{"not_picked":["Leg Sweep+1","Masterful Stab"],"picked":"Backflip+1","floor":19.0},{"not_picked":["Backflip","Underhanded Strike"],"picked":"Blade Dance","floor":20.0},{"not_picked":["Bane","Expertise"],"picked":"Finisher","floor":22.0},{"not_picked":["PiercingWail","Catalyst"],"picked":"Choke","floor":23.0},{"not_picked":["Dodge and Roll","Deadly Poison"],"picked":"Backflip","floor":24.0},{"not_picked":["Deadly Poison","Deflect"],"picked":"Backflip+1","floor":25.0},{"not_picked":["Night Terror","Grand Finale"],"picked":"Bane","floor":27.0},{"not_picked":["Noxious Fumes","Acrobatics"],"picked":"Flying Knee","floor":29.0},{"not_picked":["Slice","Outmaneuver"],"picked":"Infinite Blades","floor":30.0},{"not_picked":["Acrobatics","Dagger Throw"],"picked":"Infinite Blades","floor":31.0},{"not_picked":["Bullet Time","Die Die Die"],"picked":"Adrenaline","floor":33.0},{"not_picked":["Predator","All Out Attack+1"],"picked":"Dodge and Roll","floor":35.0},{"not_picked":["Poisoned Stab","Dagger Throw"],"picked":"Dodge and Roll+1","floor":36.0},{"not_picked":["Sucker Punch","Heel Hook"],"picked":"PiercingWail+1","floor":38.0},{"not_picked":["Blade Dance","Dagger Spray"],"picked":"Infinite Blades","floor":40.0},{"not_picked":["Tactician","Sucker Punch+1"],"picked":"Backstab","floor":42.0},{"not_picked":["Infinite Blades+1","Dash+1"],"picked":"Envenom","floor":44},{"not_picked":["Tactician","Underhanded Strike"],"picked":"Deflect","floor":45},{"not_picked":["Dodge and Roll","Heel Hook+1"],"picked":"Dagger Throw+1","floor":45},{"not_picked":["Sucker Punch","Skewer+1"],"picked":"Slice","floor":46},{"not_picked":["PiercingWail+1","Bane"],"picked":"Dagger Throw+1","floor":46},{"not_picked":["Night Terror","Escape Plan"],"picked":"Choke","floor":47},{"not_picked":["Good Instincts","Panacea"],"picked":"Flash of Steel","floor":48}],"player_experience":573252,"relics_obtained":[{"floor":6.0,"key":"Mango"},{"floor":8.0,"key":"PreservedInsect"},{"floor":9.0,"key":"Kunai"},{"floor":10.0,"key":"Snake Skull"},{"floor":25.0,"key":"Smiling Mask"},{"floor":26.0,"key":"Orichalcum"},{"floor":27.0,"key":"Oddly Smooth Stone"},{"floor":30.0,"key":"Mummified Hand"},{"floor":36.0,"key":"Bird Faced Urn"},{"floor":40.0,"key":"Prayer Wheel"},{"floor":42.0,"key":"Regal Pillow"},{"floor":43.0,"key":"Bottled Tornado"},{"floor":44,"key":"Lizard Tail"},{"floor":47,"key":"StrikeDummy"}],"event_choices":[{"damage_healed":44.0,"max_hp_gain":0.0,"max_hp_loss":0.0,"gold_gain":0.0,"event_name":"Wheel of Change","player_choice":"Full Heal","floor":13.0,"gold_loss":0.0,"damage_taken":0.0},{"damage_healed":0.0,"max_hp_gain":0.0,"max_hp_loss":0.0,"gold_gain":100.0,"event_name":"Golden Shrine","player_choice":"Pray","floor":21.0,"gold_loss":0.0,"damage_taken":0.0},{"damage_healed":0.0,"max_hp_gain":0.0,"max_hp_loss":0.0,"gold_gain":0.0,"event_name":"MindBloom","player_choice":"Fight","floor":36.0,"gold_loss":0.0,"damage_taken":0.0},{"damage_healed":0.0,"max_hp_gain":0.0,"max_hp_loss":5.0,"gold_gain":0.0,"event_name":"Winding Halls","player_choice":"Max HP","floor":39.0,"gold_loss":0.0,"damage_taken":0.0},{"damage_healed":0.0,"max_hp_gain":0.0,"max_hp_loss":0.0,"gold_gain":0.0,"event_name":"The Woman in Blue","player_choice":"Bought 1 Potion","floor":41.0,"gold_loss":0.0,"damage_taken":0.0},{"damage_healed":0,"gold_gain":0,"player_choice":"Memory 1","damage_taken":0,"max_hp_gain":0,"max_hp_loss":0,"event_name":"SensoryStone","floor":48,"gold_loss":0}],"is_beta":false,"boss_relics":[{"not_picked":["Fusion Hammer","Ring of the Serpent"],"picked":"Cursed Key"},{"not_picked":["Sozu","Velvet Choker"],"picked":"SlaversCollar"}],"items_purged_floors":[14,28,37],"is_endless":false,"potions_floor_spawned":[4,6,8,10,12,19,20,22,24,27,29,33,36,42,45],"ascension_level":4}}