{"host":"00yob6u0fiu7ehgs","time":1609827069,"event":{"mods":["Act Like it!","Arknights The Spire","Art Attack!","BaseMod","Chen","Colored Powertips","Elementarium","Gensokyo","GifTheSpireLib","Infinite Spire","Jorbs\u0027s Wanderer Trilogy","Koishi","Marisa????????","Minty Spire (QoL Compilation)","Rare Cards Sparkle","Reimu??????","Remilia??????","Replay The Spire","StSLib","The Alterego","The Animator","The Cursed","The Forsaken","The Marked","The Servant 0.9.4","Wandering Minibosses","Yakumo Yukari mod"],"gold_per_floor":[112,123,137,137,97,129,147,131,176,190,190,209,243,256,256,354,354,365,365,375,375,375,409,0,26,26,59,19,46,46,46,46,149,149,162,179,89,89,89,89,89],"floor_reached":40,"playtime":2066,"items_purged":[],"score":521,"play_id":"e496ea95-3521-4c79-a6af-b7c736dae2f2","local_time":"20210104231109","is_ascension_mode":true,"campfire_choices":[{"data":"ats:Thorns","floor":11.0,"key":"SMITH"},{"data":"ats:Mental Burst","floor":15.0,"key":"SMITH"},{"data":"ats:Dogmatic Field","floor":32.0,"key":"SMITH"}],"circlet_count":0,"master_deck":["ats:Strike C","ats:Strike S+1","ats:Strike V","ats:Armor Crushing Shot","ats:Defend","ats:Defend","ats:Defend+1","ats:Defend","ats:Emotion Absorption","ats:Automatic Cover","ats:Composite Medical Shells","ats:Thorns+1","infinitespire:Starlight","ats:Childhood Dance","ats:Shell Defense+1","ats:Powerful Strike","ats:Apocalypse","ats:Shell Defense+1","ats:Mental Burst+1","ats:Echo Reverb","ats:Collapsing Strike","ats:Directed Diagnosis","ats:Automatic Cover","ats:Charging Defense","ats:Neurotoxin","ats:Assault Order+1","ats:Dogmatic Field+1","ats:Roar Of Ursus","ats:Magnetic Hammer","Gensokyo:CustomPotion","Gensokyo:Taser"],"relics":["ats:Sanity","PaintedHorse:ReiMu","ats:Originium","ReplayTheSpireMod:Shallot","infinitespire:Broken Mirror","SlaversCollar","Omamori","infinitespire:EmpoweringShard","Replay:Ringing Soul","Darkstone Periapt","infinitespire:Golems Mask","Art of War","Ice Cream"],"acts_visited":["Exordium","Exordium","Gensokyo:Gensokyoer"],"potions_floor_usage":[],"damage_taken":[{"damage":0.0,"enemies":"Small Slimes","floor":1.0,"turns":1.0},{"damage":0.0,"enemies":"Jaw Worm","floor":2.0,"turns":1.0},{"damage":0.0,"enemies":"2 Louse","floor":3.0,"turns":2.0},{"damage":48.0,"enemies":"Lagavulin","floor":6.0,"turns":12.0},{"damage":0.0,"enemies":"Looter","floor":7.0,"turns":4.0},{"damage":6.0,"enemies":"3 Louse","floor":8.0,"turns":8.0},{"damage":8.0,"enemies":"Large Slime","floor":10.0,"turns":8.0},{"damage":8.0,"enemies":"Gremlin Gang","floor":12.0,"turns":8.0},{"damage":18.0,"enemies":"3 Sentries","floor":13.0,"turns":6.0},{"damage":9.0,"enemies":"Exordium Wildlife","floor":14.0,"turns":3.0},{"damage":37.0,"enemies":"Slime Boss","floor":16.0,"turns":12.0},{"damage":9.0,"enemies":"Gensokyo:2_Gloops","floor":18.0,"turns":5.0},{"damage":15.0,"enemies":"Gensokyo:Chomper","floor":20.0,"turns":4.0},{"damage":10.0,"enemies":"Gensokyo:Tenshi","floor":23.0,"turns":3.0},{"damage":37.0,"enemies":"Gensokyo:Reisen","floor":25.0,"turns":7.0},{"damage":2.0,"enemies":"Gensokyo:Tenshi","floor":27.0,"turns":4.0},{"damage":13.0,"enemies":"Gensokyo:Monolith_and_Dog","floor":28.0,"turns":6.0},{"damage":20.0,"enemies":"Gensokyo:Reisen","floor":29.0,"turns":5.0},{"damage":62.0,"enemies":"Gensokyo:Eiki","floor":33.0,"turns":8.0},{"damage":37.0,"enemies":"Gensokyo:3_Boulders","floor":35.0,"turns":6.0},{"damage":33,"enemies":"Gensokyo:AncientGuardian","floor":36,"turns":6}],"seed_played":"3156597608451832183","potions_obtained":[{"floor":6.0,"key":"SpeedPotion"},{"floor":7.0,"key":"Energy Potion"},{"floor":12.0,"key":"Regen Potion"},{"floor":13.0,"key":"PowerPotion"},{"floor":16.0,"key":"PowerPotion"},{"floor":27.0,"key":"Strength Potion"}],"is_trial":false,"path_per_floor":["M","M","M","?","?","E","M","M","T","M","R","M","E","M","R","B",null,"M","?","M","?","?","E","?","E","T","E","M","E","?","T","R","B",null,"M","M","?","?","?","?"],"character_chosen":"DOCTOR_CLASS","items_purchased":[],"campfire_rested":0,"item_purchase_floors":[],"current_hp_per_floor":[72,72,72,53,53,15,15,24,24,29,29,48,63,66,66,59,72,63,63,62,67,67,65,65,48,48,57,63,55,55,55,55,86,86,67,64,67,70,32,0,0],"gold":89,"neow_bonus":"THREE_ENEMY_KILL","is_daily":false,"chose_seed":false,"campfire_upgraded":3,"win_rate":0.0,"timestamp":1609827069,"path_taken":["M","M","M","?","?","E","M","M","T","M","R","M","E","M","R","BOSS","M","?","M","?","?","E","?","E","T","E","M","E","?","?","R","BOSS","BOSS","M","?","?","?","?","?"],"items_purchased_type":[],"build_version":"2020-12-22","purchased_purges":0,"victory":false,"max_hp_per_floor":[72,72,72,72,72,72,72,72,72,72,72,72,72,72,72,72,72,72,72,72,77,71,71,71,74,74,77,80,83,83,83,83,86,86,89,89,92,95,95,95,95],"card_choices":[{"not_picked":["ats:Powerful Strike","ats:Hook Shot"],"picked":"ats:Automatic Cover","floor":1.0},{"not_picked":["ats:Apocalypse","ats:Hammer On"],"picked":"ats:Composite Medical Shells","floor":2.0},{"not_picked":["ats:LN2 Cannon","ats:Thermite Blade"],"picked":"ats:Thorns","floor":3.0},{"not_picked":["infinitespire:Punishment","infinitespire:Collect"],"picked":"infinitespire:Starlight","floor":4.0},{"not_picked":["ats:Neurotoxin","ats:Consecutive Shot Auto"],"picked":"ats:Childhood Dance","floor":6.0},{"not_picked":["ats:Rapid Magazine","ats:Magnetic Hammer"],"picked":"ats:Shell Defense","floor":7.0},{"not_picked":["ats:Assault Order","ats:Leaping Hammer"],"picked":"ats:Powerful Strike","floor":8.0},{"not_picked":["ats:Flexible Camouflage","ats:Steam Pump"],"picked":"ats:Apocalypse","floor":10.0},{"not_picked":["ats:Thermite Blade","ats:Sword Rain"],"picked":"ats:Shell Defense","floor":12.0},{"not_picked":["ats:Hammer On","ats:Flexible Camouflage","ats:Dogmatic Field"],"picked":"SKIP","floor":13.0},{"not_picked":["ats:Consecutive Shot Auto","ats:Poison Spread"],"picked":"ats:Mental Burst","floor":14.0},{"not_picked":["ats:Roar Of Ursus","ats:Disruption Kick"],"picked":"ats:Echo Reverb","floor":16.0},{"not_picked":["ats:Leaping Hammer","ats:Assault Order+1"],"picked":"ats:Collapsing Strike","floor":18.0},{"not_picked":["ats:Hammer On","ats:Childhood Dance"],"picked":"ats:Directed Diagnosis","floor":20.0},{"not_picked":["ats:Magnetic Hammer","ats:Part Time Job+1"],"picked":"ats:Automatic Cover","floor":23.0},{"not_picked":["ats:Roar Of Ursus","ats:Shadow Assault"],"picked":"ats:Charging Defense","floor":25.0},{"not_picked":["ats:Poison Spread","ats:Defend Order+1"],"picked":"ats:Neurotoxin","floor":27.0},{"not_picked":["ats:Powerful Strike","ats:Support Order"],"picked":"ats:Assault Order+1","floor":28.0},{"not_picked":["ats:Leaping Hammer","ats:Revitalization"],"picked":"ats:Dogmatic Field","floor":29.0},{"not_picked":["ats:True Silver Slash","ats:Rat Pack"],"picked":"ats:Roar Of Ursus","floor":33.0},{"not_picked":["ats:Ignite","ats:Apocalypse+1"],"picked":"ats:Magnetic Hammer","floor":35},{"not_picked":["ats:Guardian Obelisk","ats:Consecutive Shot Auto","ats:Hammer On"],"picked":"SKIP","floor":36}],"player_experience":350980,"relics_obtained":[{"floor":6.0,"key":"ats:Originium"},{"floor":6.0,"key":"ReplayTheSpireMod:Shallot"},{"floor":9.0,"key":"Replay:Mystery Machine"},{"floor":13.0,"key":"ats:Originium"},{"floor":13.0,"key":"infinitespire:Broken Mirror"},{"floor":23.0,"key":"ats:Originium"},{"floor":23.0,"key":"infinitespire:EmpoweringShard"},{"floor":25.0,"key":"Replay:Ringing Soul"},{"floor":26.0,"key":"Darkstone Periapt"},{"floor":27.0,"key":"infinitespire:Golems Mask"},{"floor":29.0,"key":"Art of War"}],"event_choices":[{"damage_healed":0.0,"max_hp_gain":0.0,"max_hp_loss":0.0,"gold_gain":0.0,"event_name":"yidonshenshe","player_choice":"Donate","floor":5.0,"gold_loss":40.0,"damage_taken":0.0,"relics_obtained":["PaintedHorse:ReiMu"]}],"is_beta":false,"boss_relics":[{"not_picked":["infinitespire:Cupcake","Replay:Grab Bag"],"picked":"SlaversCollar"},{"not_picked":["Velvet Choker","Replay:Drink Me","Runic Pyramid"]}],"items_purged_floors":[],"is_endless":false,"potions_floor_spawned":[6,7,12,13,16,18,23,25,27,28],"ascension_level":1}}