{"host":"4q6g5wn1adpnm0z5","time":1609852277,"event":{"mods":["2.2 Compatiblity","Aspiration","Astrologer","BaseMod","Hermit","Hubris","Minty Spire (QoL Compilation)","Replay The Spire","StSLib","The Cursed","The Hierophant","The Jungle"],"gold_per_floor":[113,125,125,137,153,153,178,191,191,201,216,248,248,277,277,352,352,364,364,391,403,69,111,111,153,234,246,246,275,292,325,325,396,396,431,451,473,491,517,517,517],"floor_reached":40,"playtime":2390,"items_purged":["Strike_R"],"score":1095,"play_id":"26ed9057-b22c-4a19-aed4-3c1f742fd6b5","local_time":"20210105141117","daily_mods":["Allstar","Blue Cards","Night Terrors"],"is_ascension_mode":true,"campfire_choices":[{"data":"Perfected Strike","floor":6.0,"key":"SMITH"},{"data":"Trip","floor":15.0,"key":"SMITH"},{"floor":28.0,"key":"REST"},{"data":"Flame Barrier","floor":32.0,"key":"SMITH"}],"circlet_count":0,"master_deck":["AscendersBane","Strike_R","Strike_R","Strike_R","Strike_R","Defend_R","Defend_R","Defend_R","Bash","Thinking Ahead","Bandage Up","Trip+1","Good Instincts","Discovery","Ghostly Armor+1","Flame Barrier+1","Machine Learning","Sweeping Beam","Perfected Strike+1","FTL","Twin Strike","Rage+1","Shrug It Off","Replay:Undeath\u0027s Touch+1","Shockwave+1","ReplayTheSpireMod:Limb From Limb","Dropkick"],"relics":["Burning Blood","MealTicket","aspiration:HiddenCompartment","Bird Faced Urn","CeramicFish","Painkiller Herb","Mummified Hand","Gremlin Food","StoneCalendar","Replay:Ringing Soul","Anchor","Tiny Chest","Prayer Wheel","Sozu"],"acts_visited":["Exordium","TheCity","TheBeyond"],"potions_floor_usage":[],"damage_taken":[{"damage":0.0,"enemies":"Small Slimes","floor":1.0,"turns":3.0},{"damage":0.0,"enemies":"Cultist","floor":2.0,"turns":3.0},{"damage":1.0,"enemies":"Jaw Worm","floor":4.0,"turns":3.0},{"damage":0.0,"enemies":"Looter","floor":5.0,"turns":5.0},{"damage":19.0,"enemies":"Lagavulin","floor":7.0,"turns":7.0},{"damage":3.0,"enemies":"2 Fungi Beasts","floor":8.0,"turns":3.0},{"damage":3.0,"enemies":"3 Louse","floor":10.0,"turns":2.0},{"damage":2.0,"enemies":"Gremlin Gang","floor":11.0,"turns":5.0},{"damage":16.0,"enemies":"Gremlin Nob","floor":12.0,"turns":4.0},{"damage":1.0,"enemies":"Replay:BlueRogue","floor":14.0,"turns":6.0},{"damage":40.0,"enemies":"Hexaghost","floor":16.0,"turns":11.0},{"damage":16.0,"enemies":"Spheric Guardian","floor":18.0,"turns":4.0},{"damage":2.0,"enemies":"Chosen","floor":20.0,"turns":4.0},{"damage":20.0,"enemies":"Snake Plant","floor":21.0,"turns":3.0},{"damage":37.0,"enemies":"Gremlin Leader","floor":23.0,"turns":9.0},{"damage":24.0,"enemies":"Replay:Snechameleon","floor":25.0,"turns":6.0},{"damage":21.0,"enemies":"Sentry and Sphere","floor":27.0,"turns":7.0},{"damage":25.0,"enemies":"Gremlin Leader","floor":29.0,"turns":6.0},{"damage":5.0,"enemies":"Snecko","floor":30.0,"turns":4.0},{"damage":18.0,"enemies":"Book of Stabbing","floor":31.0,"turns":5.0},{"damage":42.0,"enemies":"Pondfish","floor":33.0,"turns":12.0},{"damage":4.0,"enemies":"Orb Walker","floor":35.0,"turns":3.0},{"damage":7.0,"enemies":"3 Darklings","floor":36.0,"turns":7.0},{"damage":8.0,"enemies":"Transient","floor":37.0,"turns":5.0},{"damage":0.0,"enemies":"4 Shapes","floor":38.0,"turns":4.0},{"damage":37.0,"enemies":"Spire Growth","floor":39.0,"turns":5.0},{"damage":79,"enemies":"Nemesis","floor":40,"turns":6}],"seed_played":"-2539409649576280218","potions_obtained":[{"floor":1.0,"key":"BloodPotion"},{"floor":2.0,"key":"EssenceOfSteel"},{"floor":7.0,"key":"Energy Potion"},{"floor":10.0,"key":"SkillPotion"},{"floor":18.0,"key":"ColorlessPotion"},{"floor":21.0,"key":"Block Potion"},{"floor":27.0,"key":"Fire Potion"},{"floor":29.0,"key":"Explosive Potion"}],"is_trial":true,"path_per_floor":["M","M","?","M","M","R","E","M","T","M","M","E","?","E","R","B",null,"?","?","?","?","T","E","?","E","T","?","T","E","?","E","T","B",null,"?","?","?","?","?","E"],"character_chosen":"IRONCLAD","items_purchased":["Mummified Hand"],"campfire_rested":1,"item_purchase_floors":[22],"current_hp_per_floor":[75,75,75,75,75,75,75,75,75,75,75,65,73,75,75,41,67,61,61,71,57,72,44,44,32,32,23,70,51,58,52,52,22,58,67,73,75,76,48,0,0],"gold":517,"neow_bonus":"","is_daily":false,"chose_seed":false,"campfire_upgraded":3,"win_rate":0.0,"timestamp":1609852277,"path_taken":["M","M","?","M","M","R","E","?","T","M","?","E","?","E","R","BOSS","?","?","?","?","T","E","?","E","T","?","T","E","?","E","T","BOSS","?","?","?","?","?","E"],"items_purchased_type":["Relic"],"build_version":"2020-12-22","purchased_purges":1,"victory":false,"max_hp_per_floor":[75,75,75,75,75,75,75,75,75,75,75,75,75,75,75,75,75,75,75,75,75,75,75,75,75,75,75,70,70,70,70,70,70,70,73,73,76,76,79,79,79],"card_choices":[{"not_picked":["Wild Strike","Stack"],"picked":"Ghostly Armor","floor":1.0},{"not_picked":["Flex","Headbutt"],"picked":"Flame Barrier","floor":2.0},{"not_picked":["Reckless Charge","White Noise"],"picked":"Sweeping Beam","floor":4.0},{"not_picked":["Dark Embrace","Gash"],"picked":"Perfected Strike","floor":5.0},{"not_picked":["Panic Button","Hyperbeam","Steam"],"picked":"SKIP","floor":7.0},{"not_picked":["Panic Button","Hyperbeam","Steam"],"picked":"SKIP","floor":7.0},{"not_picked":["aspiration:Polymerization","ReplayTheSpireMod:GoodbyeWorld","Armaments"],"picked":"SKIP","floor":8.0},{"not_picked":["Ball Lightning","Heavy Blade","Wild Strike"],"picked":"SKIP","floor":10.0},{"not_picked":["Darkness","Armaments","Perfected Strike"],"picked":"SKIP","floor":11.0},{"not_picked":["ReplayTheSpireMod:Stacked","Clothesline"],"picked":"FTL","floor":12.0},{"not_picked":["Recycle","Second Wind","Havoc"],"picked":"SKIP","floor":14.0},{"not_picked":["Streamline","Sever Soul","True Grit"],"picked":"SKIP","floor":18.0},{"not_picked":["Barrage","Whirlwind"],"picked":"Twin Strike","floor":20.0},{"not_picked":["ReplayTheSpireMod:Strike From Hell+1","Warcry","Thunderclap+1"],"picked":"SKIP","floor":21.0},{"not_picked":["Barrage","Warcry"],"picked":"Rage","floor":23.0},{"not_picked":["Heavy Blade+1","Body Slam"],"picked":"Shrug It Off","floor":25.0},{"not_picked":["Whirlwind","Wild Strike","Shrug It Off"],"picked":"SKIP","floor":27.0},{"not_picked":["BootSequence","Rebound+1","Hologram"],"picked":"SKIP","floor":29.0},{"not_picked":["Turbo","Blood for Blood","Compile Driver"],"picked":"SKIP","floor":30.0},{"not_picked":["Rebound+1","BasicCrystalCard","Lockon"],"picked":"SKIP","floor":31.0},{"not_picked":["Clothesline","Heavy Blade"],"picked":"Replay:Undeath\u0027s Touch+1","floor":35.0},{"not_picked":["Warcry","BasicCrystalCard"],"picked":"Shockwave+1","floor":35.0},{"not_picked":["Iron Wave","Twin Strike+1","Barrage"],"picked":"SKIP","floor":36.0},{"not_picked":["Cleave","Wild Strike+1","True Grit"],"picked":"SKIP","floor":36.0},{"not_picked":["Disarm","ReplayTheSpireMod:System Scan"],"picked":"ReplayTheSpireMod:Limb From Limb","floor":37.0},{"not_picked":["Coolheaded","BasicCrystalCard","ReplaySort"],"picked":"SKIP","floor":37.0},{"not_picked":["Compile Driver","Shockwave","Rampage"],"picked":"SKIP","floor":38.0},{"not_picked":["Cold Snap","Darkness","Iron Wave"],"picked":"SKIP","floor":38.0},{"not_picked":["Scrape","Disarm"],"picked":"Dropkick","floor":39.0},{"not_picked":["ReplayTheSpireMod:GoodbyeWorld","Massacre","Entrench"],"picked":"SKIP","floor":39.0}],"player_experience":2378988,"relics_obtained":[{"floor":7.0,"key":"MealTicket"},{"floor":9.0,"key":"aspiration:HiddenCompartment"},{"floor":12.0,"key":"Bird Faced Urn"},{"floor":14.0,"key":"CeramicFish"},{"floor":23.0,"key":"Gremlin Food"},{"floor":25.0,"key":"StoneCalendar"},{"floor":26.0,"key":"Replay:Ringing Soul"},{"floor":29.0,"key":"Anchor"},{"floor":31.0,"key":"Tiny Chest"}],"event_choices":[{"damage_healed":0.0,"max_hp_gain":0.0,"max_hp_loss":0.0,"gold_gain":0.0,"cards_transformed":["Defend_R"],"event_name":"Transmorgrifier","player_choice":"Transformed","floor":3.0,"gold_loss":0.0,"damage_taken":0.0,"cards_obtained":["Machine Learning"]},{"damage_healed":0.0,"max_hp_gain":0.0,"max_hp_loss":0.0,"gold_gain":0.0,"event_name":"Vampires","player_choice":"Ignored","floor":19.0,"gold_loss":0.0,"damage_taken":0.0},{"damage_healed":0.0,"max_hp_gain":0.0,"max_hp_loss":0.0,"gold_gain":0.0,"event_name":"Upgrade Shrine","player_choice":"Upgraded","floor":24.0,"gold_loss":0.0,"damage_taken":0.0,"cards_upgraded":["Rage"]}],"is_beta":false,"boss_relics":[{"not_picked":["hubris:CrackedHourglass","aspiration:SecretTechniqueScroll"],"picked":"Painkiller Herb"},{"not_picked":["SacredBark","Velvet Choker"],"picked":"Sozu"}],"items_purged_floors":[22],"is_endless":false,"potions_floor_spawned":[1,2,7,8,10,11,14,18,21,27,29,36,38,39],"killed_by":"Nemesis","ascension_level":14}}