{"host":"8rqsnaeml9gxb0kp","time":1611451610,"event":{"mods":["AchievementEnabler","BaseMod","Dark Map","Minty Spire (QoL Compilation)","StSLib"],"gold_per_floor":[117,134,152,168,188,222,234,279,291,303,335,365,377,402,414,522,534,561,586,61,61,16,35,35,35,35,63,63,63,63,63,63,63,63],"floor_reached":33,"language":"ENG","playtime":1827,"items_purged":[],"score":427,"play_id":"03af658d-dca9-40fc-af8b-3f285f64ffcc","local_time":"20210123172650","is_ascension_mode":true,"campfire_choices":[{"floor":10,"key":"REST"},{"floor":13,"key":"REST"},{"data":"Armaments","floor":15,"key":"SMITH"},{"data":"Shockwave","floor":24,"key":"SMITH"},{"data":"Power Through","floor":28,"key":"SMITH"},{"data":"Power Through","floor":32,"key":"SMITH"}],"circlet_count":0,"master_deck":["Bash","Armaments+1","Iron Wave","Anger","Cleave","Perfected Strike","Metallicize","Pommel Strike+1","Thunderclap+1","Headbutt+1","Pommel Strike+1","Reaper+1","Power Through+1","Shockwave+1","Sentinel","Body Slam+1","Twin Strike+1","Dark Embrace","Dark Embrace","Wild Strike+1","Intimidate","Shrug It Off","Shockwave+1","Pommel Strike+1","Power Through+1","Bite+1","Bite+1","Bite+1","Bite+1","Bite+1","Clothesline+1","Headbutt+1","Wild Strike+1"],"relics":["Burning Blood","MawBank","Molten Egg 2","Toy Ornithopter","Pandora\u0027s Box","Pantograph","Centennial Puzzle","Juzu Bracelet","MealTicket","Enchiridion"],"acts_visited":["Exordium","TheCity"],"potions_floor_usage":[12,16,33,33],"damage_taken":[{"damage":14,"enemies":"Small Slimes","floor":1,"turns":5},{"damage":1,"enemies":"Cultist","floor":2,"turns":3},{"damage":1,"enemies":"Jaw Worm","floor":3,"turns":6},{"damage":19,"enemies":"3 Louse","floor":4,"turns":4},{"damage":6,"enemies":"2 Fungi Beasts","floor":5,"turns":3},{"damage":40,"enemies":"3 Sentries","floor":6,"turns":9},{"damage":33,"enemies":"Gremlin Nob","floor":8,"turns":5},{"damage":20,"enemies":"Large Slime","floor":11,"turns":4},{"damage":6,"enemies":"Lots of Slimes","floor":12,"turns":3},{"damage":10,"enemies":"Looter","floor":14,"turns":3},{"damage":33,"enemies":"Slime Boss","floor":16,"turns":10},{"damage":24,"enemies":"Shell Parasite","floor":18,"turns":6},{"damage":13,"enemies":"Spheric Guardian","floor":19,"turns":3},{"damage":22,"enemies":"Centurion and Healer","floor":23,"turns":10},{"damage":31,"enemies":"Book of Stabbing","floor":27,"turns":7},{"damage":103,"enemies":"Automaton","floor":33,"turns":12}],"seed_played":"-7623758125646589478","potions_obtained":[{"floor":3,"key":"SmokeBomb"},{"floor":5,"key":"Ancient Potion"},{"floor":6,"key":"PowerPotion"},{"floor":8,"key":"Block Potion"},{"floor":11,"key":"CultistPotion"},{"floor":18,"key":"BlessingOfTheForge"},{"floor":27,"key":"FearPotion"}],"is_trial":false,"path_per_floor":["M","M","M","M","M","E","?","E","T","R","M","M","R","M","R","B",null,"M","M","$","?","$","M","R","?","T","E","R","?","?","$","R","B"],"character_chosen":"IRONCLAD","items_purchased":["Pommel Strike+1","Power Through","Pantograph","Centennial Puzzle","Clothesline+1"],"campfire_rested":2,"item_purchase_floors":[20,20,20,20,22],"current_hp_per_floor":[72,77,82,69,69,35,35,8,8,34,20,25,51,47,47,25,72,54,47,47,47,47,61,61,61,61,45,45,45,29,44,44,0,0],"gold":63,"neow_bonus":"TEN_PERCENT_HP_BONUS","is_daily":false,"chose_seed":false,"campfire_upgraded":4,"win_rate":0.0,"timestamp":1611451610,"path_taken":["M","M","M","M","M","E","?","E","T","R","M","M","R","M","R","BOSS","M","?","$","?","$","M","R","?","T","E","R","?","?","$","R","BOSS"],"items_purchased_type":["Card","Card","Relic","Relic","Card"],"build_version":"2020-12-22","purchased_purges":0,"victory":false,"max_hp_per_floor":[88,88,88,88,88,88,88,88,88,88,88,88,88,88,88,88,88,88,88,88,61,61,61,61,61,61,61,61,61,61,61,61,61,61],"card_choices":[{"not_picked":["Feel No Pain","Body Slam"],"picked":"Armaments","floor":1},{"not_picked":["Perfected Strike","Clash"],"picked":"Iron Wave","floor":2},{"not_picked":["Sentinel","Shrug It Off"],"picked":"Anger","floor":3},{"not_picked":["Dark Embrace","Evolve"],"picked":"Cleave","floor":4},{"not_picked":["Heavy Blade","Armaments"],"picked":"Perfected Strike","floor":5},{"not_picked":["Heavy Blade","Infernal Blade"],"picked":"Metallicize","floor":6},{"not_picked":["Blood for Blood+1","True Grit"],"picked":"Pommel Strike+1","floor":8},{"not_picked":["Reckless Charge+1","Anger+1"],"picked":"Thunderclap+1","floor":11},{"not_picked":["Heavy Blade+1","Armaments"],"picked":"Headbutt+1","floor":12},{"not_picked":["Impervious","Warcry"],"picked":"Pommel Strike+1","floor":14},{"not_picked":["Barricade","Limit Break"],"picked":"Reaper+1","floor":16},{"not_picked":["Dark Embrace","Ghostly Armor"],"picked":"Shrug It Off","floor":18},{"not_picked":["Wild Strike+1","Thunderclap+1"],"picked":"Shockwave+1","floor":19},{"not_picked":["Body Slam+1","Perfected Strike+1"],"picked":"Headbutt+1","floor":23},{"not_picked":["Corruption","Body Slam+1"],"picked":"Wild Strike+1","floor":27}],"player_experience":125141,"relics_obtained":[{"floor":6,"key":"MawBank"},{"floor":8,"key":"Molten Egg 2"},{"floor":9,"key":"Toy Ornithopter"},{"floor":26,"key":"Juzu Bracelet"},{"floor":27,"key":"MealTicket"},{"floor":30,"key":"Enchiridion"}],"event_choices":[{"damage_healed":0,"gold_gain":0,"player_choice":"Cursed","damage_taken":0,"max_hp_gain":0,"max_hp_loss":0,"event_name":"Wheel of Change","floor":7,"gold_loss":0,"cards_obtained":["Decay"]},{"damage_healed":0,"gold_gain":0,"player_choice":"Became a vampire","damage_taken":0,"max_hp_gain":0,"max_hp_loss":27,"event_name":"Vampires","floor":21,"gold_loss":0,"cards_obtained":["Bite","Bite","Bite","Bite","Bite"]},{"damage_healed":0,"gold_gain":0,"player_choice":"Ignored","damage_taken":0,"max_hp_gain":0,"max_hp_loss":0,"event_name":"Ghosts","floor":25,"gold_loss":0},{"cards_removed":["Decay"],"damage_healed":0,"gold_gain":0,"player_choice":"Elegance","damage_taken":0,"max_hp_gain":0,"max_hp_loss":0,"event_name":"Back to Basics","floor":29,"gold_loss":0},{"damage_healed":0,"gold_gain":0,"player_choice":"Obtained Book","damage_taken":16,"max_hp_gain":0,"max_hp_loss":0,"event_name":"Cursed Tome","floor":30,"gold_loss":0}],"is_beta":false,"boss_relics":[{"not_picked":["Tiny House","SlaversCollar"],"picked":"Pandora\u0027s Box"}],"items_purged_floors":[],"is_endless":false,"potions_floor_spawned":[3,5,6,8,11,18,27],"killed_by":"Automaton","ascension_level":9}}