{"host":"1zjc08c6hob33401","time":1611509688,"event":{"mods":["AchievementEnabler","Act Like it!","Aspiration","BaseMod","Downfall","Elementarium","Energized Spire","Evolution","Friendly Minions","Gensokyo","GifTheSpireLib","Hubris","Infinite Spire","Jedi Mod","Menagerie","Minty Spire (QoL Compilation)","Pale of the Ancients","Quick Restart","Replay The Spire","Retaliation","Shop Mod","Spire Arcade","StS++","StSLib","Stuff the Spire","The Blue Laboratory","Wandering Minibosses","vexMod","??????REMEMod"],"gold_per_floor":[116,116,45,61,77,77,104,104,104,104,123,155,155,155,155,232,232,243,168,168,186,204,204,235,235,284,319,337,337,337,337],"floor_reached":30,"language":"RUS","playtime":1579,"items_purged":["hubris:Prefetch"],"score":597,"play_id":"3c82d3fe-8013-415d-83eb-4122f55fdbbe","local_time":"20210124193448","is_ascension_mode":true,"campfire_choices":[{"data":"Barricade","floor":6.0,"key":"SMITH"},{"data":"Fission","floor":8.0,"key":"SMITH"},{"data":"Hyperbeam","floor":13.0,"key":"SMITH"},{"data":"Reboot","floor":23.0,"key":"SMITH"},{"floor":25,"key":"REST"}],"circlet_count":0,"master_deck":["AscendersBane","Strike_B","Strike_B","Strike_B","Strike_B","Defend_B","Defend_B","Defend_B","Defend_B","Zap","Dualcast","Barricade+1","Fission+1","BootSequence","Cold Snap","Ball Lightning","Leap+1","Hyperbeam+1","Steam Power","Scrape","Barrage","jedi:BurstLightning","Toxin Wave","jedi:reiji","ReplayTheSpireMod:GoodbyeWorld","Redo","Bane","Reboot+1","jedi:studyshivs","BasicCrystalCard","Consume","Coolheaded","StSpp:ChainedTrap","Darkness","Barrage","Ball Lightning","StuffTheSpire:BumpUp","Scrape","Auto Shields","ReplaySort","Prepared","Conserve Battery","Compile Driver","Sunder","Flying Knee","Coolheaded","Skim","StSpp:Fierceness","StSpp:Dive","Conserve Battery","FIFO Queue","Reboot","ReplayTheSpireMod:Speed Training"],"relics":["Cracked Core","EVO:Axolotl","REME_ComplimentaryCards","REME_IWantAll","hubris:DisguiseKit","REME_HourglassOfDeath","energizedSpire:NeverEndingSparkler","StuffTheSpire:ForceGauntlet","aspiration:EnhancedActuators","infinitespire:Freezer","hubris:Icosahedron"],"acts_visited":["Exordium","TheCity"],"potions_floor_usage":[28],"damage_taken":[{"damage":9.0,"enemies":"Jaw Worm","floor":1.0,"turns":3.0},{"damage":4.0,"enemies":"Small Slimes","floor":4.0,"turns":6.0},{"damage":0.0,"enemies":"Cultist","floor":5.0,"turns":3.0},{"damage":19.0,"enemies":"Lagavulin","floor":7.0,"turns":8.0},{"damage":0.0,"enemies":"3 Louse","floor":11.0,"turns":2.0},{"damage":17.0,"enemies":"Gremlin Nob","floor":12.0,"turns":5.0},{"damage":13.0,"enemies":"The Guardian","floor":16.0,"turns":11.0},{"damage":22.0,"enemies":"2 Thieves","floor":18.0,"turns":3.0},{"damage":1.0,"enemies":"3 Byrds","floor":21.0,"turns":6.0},{"damage":39.0,"enemies":"Cultist and Chosen","floor":22.0,"turns":6.0},{"damage":65,"enemies":"REME_1_Revenger","floor":24,"turns":9},{"damage":28,"enemies":"Slavers","floor":27,"turns":3},{"damage":18,"enemies":"Shelled Parasite and Fungi","floor":28,"turns":3},{"damage":9,"enemies":"Gremlin Leader","floor":30,"turns":1}],"seed_played":"9023315233852856751","potions_obtained":[{"floor":5.0,"key":"StSpp:SecondWindPotion"},{"floor":11.0,"key":"blueLaboratory:StoneskinPotion"},{"floor":12.0,"key":"blueLaboratory:CoolantVial"},{"floor":24,"key":"blueLaboratory:TeslaPotion"},{"floor":28,"key":"jedi:wingpotion"}],"is_trial":false,"path_per_floor":["M","?","?","M","M","R","E","R","T","?","M","E","R","?","R","B",null,"M","$","?","M","M","R","E","R","T","E","M","?","E"],"character_chosen":"DEFECT","items_purchased":[],"campfire_rested":1,"item_purchase_floors":[],"current_hp_per_floor":[55,60,60,56,56,56,40,40,40,40,44,31,31,31,57,48,80,62,62,105,108,73,73,12,47,47,23,9,9,0,0],"gold":337,"neow_bonus":"ONE_RANDOM_RARE_CARD","is_daily":false,"chose_seed":false,"campfire_upgraded":4,"win_rate":0.0,"timestamp":1611509688,"path_taken":["M","?","?","M","M","R","E","R","T","?","?","E","R","?","R","BOSS","M","$","?","?","M","R","E","R","T","E","M","?","E"],"items_purchased_type":[],"build_version":"2020-12-22","purchased_purges":1,"victory":false,"max_hp_per_floor":[71,76,76,76,76,76,79,79,79,79,83,87,87,87,87,91,91,95,95,105,109,113,113,117,117,117,121,125,125,125,125],"card_choices":[{"not_picked":["StuffTheSpire:LoadUp","StuffTheSpire:Plugnplay"],"picked":"BootSequence","floor":1.0},{"not_picked":["Tempest","jedi:blockon"],"picked":"Cold Snap","floor":4.0},{"not_picked":["BasicCrystalCard","Rebound"],"picked":"Ball Lightning","floor":5.0},{"not_picked":["Leap","Hyperbeam","Steam Power"],"picked":"Singing Bowl","floor":7.0},{"not_picked":["Scrape","Barrage","jedi:BurstLightning","Toxin Wave"],"picked":"Singing Bowl","floor":11.0},{"not_picked":["jedi:reiji","ReplayTheSpireMod:GoodbyeWorld","Redo","Bane"],"picked":"Singing Bowl","floor":12.0},{"not_picked":["Reboot","Fission","hubris:Prefetch","jedi:studyshivs"],"picked":"Singing Bowl","floor":16.0},{"not_picked":["BasicCrystalCard","Consume","Coolheaded","StSpp:ChainedTrap"],"picked":"Singing Bowl","floor":18.0},{"not_picked":["Darkness","Barrage","Ball Lightning","StuffTheSpire:BumpUp"],"picked":"Singing Bowl","floor":21.0},{"not_picked":["Scrape","Auto Shields","ReplaySort","Prepared"],"picked":"Singing Bowl","floor":22.0},{"not_picked":["Conserve Battery","Compile Driver","Sunder","Flying Knee"],"picked":"Singing Bowl","floor":24},{"not_picked":["Coolheaded","Skim","StSpp:Fierceness","StSpp:Dive"],"picked":"Singing Bowl","floor":27},{"not_picked":["Conserve Battery","FIFO Queue","Reboot","ReplayTheSpireMod:Speed Training"],"picked":"Singing Bowl","floor":28}],"player_experience":678528,"relics_obtained":[{"floor":7.0,"key":"REME_IWantAll"},{"floor":9.0,"key":"hubris:DisguiseKit"},{"floor":12.0,"key":"REME_HourglassOfDeath"},{"floor":24,"key":"StuffTheSpire:ForceGauntlet"},{"floor":26,"key":"aspiration:EnhancedActuators"},{"floor":27,"key":"infinitespire:Freezer"}],"event_choices":[{"damage_healed":0.0,"max_hp_gain":5.0,"max_hp_loss":0.0,"gold_gain":0.0,"event_name":"Big Fish","player_choice":"Donut","floor":2.0,"gold_loss":0.0,"damage_taken":0.0},{"damage_healed":0.0,"max_hp_gain":0.0,"max_hp_loss":0.0,"gold_gain":0.0,"event_name":"World of Goop","player_choice":"Left Gold","floor":3.0,"gold_loss":71.0,"damage_taken":0.0},{"damage_healed":0.0,"max_hp_gain":0.0,"max_hp_loss":0.0,"gold_gain":0.0,"event_name":"Scrap Ooze","player_choice":"Fled","floor":10.0,"gold_loss":0.0,"damage_taken":0.0},{"damage_healed":0.0,"max_hp_gain":0.0,"max_hp_loss":0.0,"gold_gain":0.0,"event_name":"Dead Adventurer","player_choice":"Searched \u00270\u0027 times","floor":14.0,"gold_loss":0.0,"damage_taken":0.0},{"cards_removed":["Fission"],"damage_healed":33.0,"max_hp_gain":10.0,"max_hp_loss":0.0,"gold_gain":0.0,"event_name":"Bonfire Elementals","player_choice":"Offered Rare","floor":20.0,"gold_loss":0.0,"damage_taken":0.0}],"is_beta":false,"boss_relics":[{"not_picked":["Fusion Hammer","aspiration:RitualDagger"],"picked":"energizedSpire:NeverEndingSparkler"}],"items_purged_floors":[19],"is_endless":false,"potions_floor_spawned":[5,11,12,24,28],"killed_by":"Gremlin Leader","ascension_level":16}}