{"host":"6azrrw3tf7wb0f4b","time":1611479343,"event":{"mods":["BaseMod","DeckTracker","Minty Spire (QoL Compilation)","SuperFastMode"],"gold_per_floor":[218,57,57,67,81,81,96,96,120,120,120,295,295,314,314,412,412,423,435,20,20,20,53,53,53,53,152,27,57,57,68,68,68,68],"floor_reached":33,"language":"KOR","playtime":543,"items_purged":["Strike_P","Doubt","Doubt"],"score":554,"play_id":"d69d455a-e15a-46dd-bc98-b213287d5e98","local_time":"20210124180903","is_ascension_mode":true,"campfire_choices":[{"data":"Tantrum","floor":6.0,"key":"SMITH"},{"data":"LikeWater","floor":8.0,"key":"SMITH"},{"data":"FlurryOfBlows","floor":15.0,"key":"SMITH"},{"data":"Adaptation","floor":25,"key":"SMITH"},{"data":"ConjureBlade","floor":32,"key":"SMITH"}],"circlet_count":0,"master_deck":["AscendersBane","Strike_P","Strike_P","Defend_P","Defend_P","Defend_P","Eruption+1","Vigilance","Tantrum+1","LikeWater+1","FlurryOfBlows+1","FollowUp+1","EmptyFist+1","WaveOfTheHand","ConjureBlade+1","Protect","FearNoEvil+1","Swivel","Adaptation+1"],"relics":["PureWater","Damaru","Anchor","Cursed Key","Mercury Hourglass","Nunchaku","Bag of Preparation","Bronze Scales"],"acts_visited":["Exordium","TheCity"],"potions_floor_usage":[16,23,29],"damage_taken":[{"damage":2.0,"enemies":"Jaw Worm","floor":1.0,"turns":4.0},{"damage":0.0,"enemies":"Cultist","floor":4.0,"turns":2.0},{"damage":0.0,"enemies":"Small Slimes","floor":5.0,"turns":3.0},{"damage":1.0,"enemies":"Looter","floor":7.0,"turns":3.0},{"damage":3.0,"enemies":"Large Slime","floor":14.0,"turns":5.0},{"damage":0,"enemies":"Slime Boss","floor":16,"turns":4},{"damage":5,"enemies":"Shell Parasite","floor":18,"turns":4},{"damage":9,"enemies":"2 Thieves","floor":19,"turns":5},{"damage":25,"enemies":"Slavers","floor":23,"turns":5},{"damage":0,"enemies":"Gremlin Leader","floor":29,"turns":3},{"damage":0,"enemies":"Centurion and Healer","floor":31,"turns":2},{"damage":28,"enemies":"Collector","floor":33,"turns":2}],"seed_played":"-2433961819274128997","potions_obtained":[{"floor":1.0,"key":"ColorlessPotion"},{"floor":4.0,"key":"StancePotion"},{"floor":14.0,"key":"AttackPotion"},{"floor":23,"key":"BlessingOfTheForge"}],"is_trial":false,"path_per_floor":["M","$","?","M","M","R","M","R","T","?","?","?","?","M","R","B",null,"M","M","$","?","?","E","?","R","T","?","$","E","$","M","R","B"],"character_chosen":"WATCHER","items_purchased":["LikeWater","FlurryOfBlows","Swivel","Mercury Hourglass"],"campfire_rested":0,"item_purchase_floors":[2,2,20,20],"current_hp_per_floor":[63,63,63,63,63,63,62,62,62,48,48,48,45,42,42,42,65,60,51,51,51,51,26,26,26,26,26,26,26,26,26,26,0,0],"gold":68,"neow_bonus":"HUNDRED_GOLD","is_daily":false,"chose_seed":false,"campfire_upgraded":5,"win_rate":0.0,"timestamp":1611479343,"path_taken":["M","$","?","M","?","R","M","R","T","?","?","?","?","M","R","BOSS","M","M","$","?","?","E","?","R","T","?","$","E","$","M","R","BOSS"],"items_purchased_type":["Card","Card","Card","Relic"],"build_version":"2020-12-22","purchased_purges":3,"victory":false,"max_hp_per_floor":[72,72,72,72,72,72,72,72,72,72,72,72,72,72,72,72,72,72,72,72,72,72,72,72,72,72,72,72,72,72,72,72,72,72],"card_choices":[{"not_picked":["Study","WaveOfTheHand"],"picked":"Tantrum","floor":1.0},{"not_picked":["Evaluate","PathToVictory"],"picked":"FollowUp","floor":4.0},{"not_picked":["ThirdEye","Crescendo"],"picked":"EmptyFist","floor":5.0},{"not_picked":["TalkToTheHand","Crescendo","PathToVictory"],"picked":"SKIP","floor":7.0},{"not_picked":["Weave","JustLucky","BattleHymn"],"picked":"SKIP","floor":14.0},{"not_picked":["SpiritShield","Establishment"],"picked":"ConjureBlade","floor":16},{"not_picked":["Crescendo","Consecrate"],"picked":"Protect","floor":18},{"not_picked":["Perseverance","Swivel"],"picked":"FearNoEvil+1","floor":19},{"not_picked":["BowlingBash","ThirdEye"],"picked":"Adaptation","floor":23},{"not_picked":["LikeWater","Wireheading","Collect"],"picked":"SKIP","floor":29},{"not_picked":["CutThroughFate","BowlingBash","EmptyBody"],"picked":"SKIP","floor":31}],"player_experience":734236,"relics_obtained":[{"floor":9.0,"key":"Damaru"},{"floor":23,"key":"Nunchaku"},{"floor":26,"key":"Bag of Preparation"},{"floor":29,"key":"Bronze Scales"}],"event_choices":[{"damage_healed":0.0,"max_hp_gain":0.0,"max_hp_loss":0.0,"gold_gain":0.0,"event_name":"Accursed Blacksmith","player_choice":"Forge","floor":3.0,"gold_loss":0.0,"damage_taken":0.0,"cards_upgraded":["Eruption"]},{"damage_healed":0.0,"max_hp_gain":0.0,"max_hp_loss":0.0,"gold_gain":0.0,"event_name":"Shining Light","player_choice":"Entered Light","floor":10.0,"gold_loss":0.0,"damage_taken":14.0,"cards_upgraded":["FollowUp","EmptyFist"]},{"damage_healed":0.0,"max_hp_gain":0.0,"max_hp_loss":0.0,"gold_gain":0.0,"cards_transformed":["Strike_P"],"event_name":"Living Wall","player_choice":"Change","floor":11.0,"gold_loss":0.0,"damage_taken":0.0,"cards_obtained":["WaveOfTheHand"]},{"damage_healed":0.0,"max_hp_gain":0.0,"max_hp_loss":0.0,"gold_gain":175.0,"event_name":"Liars Game","player_choice":"AGREE","floor":12.0,"gold_loss":0.0,"damage_taken":0.0,"cards_obtained":["Doubt"]},{"damage_healed":0.0,"max_hp_gain":0.0,"max_hp_loss":0.0,"gold_gain":0.0,"event_name":"Scrap Ooze","player_choice":"Success","floor":13.0,"gold_loss":0.0,"damage_taken":3.0,"relics_obtained":["Anchor"]},{"cards_removed":["Defend_P"],"damage_healed":0,"gold_gain":0,"player_choice":"Elegance","damage_taken":0,"max_hp_gain":0,"max_hp_loss":0,"event_name":"Back to Basics","floor":21,"gold_loss":0},{"damage_healed":0,"gold_gain":0,"player_choice":"Ignored","damage_taken":0,"max_hp_gain":0,"max_hp_loss":0,"event_name":"Vampires","floor":24,"gold_loss":0},{"damage_healed":0,"gold_gain":99,"player_choice":"Stole From Cult","damage_taken":0,"max_hp_gain":0,"max_hp_loss":0,"event_name":"Nest","floor":27,"gold_loss":0}],"is_beta":false,"boss_relics":[{"not_picked":["Astrolabe","HolyWater"],"picked":"Cursed Key"}],"items_purged_floors":[2,20,28],"is_endless":false,"potions_floor_spawned":[1,4,7,14,23],"killed_by":"Collector","ascension_level":12}}