{"host":"xrbutm0tzv4qwo7u","time":1611454649,"event":{"mods":["AchievementEnabler","BaseMod","Better Altar","Better Match","Better Note","Better Sensory Stone","Better Skull","Better Third Choice","Colored Map","Colored Powertips","Curses Come First","Dark Map","Hermit","Minty Spire (QoL Compilation)","Quick Restart","Rare Cards Sparkle","Relic Stats","StSLib","The Cursed","The Marked"],"gold_per_floor":[118,118,164,175,175,208,208,222,247,247,266,266,266,266],"floor_reached":13,"language":"ENG","playtime":466,"items_purged":[],"score":87,"play_id":"60c5ebdb-f6d7-40de-94d8-fa76a4c29539","local_time":"20210123201729","is_ascension_mode":true,"campfire_choices":[{"floor":7,"key":"REST"},{"floor":12,"key":"REST"}],"circlet_count":0,"master_deck":["Strike_P","Strike_P","Strike_P","Strike_P","Defend_P","Defend_P","Defend_P","Defend_P","Eruption+1","Vigilance","Adaptation","DeceiveReality","Collect","Evaluate","Halt","Evaluate"],"relics":["PureWater","Omamori","Pantograph","Juzu Bracelet"],"acts_visited":["Exordium"],"potions_floor_usage":[13,13],"damage_taken":[{"damage":0,"enemies":"Small Slimes","floor":1,"turns":3},{"damage":2,"enemies":"Jaw Worm","floor":4,"turns":3},{"damage":41,"enemies":"3 Sentries","floor":6,"turns":15},{"damage":0,"enemies":"Cultist","floor":8,"turns":3},{"damage":12,"enemies":"Exordium Wildlife","floor":11,"turns":4},{"damage":41,"enemies":"Gremlin Nob","floor":13,"turns":3}],"seed_played":"5636248481196004950","potions_obtained":[{"floor":6,"key":"Weak Potion"},{"floor":11,"key":"Swift Potion"}],"is_trial":false,"path_per_floor":["M","?","T","M","?","E","R","M","T","?","M","R","E"],"character_chosen":"WATCHER","items_purchased":[],"campfire_rested":2,"item_purchase_floors":[],"current_hp_per_floor":[72,47,47,45,45,4,25,25,25,25,13,34,0,0],"gold":266,"neow_bonus":"THREE_CARDS","is_daily":false,"chose_seed":false,"campfire_upgraded":0,"win_rate":0.0,"timestamp":1611454649,"path_taken":["M","?","?","M","?","E","R","?","T","?","M","R","E"],"items_purchased_type":[],"build_version":"2020-12-22","purchased_purges":0,"victory":false,"max_hp_per_floor":[72,72,72,72,72,72,72,72,72,72,72,72,72,72],"relic_stats":{"counters":[6,31],"Pantograph":0,"Juzu Bracelet":0,"obtain_stats":[{"Pantograph":6,"Omamori":2,"Juzu Bracelet":9,"PureWater":0},{"Pantograph":3,"Omamori":1,"Juzu Bracelet":4,"PureWater":0},{"Pantograph":21,"Omamori":3,"Juzu Bracelet":24,"PureWater":0}]},"card_choices":[{"not_picked":["FollowUp","Crescendo"],"picked":"Adaptation","floor":0},{"not_picked":["FlyingSleeves","ThirdEye"],"picked":"DeceiveReality","floor":1},{"not_picked":["Crescendo","Blasphemy"],"picked":"Collect","floor":4},{"not_picked":["WaveOfTheHand","BowlingBash"],"picked":"Evaluate","floor":6},{"not_picked":["Crescendo","SashWhip"],"picked":"Halt","floor":8},{"not_picked":["Consecrate","SashWhip"],"picked":"Evaluate","floor":11}],"player_experience":64353,"relics_obtained":[{"floor":6,"key":"Pantograph"},{"floor":9,"key":"Juzu Bracelet"}],"event_choices":[{"damage_healed":0,"gold_gain":0,"player_choice":"Relic ","damage_taken":25,"max_hp_gain":0,"max_hp_loss":0,"event_name":"betterThird:BetterScrap","floor":2,"gold_loss":0,"cards_obtained":["Bouncing Flask"]},{"damage_healed":0,"gold_gain":0,"player_choice":"Upgraded","damage_taken":0,"max_hp_gain":0,"max_hp_loss":0,"event_name":"Upgrade Shrine","floor":5,"gold_loss":0,"cards_upgraded":["Eruption"]},{"damage_healed":0,"gold_gain":0,"player_choice":"Ignored","damage_taken":0,"max_hp_gain":0,"max_hp_loss":0,"event_name":"Golden Wing","floor":10,"gold_loss":0}],"is_beta":false,"boss_relics":[],"items_purged_floors":[],"is_endless":false,"potions_floor_spawned":[6,11],"killed_by":"Gremlin Nob","ascension_level":1}}