{"host":"51fyd6gkml7xavq8","time":1611532313,"event":{"mods":["BaseMod","BetterRewards","Colored Map","Energized Spire","Infinite Spire","Minty Spire (QoL Compilation)","Replay The Spire","Shop Mod","Spicy Shops","StSLib","The Blue Laboratory","[IsaacMod]????"],"gold_per_floor":[116,145,61,93,109,109,109,125,148,148,161,177,192,192],"floor_reached":13,"language":"ENG","playtime":651,"items_purged":["Dualcast","Strike_B","Strike_B"],"score":119,"play_id":"2a70af3b-859d-4f9f-9b40-e80af8b2c522","local_time":"20210124205153","is_ascension_mode":true,"campfire_choices":[{"data":"Zap","floor":6.0,"key":"SMITH"}],"circlet_count":0,"master_deck":["AscendersBane","Strike_B","Strike_B","Defend_B","Defend_B","Defend_B","Defend_B","Zap+1","BettingIsNotGood","FIFO Queue","FIFO Queue","infinitespire:UltimateForm"],"relics":["Cracked Core","HushsDoor","D6","MerchantsRug","Thread and Needle","Dream Catcher","infinitespire:Cupcake","infinitespire:Satchel"],"acts_visited":[],"potions_floor_usage":[13],"damage_taken":[{"damage":4.0,"enemies":"Cultist","floor":1.0,"turns":5.0},{"damage":3.0,"enemies":"Jaw Worm","floor":2.0,"turns":5.0},{"damage":7.0,"enemies":"Small Slimes","floor":4.0,"turns":5.0},{"damage":9.0,"enemies":"2 Fungi Beasts","floor":5.0,"turns":5.0},{"damage":19.0,"enemies":"Exordium Thugs","floor":11.0,"turns":5.0},{"damage":2.0,"enemies":"Looter","floor":12.0,"turns":3.0},{"damage":1,"enemies":"3 Sentries","floor":13,"turns":2}],"seed_played":"4616820469708392940","potions_obtained":[{"floor":2.0,"key":"FearPotion"},{"floor":12.0,"key":"blueLaboratory:Moonshine"}],"is_trial":false,"path_per_floor":["M","M","$","M","M","R","T","$","T","AVR","M","M","E"],"character_chosen":"DEFECT","items_purchased":["MerchantsRug","FIFO Queue","Thread and Needle","FIFO Queue"],"campfire_rested":0,"item_purchase_floors":[0,0,0,0],"current_hp_per_floor":[42,39,39,32,23,23,33,33,33,33,14,12,11,11],"gold":192,"neow_bonus":"","is_daily":false,"chose_seed":false,"campfire_upgraded":1,"win_rate":0.0,"timestamp":1611532313,"path_taken":["M","M","$","M","M","R","?","$","T","AVR","M","M","E"],"items_purchased_type":["Relic","Card","Relic","Card"],"build_version":"2020-12-22","purchased_purges":3,"victory":false,"max_hp_per_floor":[75,75,75,75,75,75,85,85,85,85,85,85,85,85],"card_choices":[{"not_picked":[],"picked":"BettingIsNotGood","floor":0.0},{"not_picked":["Hologram","Reinforced Body","Barrage"],"picked":"SKIP","floor":1.0},{"not_picked":["Hyperbeam","Sweeping Beam","Turbo"],"picked":"SKIP","floor":2.0},{"not_picked":["Fusion","Gash","Creative AI"],"picked":"SKIP","floor":4.0},{"not_picked":["Sweeping Beam","Genetic Algorithm","Compile Driver"],"picked":"SKIP","floor":5.0},{"not_picked":["Steam","Gash","Recycle"],"picked":"SKIP","floor":11.0},{"not_picked":["Distribution","Undo","Redo"],"picked":"SKIP","floor":12.0}],"player_experience":671626,"relics_obtained":[{"floor":7.0,"key":"Pear"},{"floor":9.0,"key":"Dream Catcher"}],"event_choices":[],"is_beta":false,"boss_relics":[],"items_purged_floors":[0,3,10],"is_endless":false,"potions_floor_spawned":[2,12],"killed_by":"3 Sentries","ascension_level":11}}