{"host":"vm3f1ccwgbs4oygt","time":1611494283,"event":{"mods":["BaseMod","BetterRewards","Colored Powertips","Minty Spire (QoL Compilation)","Permanent Neow","Shop Mod","StSLib"],"gold_per_floor":[110,125,141,141,159,159,179,199,199,199,218,244,16,33,33,134,134,146,146,156,174,193,193,193,193],"floor_reached":24,"language":"ENG","playtime":2498,"items_purged":["Strike_R"],"score":235,"play_id":"0db612a3-2e6f-4a89-8694-c05144d34cf5","local_time":"20210124141803","is_ascension_mode":true,"campfire_choices":[{"data":"True Grit","floor":6,"key":"SMITH"},{"data":"Dark Embrace","floor":10,"key":"SMITH"},{"data":"Exhume","floor":15,"key":"SMITH"},{"data":"Reaper","floor":23,"key":"SMITH"}],"circlet_count":0,"master_deck":["Strike_R","Strike_R","Strike_R","Strike_R","Defend_R","Defend_R","Defend_R","Defend_R","Bash","Clothesline","True Grit+1","Pain","Dark Embrace+1","Flex","Cleave","Wild Strike","Pommel Strike","Exhume+1","Disarm","Reaper+1","Headbutt","Battle Trance","Rupture+1"],"relics":["Burning Blood","NeowsBlessing","WarpedTongs","Lizard Tail","PreservedInsect","Mark of Pain"],"acts_visited":["Exordium","TheCity"],"potions_floor_usage":[12,16,16,20,21,21,21,21,21],"damage_taken":[{"damage":0,"enemies":"2 Louse","floor":1,"turns":1},{"damage":0,"enemies":"Cultist","floor":2,"turns":1},{"damage":0,"enemies":"Jaw Worm","floor":3,"turns":1},{"damage":5,"enemies":"Red Slaver","floor":5,"turns":3},{"damage":19,"enemies":"Exordium Thugs","floor":7,"turns":5},{"damage":14,"enemies":"Looter","floor":8,"turns":3},{"damage":13,"enemies":"Exordium Wildlife","floor":11,"turns":4},{"damage":9,"enemies":"3 Sentries","floor":12,"turns":5},{"damage":10,"enemies":"2 Fungi Beasts","floor":14,"turns":3},{"damage":17,"enemies":"Hexaghost","floor":16,"turns":8},{"damage":41,"enemies":"Spheric Guardian","floor":18,"turns":7},{"damage":41,"enemies":"2 Thieves","floor":20,"turns":5},{"damage":26,"enemies":"Snake Plant","floor":21,"turns":5},{"damage":48,"enemies":"Chosen and Byrds","floor":22,"turns":7},{"damage":40,"enemies":"Shelled Parasite and Fungi","floor":24,"turns":4}],"seed_played":"5006412665587347589","potions_obtained":[{"floor":1,"key":"Explosive Potion"},{"floor":5,"key":"Ancient Potion"},{"floor":12,"key":"Strength Potion"},{"floor":18,"key":"Dexterity Potion"},{"floor":19,"key":"SteroidPotion"},{"floor":19,"key":"EntropicBrew"},{"floor":22,"key":"SmokeBomb"}],"is_trial":false,"path_per_floor":["M","M","M","?","M","R","M","M","T","R","M","E","$","M","R","B",null,"M","?","M","M","M","R","M"],"character_chosen":"IRONCLAD","items_purchased":["Exhume"],"campfire_rested":0,"item_purchase_floors":[13],"current_hp_per_floor":[80,80,80,80,80,80,67,59,59,59,52,49,49,45,45,34,80,45,45,28,15,23,23,0,0],"gold":193,"neow_bonus":"THREE_ENEMY_KILL","is_daily":false,"chose_seed":false,"campfire_upgraded":4,"win_rate":0.0,"timestamp":1611494283,"path_taken":["M","M","M","?","M","R","?","M","T","R","M","E","$","M","R","BOSS","M","?","M","?","M","R","M"],"items_purchased_type":["Card"],"build_version":"2020-12-22","purchased_purges":1,"victory":false,"max_hp_per_floor":[80,80,80,80,80,80,80,80,80,80,80,80,80,80,80,80,80,80,80,80,80,80,80,80,80],"card_choices":[{"not_picked":["Sever Soul","Sentinel"],"picked":"Clothesline","floor":1},{"not_picked":["Entrench","Whirlwind"],"picked":"True Grit","floor":2},{"not_picked":["Thunderclap","Headbutt","Sword Boomerang"],"picked":"SKIP","floor":3},{"not_picked":["Iron Wave","Havoc"],"picked":"Dark Embrace","floor":5},{"not_picked":["Havoc","Searing Blow"],"picked":"Flex","floor":7},{"not_picked":["Hemokinesis","Warcry"],"picked":"Cleave","floor":8},{"not_picked":["Uppercut","Thunderclap"],"picked":"Wild Strike","floor":11},{"not_picked":["Havoc","Heavy Blade"],"picked":"Pommel Strike","floor":12},{"not_picked":["Iron Wave","Dark Embrace"],"picked":"Disarm","floor":14},{"not_picked":["Double Tap","Exhume"],"picked":"Reaper","floor":16},{"not_picked":["Clash","Havoc"],"picked":"Headbutt","floor":18},{"not_picked":["Clothesline","Headbutt"],"picked":"Battle Trance","floor":20},{"not_picked":["Havoc","Perfected Strike","Reckless Charge"],"picked":"SKIP","floor":21},{"not_picked":["Ghostly Armor","Battle Trance+1"],"picked":"Rupture+1","floor":22}],"player_experience":792141,"relics_obtained":[{"floor":9,"key":"Lizard Tail"},{"floor":12,"key":"PreservedInsect"}],"event_choices":[{"damage_healed":0,"gold_gain":0,"player_choice":"Rummage","damage_taken":0,"relics_obtained":["WarpedTongs"],"max_hp_gain":0,"max_hp_loss":0,"event_name":"Accursed Blacksmith","floor":4,"gold_loss":0,"cards_obtained":["Pain"]},{"damage_healed":0,"gold_gain":0,"player_choice":"Got Potions","damage_taken":0,"max_hp_gain":0,"max_hp_loss":0,"event_name":"Lab","floor":19,"gold_loss":0}],"is_beta":false,"boss_relics":[{"not_picked":["Runic Dome","Black Star"],"picked":"Mark of Pain"}],"items_purged_floors":[13],"is_endless":false,"potions_floor_spawned":[1,5,12,18,22],"killed_by":"Shelled Parasite and Fungi","ascension_level":3}}