{"host":"yjeq27nqd9iczda7","time":1611510206,"event":{"mods":["Arknights The Spire","BaseMod","Colored Map","Colored Powertips","Minty Spire (QoL Compilation)","StSLib","Waifu the Spire"],"gold_per_floor":[116,38,38,48,48,48,61,77,77,77,92,112,6,20,20,125,125,139,238,35,35,48,48,48,48],"floor_reached":24,"language":"KOR","playtime":1105,"items_purged":["ats:Strike V"],"score":188,"play_id":"e816f08f-ad53-4d9a-a95c-ff6aad45c7db","local_time":"20210125024326","is_ascension_mode":false,"campfire_choices":[{"floor":6,"key":"RECALL"},{"floor":10,"key":"REST"},{"floor":15,"key":"REST"},{"data":"ats:Emotion Absorption","floor":23,"key":"SMITH"}],"circlet_count":0,"master_deck":["ats:Strike C","ats:Strike G","ats:Strike S","ats:Armor Crushing Shot+1","ats:Defend","ats:Defend","ats:Defend","ats:Emotion Absorption+1","ats:Shadow Assault","ats:Cat Scratch","ats:Song Of Battle+1","ats:Overload+1","ats:Ignite","ats:Blood Oath","ats:Ambush","ats:Spore Proliferation","ats:Assault Order","ats:Rapid Magazine","ats:Neurotoxin","ats:True Silver Slash","ats:Guardian Obelisk","ats:Apocalypse","ats:Curse Doll","ats:Blood Oath","ats:Healing Drone"],"relics":["ats:Sanity Plus"],"acts_visited":["Exordium","TheCity"],"potions_floor_usage":[12,14,14,24,24],"damage_taken":[{"damage":7,"enemies":"Small Slimes","floor":1,"turns":2},{"damage":7,"enemies":"Cultist","floor":4,"turns":4},{"damage":14,"enemies":"2 Louse","floor":7,"turns":2},{"damage":10,"enemies":"Gremlin Gang","floor":8,"turns":6},{"damage":15,"enemies":"Exordium Wildlife","floor":11,"turns":4},{"damage":1,"enemies":"2 Fungi Beasts","floor":12,"turns":3},{"damage":16,"enemies":"Large Slime","floor":14,"turns":4},{"damage":38,"enemies":"The Guardian","floor":16,"turns":12},{"damage":17,"enemies":"3 Byrds","floor":18,"turns":5},{"damage":19,"enemies":"Spheric Guardian","floor":22,"turns":6},{"damage":64,"enemies":"Slavers","floor":24,"turns":4}],"seed_played":"4247573568746170704","potions_obtained":[{"floor":4,"key":"DuplicationPotion"},{"floor":11,"key":"Explosive Potion"},{"floor":12,"key":"Swift Potion"},{"floor":16,"key":"SkillPotion"},{"floor":22,"key":"SteroidPotion"}],"is_trial":false,"path_per_floor":["M","$","?","M","?","R","M","M","T","R","M","M","$","M","R","B",null,"M","?","$","?","M","R","E"],"character_chosen":"DOCTOR_CLASS","items_purchased":["ats:Song Of Battle","ats:Assault Order","ats:Rapid Magazine","ats:Apocalypse","ats:Curse Doll","ats:Blood Oath"],"campfire_rested":2,"item_purchase_floors":[2,13,13,20,20,20],"current_hp_per_floor":[65,65,51,44,44,44,30,20,20,41,29,31,31,15,36,7,72,58,58,58,58,50,50,0,0],"gold":48,"neow_bonus":"ONE_RANDOM_RARE_CARD","is_daily":false,"chose_seed":false,"campfire_upgraded":1,"win_rate":0.0,"timestamp":1611510206,"path_taken":["M","$","?","M","?","R","M","?","T","R","M","M","$","M","R","BOSS","M","?","$","?","M","R","E"],"items_purchased_type":["Card","Card","Card","Card","Card","Card"],"build_version":"2020-12-22","purchased_purges":1,"victory":false,"max_hp_per_floor":[72,72,72,72,72,72,72,72,72,72,72,72,72,72,72,72,72,72,72,72,72,72,72,72,72],"card_choices":[{"not_picked":["ats:Guard Mode","ats:Defend Order"],"picked":"ats:Cat Scratch","floor":1},{"not_picked":["ats:Part Time Job","ats:Beaten Up"],"picked":"ats:Overload","floor":4},{"not_picked":["ats:Shell Defense","ats:Assault Order"],"picked":"ats:Ignite","floor":7},{"not_picked":["ats:Powerful Strike","ats:Healing Strengthening"],"picked":"ats:Blood Oath","floor":8},{"not_picked":["ats:Curse Doll","ats:Hammer On"],"picked":"ats:Ambush","floor":11},{"not_picked":["ats:Thermite Blade","ats:Guard Mode"],"picked":"ats:Spore Proliferation","floor":12},{"not_picked":["ats:Demon Strength","ats:Ignite"],"picked":"ats:Neurotoxin","floor":14},{"not_picked":["ats:Fractured Body","ats:Roar Of Ursus"],"picked":"ats:True Silver Slash","floor":16},{"not_picked":["ats:Powerful Strike","ats:Flame Of Heaven+1"],"picked":"ats:Guardian Obelisk","floor":18},{"not_picked":["ats:Curse Doll","ats:Blood Oath"],"picked":"ats:Healing Drone","floor":22}],"player_experience":31576,"relics_obtained":[],"event_choices":[{"damage_healed":0,"gold_gain":0,"player_choice":"Entered Light","damage_taken":14,"max_hp_gain":0,"max_hp_loss":0,"event_name":"Shining Light","floor":3,"gold_loss":0,"cards_upgraded":["ats:Song Of Battle","ats:Armor Crushing Shot"]},{"damage_healed":0,"gold_gain":0,"player_choice":"Forge","damage_taken":0,"max_hp_gain":0,"max_hp_loss":0,"event_name":"Accursed Blacksmith","floor":5,"gold_loss":0,"cards_upgraded":["ats:Overload"]},{"damage_healed":0,"gold_gain":99,"player_choice":"Stole From Cult","damage_taken":0,"max_hp_gain":0,"max_hp_loss":0,"event_name":"Nest","floor":19,"gold_loss":0},{"cards_removed":["ats:Defend"],"damage_healed":0,"gold_gain":0,"player_choice":"Offered Basic","damage_taken":0,"max_hp_gain":0,"max_hp_loss":0,"event_name":"Bonfire Elementals","floor":21,"gold_loss":0}],"is_beta":false,"boss_relics":[{"not_picked":["SlaversCollar","Fusion Hammer"],"picked":"ats:Sanity Plus"}],"items_purged_floors":[20],"is_endless":false,"potions_floor_spawned":[4,11,12,16,22],"killed_by":"Slavers","ascension_level":0}}