{"host":"gf6ih3azu8xi0kst","time":1611518427,"event":{"mods":["AchievementEnabler","BaseMod","Bestiary","Colored Map","Colored Powertips","Dark Map","Minty Spire (QoL Compilation)","StSLib"],"gold_per_floor":[116,136,156,173,185,185,195,211,211,211,241,256,274,304,304,401,401,415,415,415,425,350,350,376,33,33,45,64,77,77,105,105,105,105],"floor_reached":33,"language":"ENG","playtime":2532,"items_purged":["Evolve","Writhe"],"score":303,"play_id":"94c5f4ef-51eb-47b3-8ec2-a29f8c863c81","local_time":"20210124180027","is_ascension_mode":false,"campfire_choices":[{"data":"Infernal Blade","floor":6,"key":"SMITH"},{"data":"Pommel Strike","floor":10,"key":"SMITH"},{"data":"Iron Wave","floor":15,"key":"SMITH"},{"floor":23,"key":"REST"},{"floor":30,"key":"REST"},{"floor":32,"key":"REST"}],"circlet_count":0,"master_deck":["Strike_R","Strike_R","Strike_R","Defend_R","Defend_R","Defend_R","Defend_R","Bash","Shrug It Off","Heavy Blade","Infernal Blade+1","Pommel Strike+1","Iron Wave+1","Twin Strike","Reaper","Carnage+1","Evolve","Uppercut","Reaper","Flex+1"],"relics":["Black Blood","Toy Ornithopter","PreservedInsect","Ancient Tea Set","Anchor","Shuriken","Singing Bowl","Blood Vial"],"acts_visited":["Exordium","TheCity"],"potions_floor_usage":[4,14,16,24,24,33],"damage_taken":[{"damage":2,"enemies":"Small Slimes","floor":1,"turns":4},{"damage":6,"enemies":"Cultist","floor":2,"turns":4},{"damage":0,"enemies":"2 Louse","floor":3,"turns":3},{"damage":6,"enemies":"Blue Slaver","floor":4,"turns":5},{"damage":10,"enemies":"Looter","floor":5,"turns":2},{"damage":0,"enemies":"Exordium Wildlife","floor":7,"turns":4},{"damage":9,"enemies":"3 Louse","floor":8,"turns":5},{"damage":20,"enemies":"3 Sentries","floor":11,"turns":9},{"damage":14,"enemies":"Blue Slaver","floor":12,"turns":3},{"damage":15,"enemies":"Gremlin Gang","floor":13,"turns":5},{"damage":7,"enemies":"Lagavulin","floor":14,"turns":3},{"damage":31,"enemies":"The Guardian","floor":16,"turns":7},{"damage":28,"enemies":"Chosen","floor":18,"turns":8},{"damage":45,"enemies":"3 Byrds","floor":21,"turns":10},{"damage":17,"enemies":"Book of Stabbing","floor":24,"turns":4},{"damage":21,"enemies":"Snake Plant","floor":27,"turns":4},{"damage":42,"enemies":"Cultist and Chosen","floor":28,"turns":7},{"damage":68,"enemies":"Sentry and Sphere","floor":29,"turns":8},{"damage":14,"enemies":"Slavers","floor":31,"turns":5},{"damage":88,"enemies":"Automaton","floor":33,"turns":6}],"seed_played":"361001620828168270","potions_obtained":[{"floor":2,"key":"Fire Potion"},{"floor":3,"key":"Fire Potion"},{"floor":4,"key":"SmokeBomb"},{"floor":11,"key":"LiquidBronze"},{"floor":13,"key":"PowerPotion"},{"floor":16,"key":"FairyPotion"},{"floor":21,"key":"BlessingOfTheForge"},{"floor":31,"key":"SteroidPotion"}],"is_trial":false,"path_per_floor":["M","M","M","M","M","R","M","M","T","R","E","M","M","E","R","B",null,"M","?","?","M","$","R","E","$","T","M","M","M","R","E","R","B"],"character_chosen":"IRONCLAD","items_purchased":["Singing Bowl"],"campfire_rested":3,"item_purchase_floors":[25],"current_hp_per_floor":[80,80,80,80,76,76,80,77,77,77,63,55,46,50,50,30,80,67,67,67,36,36,60,65,65,65,58,38,18,43,46,71,0,0],"gold":105,"neow_bonus":"REMOVE_CARD","is_daily":false,"chose_seed":false,"campfire_upgraded":3,"win_rate":0.0,"timestamp":1611518427,"path_taken":["M","M","M","M","M","R","M","M","T","R","E","M","M","E","R","BOSS","M","?","?","M","$","R","E","$","T","M","?","M","R","E","R","BOSS"],"items_purchased_type":["Relic"],"build_version":"2020-12-22","purchased_purges":2,"victory":false,"max_hp_per_floor":[80,80,80,80,80,80,80,80,80,80,80,80,80,80,80,80,80,80,80,80,80,80,80,80,80,80,82,84,86,86,86,86,86,86],"card_choices":[{"not_picked":["Flex","Thunderclap"],"picked":"Evolve","floor":1},{"not_picked":["Sentinel","Blood for Blood","Ghostly Armor"],"picked":"SKIP","floor":2},{"not_picked":["Twin Strike","Cleave"],"picked":"Shrug It Off","floor":3},{"not_picked":["Sword Boomerang","Headbutt"],"picked":"Heavy Blade","floor":4},{"not_picked":["Warcry","Barricade"],"picked":"Infernal Blade","floor":5},{"not_picked":["Wild Strike","Rage"],"picked":"Pommel Strike","floor":7},{"not_picked":["Clothesline","Sever Soul"],"picked":"Iron Wave","floor":8},{"not_picked":["Sword Boomerang","Reckless Charge"],"picked":"Twin Strike","floor":11},{"not_picked":["Havoc","Clash","Pommel Strike"],"picked":"SKIP","floor":12},{"not_picked":["Clothesline","Anger","Combust"],"picked":"SKIP","floor":13},{"not_picked":["Bloodletting","Reckless Charge","Battle Trance"],"picked":"SKIP","floor":14},{"not_picked":["Feed","Exhume"],"picked":"Reaper","floor":16},{"not_picked":["Anger","Iron Wave"],"picked":"Carnage+1","floor":18},{"not_picked":["Shrug It Off","Clothesline"],"picked":"Uppercut","floor":21},{"not_picked":["Shockwave+1","Second Wind"],"picked":"Reaper","floor":24},{"not_picked":["Pommel Strike","Evolve+1","Armaments"],"picked":"Singing Bowl","floor":27},{"not_picked":["Sword Boomerang+1","Flex","Body Slam+1"],"picked":"Singing Bowl","floor":28},{"not_picked":["Metallicize","Clothesline","Anger"],"picked":"Singing Bowl","floor":29},{"not_picked":["Fiend Fire","Anger"],"picked":"Flex+1","floor":31}],"player_experience":293382,"relics_obtained":[{"floor":9,"key":"Toy Ornithopter"},{"floor":11,"key":"PreservedInsect"},{"floor":14,"key":"Ancient Tea Set"},{"floor":24,"key":"Shuriken"},{"floor":31,"key":"Blood Vial"}],"event_choices":[{"damage_healed":0,"gold_gain":0,"player_choice":"Opened","damage_taken":0,"relics_obtained":["Anchor"],"max_hp_gain":0,"max_hp_loss":0,"event_name":"The Mausoleum","floor":19,"gold_loss":0,"cards_obtained":["Writhe"]},{"damage_healed":0,"gold_gain":0,"cards_transformed":["Strike_R"],"player_choice":"Transformed","damage_taken":0,"max_hp_gain":0,"max_hp_loss":0,"event_name":"Transmorgrifier","floor":20,"gold_loss":0,"cards_obtained":["Evolve"]}],"is_beta":false,"boss_relics":[{"not_picked":["Runic Dome","SlaversCollar"],"picked":"Black Blood"}],"items_purged_floors":[22,25],"is_endless":false,"potions_floor_spawned":[2,3,4,11,13,16,21,31],"killed_by":"Automaton","ascension_level":0}}