{"host":"TheHustler","time":1611480859,"event":{"mods":["BaseMod","Block Reminder","Colored Map","Colored Powertips","Minty Spire (QoL Compilation)","Quick Restart","StSLib","SuperFastMode","Unceasing Turn Reminder"],"gold_per_floor":[114,114,64,79,11,11,41,41,116,116,146,161,191,206,206,306,306,321,71,86,101,116,146,161,161,161,161,11,11,11,26,26,126,126,141,62,77,92,107,107,57,57,57,57,103,118,148,148,148,148],"floor_reached":51,"language":"ENG","playtime":1820,"items_purged":[],"score":790,"play_id":"01e05ab4-3217-4261-aeaf-339b72059138","local_time":"20210124103419","daily_mods":["Draft","Colorless Cards","Terminal"],"is_ascension_mode":false,"campfire_choices":[{"data":"Accuracy","floor":6,"key":"SMITH"},{"data":"Trip","floor":8,"key":"SMITH"},{"data":"Acrobatics","floor":10,"key":"SMITH"},{"data":"Outmaneuver","floor":15,"key":"SMITH"},{"data":"Tactician","floor":27,"key":"SMITH"},{"data":"Acrobatics","floor":29,"key":"SMITH"},{"data":"Panacea","floor":32,"key":"SMITH"},{"data":"Reflex","floor":40,"key":"SMITH"},{"data":"Thinking Ahead","floor":44,"key":"SMITH"},{"floor":49,"key":"REST"}],"circlet_count":0,"master_deck":["Backflip+1","Quick Slash+1","Underhanded Strike+1","Trip+1","Finesse+1","Acrobatics+1","PiercingWail+1","PiercingWail+1","Cloak And Dagger+1","Cloak And Dagger+1","Backflip+1","Flying Knee+1","Underhanded Strike+1","Escape Plan+1","Accuracy+1","Crippling Poison+1","Acrobatics+1","Panacea+1","Outmaneuver+1","Poisoned Stab+1","Escape Plan+1","Skewer+1","Dagger Spray+1","Expertise+1","Tactician+1","Footwork+1","Panache+1","Reflex+1","Dagger Throw+1","Thinking Ahead+1","All Out Attack+1"],"relics":["Ring of the Snake","Bottled Flame","Mercury Hourglass","Oddly Smooth Stone","Bag of Marbles","Philosopher\u0027s Stone","Pear","Boot","Darkstone Periapt","Blue Candle","Happy Flower","Busted Crown","Pantograph","Torii","Nunchaku","Mark of the Bloom"],"acts_visited":["Exordium","TheCity","TheBeyond"],"potions_floor_usage":[37,47,50,50,50],"damage_taken":[{"damage":0,"enemies":"Small Slimes","floor":1,"turns":3},{"damage":0,"enemies":"2 Louse","floor":4,"turns":2},{"damage":2,"enemies":"Lagavulin","floor":7,"turns":4},{"damage":0,"enemies":"3 Sentries","floor":11,"turns":5},{"damage":0,"enemies":"Jaw Worm","floor":12,"turns":1},{"damage":9,"enemies":"Gremlin Nob","floor":13,"turns":4},{"damage":1,"enemies":"Lots of Slimes","floor":14,"turns":3},{"damage":6,"enemies":"The Guardian","floor":16,"turns":8},{"damage":0,"enemies":"3 Byrds","floor":18,"turns":4},{"damage":0,"enemies":"Spheric Guardian","floor":20,"turns":4},{"damage":0,"enemies":"Centurion and Healer","floor":21,"turns":4},{"damage":0,"enemies":"Snake Plant","floor":22,"turns":4},{"damage":10,"enemies":"Book of Stabbing","floor":23,"turns":3},{"damage":0,"enemies":"3 Cultists","floor":24,"turns":3},{"damage":0,"enemies":"Snecko","floor":31,"turns":3},{"damage":5,"enemies":"Collector","floor":33,"turns":6},{"damage":0,"enemies":"3 Shapes","floor":35,"turns":3},{"damage":0,"enemies":"3 Darklings","floor":37,"turns":3},{"damage":0,"enemies":"Writhing Mass","floor":38,"turns":3},{"damage":0,"enemies":"4 Shapes","floor":39,"turns":2},{"damage":0,"enemies":"2 Orb Walkers","floor":45,"turns":2},{"damage":0,"enemies":"Transient","floor":46,"turns":5},{"damage":0,"enemies":"Reptomancer","floor":47,"turns":4},{"damage":22,"enemies":"Awakened One","floor":50,"turns":6}],"seed_played":"-992185634128019100","potions_obtained":[{"floor":4,"key":"GamblersBrew"},{"floor":7,"key":"LiquidMemories"},{"floor":16,"key":"Swift Potion"},{"floor":22,"key":"PowerPotion"},{"floor":37,"key":"CunningPotion"},{"floor":38,"key":"Dexterity Potion"},{"floor":47,"key":"SpeedPotion"}],"is_trial":false,"path_per_floor":["M","?","?","M","$","R","E","R","T","R","E","M","E","M","R","B",null,"M","$","M","M","M","E","M","?","T","R","$","R","?","M","R","B",null,"M","$","M","M","M","R","$","?","T","R","?","M","E","?","R","B",null],"character_chosen":"THE_SILENT","items_purchased":["Accuracy","Pear","Happy Flower","Reflex","Swift Potion"],"campfire_rested":1,"item_purchase_floors":[5,19,28,36,41],"current_hp_per_floor":[68,67,66,65,64,63,61,61,60,59,58,57,48,47,47,41,52,51,60,59,58,57,47,47,47,47,47,47,47,42,42,42,37,45,44,43,42,41,40,39,38,37,36,35,34,33,32,31,30,8],"gold":148,"neow_bonus":"","is_daily":true,"chose_seed":false,"campfire_upgraded":9,"win_rate":0.0,"timestamp":1611480859,"path_taken":["M","?","?","M","?","R","E","R","T","R","E","M","E","?","R","BOSS","M","$","M","M","?","E","M","?","T","R","$","R","?","M","R","BOSS","M","$","?","M","M","R","$","?","T","R","?","M","E","?","R","BOSS"],"items_purchased_type":["Card","Relic","Relic","Card","Potion"],"build_version":"2020-12-18","purchased_purges":0,"victory":true,"max_hp_per_floor":[68,67,66,65,64,63,62,61,60,59,58,57,56,55,54,53,52,51,60,59,58,57,56,55,54,53,52,51,50,49,48,47,46,45,44,43,42,41,40,39,38,37,36,35,34,33,32,31,30,29],"card_choices":[{"not_picked":["Acrobatics","Slice"],"picked":"Backflip","floor":0},{"not_picked":["Prepared","Cloak And Dagger"],"picked":"Quick Slash","floor":0},{"not_picked":["PanicButton","Enlightenment"],"picked":"Underhanded Strike","floor":0},{"not_picked":["Flying Knee","Impatience"],"picked":"Trip","floor":0},{"not_picked":["Endless Agony","Catalyst"],"picked":"Finesse","floor":0},{"not_picked":["Finisher","PiercingWail"],"picked":"Acrobatics","floor":0},{"not_picked":["Dagger Spray","Bane"],"picked":"PiercingWail","floor":0},{"not_picked":["Prepared","Deadly Poison"],"picked":"PiercingWail","floor":0},{"not_picked":["Quick Slash","Expertise"],"picked":"Cloak And Dagger","floor":0},{"not_picked":["Quick Slash","Mind Blast"],"picked":"Cloak And Dagger","floor":0},{"not_picked":["Deadly Poison","Poisoned Stab"],"picked":"Backflip","floor":0},{"not_picked":["Dodge and Roll","Cloak And Dagger"],"picked":"Flying Knee","floor":0},{"not_picked":["Dodge and Roll","Acrobatics"],"picked":"Underhanded Strike","floor":0},{"not_picked":["Mind Blast","Predator"],"picked":"Escape Plan","floor":0},{"not_picked":["Caltrops","Flying Knee"],"picked":"Cloak And Dagger","floor":0},{"not_picked":["Bane","Poisoned Stab","Dark Shackles"],"picked":"SKIP","floor":1},{"not_picked":["Sucker Punch","Outmaneuver","Bandage Up"],"picked":"SKIP","floor":4},{"not_picked":["Sucker Punch","Bandage Up"],"picked":"Crippling Poison","floor":7},{"not_picked":["Dark Shackles","Deadly Poison"],"picked":"Acrobatics","floor":11},{"not_picked":["Prepared","Madness"],"picked":"Panacea","floor":12},{"not_picked":["Deep Breath","Catalyst","Outmaneuver"],"picked":"SKIP","floor":13},{"not_picked":["Deep Breath","Catalyst"],"picked":"Outmaneuver","floor":13},{"not_picked":["Secret Technique","Crippling Poison"],"picked":"Poisoned Stab","floor":14},{"not_picked":["Bouncing Flask","Deflect"],"picked":"Escape Plan+1","floor":18},{"not_picked":["Heel Hook","Mind Blast+1"],"picked":"Skewer+1","floor":20},{"not_picked":["Sucker Punch","Outmaneuver"],"picked":"Dagger Spray+1","floor":21},{"not_picked":["Mind Blast","Dash"],"picked":"Expertise","floor":22},{"not_picked":["Outmaneuver","Noxious Fumes"],"picked":"Tactician","floor":23},{"not_picked":["Endless Agony","Heel Hook"],"picked":"Footwork","floor":24},{"not_picked":["Quick Slash+1","Slice","PiercingWail"],"picked":"SKIP","floor":31},{"not_picked":["Mayhem","Bullet Time"],"picked":"Panache","floor":33},{"not_picked":["Caltrops+1"],"picked":"SKIP","floor":35},{"not_picked":[],"picked":"Dagger Throw","floor":37},{"not_picked":["Poisoned Stab+1"],"picked":"SKIP","floor":38},{"not_picked":["Poisoned Stab+1"],"picked":"SKIP","floor":39},{"not_picked":[],"picked":"Thinking Ahead","floor":42},{"not_picked":["Reflex"],"picked":"SKIP","floor":46},{"not_picked":["All Out Attack"],"picked":"SKIP","floor":47},{"not_picked":[],"picked":"All Out Attack","floor":47}],"player_experience":645520,"relics_obtained":[{"floor":7,"key":"Bottled Flame"},{"floor":9,"key":"Mercury Hourglass"},{"floor":11,"key":"Oddly Smooth Stone"},{"floor":13,"key":"Bag of Marbles"},{"floor":23,"key":"Boot"},{"floor":26,"key":"Blue Candle"},{"floor":43,"key":"Pantograph"},{"floor":45,"key":"Torii"},{"floor":47,"key":"Nunchaku"}],"event_choices":[{"damage_healed":0,"gold_gain":0,"player_choice":"Ignored","damage_taken":0,"max_hp_gain":0,"max_hp_loss":0,"event_name":"Liars Game","floor":2,"gold_loss":0},{"cards_removed":["Cloak And Dagger"],"damage_healed":0,"gold_gain":0,"player_choice":"Card Removal","damage_taken":0,"max_hp_gain":0,"max_hp_loss":0,"event_name":"The Cleric","floor":3,"gold_loss":50},{"damage_healed":0,"gold_gain":0,"player_choice":"Opened","damage_taken":0,"relics_obtained":["Darkstone Periapt"],"max_hp_gain":0,"max_hp_loss":0,"event_name":"The Mausoleum","floor":25,"gold_loss":0},{"damage_healed":0,"gold_gain":0,"player_choice":"Damaged","damage_taken":5,"max_hp_gain":0,"max_hp_loss":0,"event_name":"Wheel of Change","floor":30,"gold_loss":0},{"damage_healed":0,"gold_gain":0,"player_choice":"Memory 1","damage_taken":0,"max_hp_gain":0,"max_hp_loss":0,"event_name":"SensoryStone","floor":42,"gold_loss":0},{"damage_healed":0,"gold_gain":0,"player_choice":"Fight","damage_taken":0,"max_hp_gain":0,"max_hp_loss":0,"event_name":"Mysterious Sphere","floor":45,"gold_loss":0},{"damage_healed":0,"gold_gain":0,"player_choice":"Upgrade","damage_taken":0,"relics_obtained":["Mark of the Bloom"],"max_hp_gain":0,"max_hp_loss":0,"event_name":"MindBloom","floor":48,"gold_loss":0,"cards_upgraded":["Backflip","Quick Slash","Underhanded Strike","Finesse","PiercingWail","PiercingWail","Cloak And Dagger","Cloak And Dagger","Backflip","Flying Knee","Underhanded Strike","Escape Plan","Crippling Poison","Poisoned Stab","Expertise","Footwork","Panache","Dagger Throw","All Out Attack"]}],"is_beta":true,"boss_relics":[{"not_picked":["Ring of the Serpent","Tiny House"],"picked":"Philosopher\u0027s Stone"},{"not_picked":["WristBlade","Cursed Key"],"picked":"Busted Crown"}],"items_purged_floors":[],"is_endless":false,"potions_floor_spawned":[4,7,16,18,22,24,37,38,47],"ascension_level":0}}