{"host":"wogey4gsknv4ot2d","time":1611522784,"event":{"mods":["2.2 Compatiblity","AchievementEnabler","BaseMod","Bestiary","Better Match","Better Third Choice","Colored Map","Colored Powertips","Key Reminder","Minty Spire (QoL Compilation)","Permanent Neow","Rare Cards Sparkle","Relic Stats","StSLib"],"gold_per_floor":[117,128,203,203,203,203,247,262,262,262,262,285,285,285],"floor_reached":13,"language":"ENG","playtime":277,"items_purged":[],"score":87,"play_id":"f712c631-fbac-4521-b615-b49de9f173f9","local_time":"20210124151304","is_ascension_mode":true,"campfire_choices":[{"floor":6,"key":"RECALL"},{"floor":11,"key":"REST"}],"circlet_count":0,"master_deck":["Strike_G","Strike_G","Strike_G","Strike_G","Strike_G","Defend_G","Defend_G","Defend_G","Defend_G","Defend_G","Survivor","Neutralize","Dagger Spray","Flying Knee","Injury","Crippling Poison","Dash+1","Bane+1"],"relics":["Ring of the Snake","Snake Skull","Golden Idol","keyreminder:keyreminder","Molten Egg 2","Bottled Lightning"],"acts_visited":["Exordium"],"potions_floor_usage":[13],"damage_taken":[{"damage":7,"enemies":"2 Louse","floor":1,"turns":3},{"damage":0,"enemies":"Jaw Worm","floor":2,"turns":5},{"damage":32,"enemies":"Gremlin Nob","floor":7,"turns":5},{"damage":3,"enemies":"Small Slimes","floor":8,"turns":3},{"damage":12,"enemies":"3 Louse","floor":12,"turns":2},{"damage":30,"enemies":"3 Sentries","floor":13,"turns":6}],"seed_played":"1455339810229263354","potions_obtained":[{"floor":12,"key":"Explosive Potion"}],"is_trial":false,"path_per_floor":["M","M","?","?","?","R","E","M","T","T","R","M","E"],"character_chosen":"THE_SILENT","items_purchased":[],"campfire_rested":1,"item_purchase_floors":[],"current_hp_per_floor":[70,70,59,52,52,52,20,17,17,17,40,28,0,0],"gold":285,"neow_bonus":"TEN_PERCENT_HP_BONUS","is_daily":false,"chose_seed":false,"campfire_upgraded":0,"win_rate":0.0,"timestamp":1611522784,"path_taken":["M","M","?","?","?","R","E","M","T","?","R","M","E"],"items_purchased_type":[],"build_version":"2020-12-22","purchased_purges":0,"victory":false,"max_hp_per_floor":[77,77,77,77,77,77,77,77,77,77,77,77,77,77],"relic_stats":{"counters":[6,24],"Golden Idol":17,"Snake Skull":[7],"obtain_stats":[{"keyreminder:keyreminder":6,"Golden Idol":5,"Molten Egg 2":7,"Snake Skull":4,"Bottled Lightning":10,"Ring of the Snake":0},{"keyreminder:keyreminder":2,"Golden Idol":2,"Molten Egg 2":3,"Snake Skull":2,"Bottled Lightning":4,"Ring of the Snake":0},{"keyreminder:keyreminder":8,"Golden Idol":8,"Molten Egg 2":13,"Snake Skull":8,"Bottled Lightning":16,"Ring of the Snake":0}],"Ring of the Snake":[12]},"card_choices":[{"not_picked":["Quick Slash","Blade Dance"],"picked":"Dagger Spray","floor":1},{"not_picked":["Outmaneuver","Heel Hook"],"picked":"Flying Knee","floor":2},{"not_picked":["Distraction","Eviscerate+1"],"picked":"Crippling Poison","floor":7},{"not_picked":["Blade Dance","Acrobatics"],"picked":"Dash+1","floor":8},{"not_picked":["Dagger Spray+1","Caltrops"],"picked":"Bane+1","floor":12}],"player_experience":83289,"relics_obtained":[{"floor":7,"key":"Molten Egg 2"},{"floor":10,"key":"Bottled Lightning"}],"event_choices":[{"damage_healed":0,"gold_gain":75,"player_choice":"Gold","damage_taken":11,"max_hp_gain":0,"max_hp_loss":0,"event_name":"betterThird:BetterGoop","floor":3,"gold_loss":0},{"damage_healed":0,"gold_gain":0,"player_choice":"Relic ","damage_taken":7,"max_hp_gain":0,"max_hp_loss":0,"event_name":"betterThird:BetterScrap","floor":4,"gold_loss":0,"cards_obtained":["Rampage"]},{"damage_healed":0,"gold_gain":0,"player_choice":"Take Wound","damage_taken":0,"relics_obtained":["Golden Idol"],"max_hp_gain":0,"max_hp_loss":0,"event_name":"Golden Idol","floor":5,"gold_loss":0,"cards_obtained":["Injury"]}],"is_beta":false,"boss_relics":[],"items_purged_floors":[],"is_endless":false,"potions_floor_spawned":[12],"killed_by":"3 Sentries","ascension_level":1}}