{"host":"p7wlqws89nwjeoph","time":1611467274,"event":{"mods":["Act Like it!","BaseMod","Colored Powertips","Hallownest","Minty Spire (QoL Compilation)","Quick Restart","StSLib","The Bug Knight"],"gold_per_floor":[116,127,59,75,75,75,75,91,117,30,62,37,52,63,63,165,165,177,196,228,327,327,353,363,363,363,463,498,48,58,72,72,177,177,196,132,57,102,119,119,132,164,464,489,30,30,30,48,48,48],"floor_reached":51,"language":"RUS","playtime":2279,"items_purged":["Regret"],"score":870,"play_id":"04d91b96-2c5e-4847-b31d-bf71ac71d3dd","local_time":"20210124084754","is_ascension_mode":false,"campfire_choices":[{"data":"RitualDagger","floor":6,"key":"SMITH"},{"data":"Infernal Blade","floor":15,"key":"SMITH"},{"data":"Thunderclap","floor":25,"key":"SMITH"},{"data":"Iron Wave","floor":32,"key":"SMITH"},{"data":"Exhume","floor":40,"key":"SMITH"},{"data":"Power Through","floor":46,"key":"SMITH"},{"data":"Iron Wave","floor":49,"key":"SMITH"}],"circlet_count":0,"master_deck":["Defend_R","Defend_R","Defend_R","Defend_R","Bash","RitualDagger+1","Pommel Strike","Uppercut+1","Ghostly Armor","Inflame","Pommel Strike","Rage","Headbutt","Infernal Blade+1","Flex","Wild Strike","Cleave","Bite","Bite","Bite","Bite","Bite","Flex","Thunderclap+1","Iron Wave+1","Fire Breathing+1","Iron Wave+1","Spot Weakness+1","Exhume+1","Power Through+1","Inflame+1","Battle Trance+1","Body Slam+1"],"relics":["Black Blood","Happy Flower","Anchor","Bag of Marbles","Bag of Preparation","Runic Cube","Red Mask","Mummified Hand","Darkstone Periapt","StoneCalendar","Matryoshka","Magic Flower","HandDrill","CaptainsWheel","Oddly Smooth Stone","FossilizedHelix","Dream Catcher","Centennial Puzzle","Old Coin","Mercury Hourglass","Ornamental Fan","Lee\u0027s Waffle"],"acts_visited":["Exordium","TheCity","TheBeyond"],"potions_floor_usage":[13,16,18,20,33,33,35,42,48],"damage_taken":[{"damage":0,"enemies":"Cultist","floor":1,"turns":3},{"damage":3,"enemies":"Small Slimes","floor":2,"turns":3},{"damage":5,"enemies":"Jaw Worm","floor":4,"turns":3},{"damage":13,"enemies":"Large Slime","floor":8,"turns":5},{"damage":25,"enemies":"Lagavulin","floor":11,"turns":5},{"damage":5,"enemies":"3 Louse","floor":13,"turns":3},{"damage":0,"enemies":"Exordium Wildlife","floor":14,"turns":2},{"damage":31,"enemies":"Slime Boss","floor":16,"turns":8},{"damage":0,"enemies":"Chosen","floor":18,"turns":3},{"damage":10,"enemies":"Shell Parasite","floor":19,"turns":4},{"damage":33,"enemies":"Masked Bandits","floor":20,"turns":7},{"damage":25,"enemies":"Book of Stabbing","floor":23,"turns":4},{"damage":10,"enemies":"Centurion and Healer","floor":24,"turns":5},{"damage":0,"enemies":"Colosseum Slavers","floor":27,"turns":2},{"damage":11,"enemies":"Colosseum Nobs","floor":27,"turns":4},{"damage":16,"enemies":"HollowMod:Nosk","floor":28,"turns":4},{"damage":0,"enemies":"Shelled Parasite and Fungi","floor":30,"turns":1},{"damage":0,"enemies":"Cultist and Chosen","floor":31,"turns":4},{"damage":16,"enemies":"Champ","floor":33,"turns":9},{"damage":23,"enemies":"3 Shapes","floor":35,"turns":5},{"damage":33,"enemies":"2 Orb Walkers","floor":38,"turns":5},{"damage":0,"enemies":"3 Darklings","floor":39,"turns":3},{"damage":24,"enemies":"Maw","floor":41,"turns":5},{"damage":0,"enemies":"Reptomancer","floor":42,"turns":2},{"damage":0,"enemies":"Nemesis","floor":44,"turns":1},{"damage":9,"enemies":"4 Shapes","floor":48,"turns":5},{"damage":40,"enemies":"Donu and Deca","floor":50,"turns":6}],"seed_played":"4545404942852327856","potions_obtained":[{"floor":2,"key":"Explosive Potion"},{"floor":11,"key":"SkillPotion"},{"floor":13,"key":"BloodPotion"},{"floor":16,"key":"Swift Potion"},{"floor":18,"key":"GamblersBrew"},{"floor":20,"key":"Dexterity Potion"},{"floor":24,"key":"Explosive Potion"},{"floor":28,"key":"SkillPotion"},{"floor":39,"key":"SpeedPotion"},{"floor":41,"key":"Energy Potion"}],"is_trial":false,"path_per_floor":["M","M","$","M","?","R","?","M","T","$","E","$","M","M","R","B",null,"M","M","?","?","?","E","M","R","T","?","E","$","M","M","R","B",null,"M","?","$","?","M","R","M","E","T","E","$","R","$","M","R","B",null],"character_chosen":"IRONCLAD","items_purchased":["Uppercut","Inflame","Pommel Strike","Headbutt","HandDrill","CaptainsWheel","Ornamental Fan","Lee\u0027s Waffle","Swift Potion"],"campfire_rested":0,"item_purchase_floors":[3,10,10,12,29,29,45,45,45],"current_hp_per_floor":[80,80,80,80,80,80,80,73,73,73,54,54,55,61,61,36,80,80,76,65,65,56,39,43,43,43,54,50,50,56,56,56,56,56,54,54,54,48,56,56,50,56,56,56,63,63,63,63,63,47],"gold":48,"neow_bonus":"RANDOM_COMMON_RELIC","is_daily":false,"chose_seed":false,"campfire_upgraded":7,"win_rate":0.0,"timestamp":1611467274,"path_taken":["M","?","$","M","?","R","?","M","T","$","E","?","M","M","R","BOSS","M","M","?","?","?","E","M","R","T","?","E","$","?","M","R","BOSS","M","?","?","?","M","R","M","E","T","E","$","R","?","M","R","BOSS"],"items_purchased_type":["Card","Card","Card","Card","Relic","Relic","Relic","Relic","Potion"],"build_version":"2020-12-22","purchased_purges":1,"victory":true,"max_hp_per_floor":[80,80,80,80,80,80,80,80,80,80,80,80,80,80,80,80,80,80,80,80,80,56,56,56,56,56,56,56,56,56,56,56,56,56,56,56,56,56,56,56,56,56,56,56,63,63,63,63,63,63],"card_choices":[{"not_picked":["Sword Boomerang","Entrench","Intimidate"],"picked":"SKIP","floor":1},{"not_picked":["Clothesline","Twin Strike"],"picked":"Pommel Strike","floor":2},{"not_picked":["Havoc","Rupture","Feel No Pain"],"picked":"SKIP","floor":4},{"not_picked":["Evolve","Rage"],"picked":"Ghostly Armor","floor":8},{"not_picked":["Havoc","Reckless Charge"],"picked":"Rage","floor":11},{"not_picked":["Body Slam","Battle Trance"],"picked":"Infernal Blade","floor":13},{"not_picked":["Iron Wave","Headbutt"],"picked":"Flex","floor":14},{"not_picked":["Searing Blow+1","Dropkick+1","Havoc"],"picked":"SKIP","floor":18},{"not_picked":["Clash","Sentinel"],"picked":"Wild Strike","floor":19},{"not_picked":["Impervious","Rage"],"picked":"Cleave","floor":20},{"not_picked":["Reckless Charge","Body Slam+1"],"picked":"Flex","floor":23},{"not_picked":["Perfected Strike","Cleave"],"picked":"Thunderclap","floor":24},{"not_picked":["Disarm+1","Bloodletting"],"picked":"Iron Wave","floor":27},{"not_picked":["Perfected Strike","Anger+1"],"picked":"Fire Breathing+1","floor":28},{"not_picked":["Headbutt","Perfected Strike+1"],"picked":"Iron Wave","floor":30},{"not_picked":["Anger+1","Wild Strike"],"picked":"Spot Weakness+1","floor":31},{"not_picked":["Brutality","Berserk"],"picked":"Exhume","floor":33},{"not_picked":["Uppercut+1","Dropkick+1"],"picked":"Power Through","floor":35},{"not_picked":["Shrug It Off+1","Uppercut"],"picked":"Inflame+1","floor":38},{"not_picked":["Clash+1","Cleave+1"],"picked":"Battle Trance+1","floor":39},{"not_picked":["Body Slam+1","Heavy Blade","Wild Strike+1"],"picked":"SKIP","floor":41},{"not_picked":["Heavy Blade","Wild Strike+1"],"picked":"Body Slam+1","floor":41},{"not_picked":["Clothesline","Havoc","Feel No Pain+1"],"picked":"SKIP","floor":42},{"not_picked":["Rupture+1","Body Slam","Spot Weakness+1"],"picked":"SKIP","floor":44},{"not_picked":["Clothesline+1","Armaments+1","Clash"],"picked":"SKIP","floor":48}],"player_experience":276321,"relics_obtained":[{"floor":9,"key":"Bag of Marbles"},{"floor":11,"key":"Bag of Preparation"},{"floor":20,"key":"Red Mask"},{"floor":23,"key":"Mummified Hand"},{"floor":26,"key":"Darkstone Periapt"},{"floor":27,"key":"StoneCalendar"},{"floor":27,"key":"Matryoshka"},{"floor":28,"key":"Magic Flower"},{"floor":38,"key":"FossilizedHelix"},{"floor":42,"key":"Dream Catcher"},{"floor":43,"key":"Centennial Puzzle"},{"floor":43,"key":"Old Coin"},{"floor":44,"key":"Mercury Hourglass"}],"event_choices":[{"damage_healed":0,"gold_gain":0,"player_choice":"Box","damage_taken":0,"relics_obtained":["Anchor"],"max_hp_gain":0,"max_hp_loss":0,"event_name":"Big Fish","floor":5,"gold_loss":0,"cards_obtained":["Regret"]},{"damage_healed":0,"gold_gain":0,"player_choice":"Grow","damage_taken":0,"max_hp_gain":0,"max_hp_loss":0,"event_name":"Living Wall","floor":7,"gold_loss":0,"cards_upgraded":["Uppercut"]},{"damage_healed":0,"gold_gain":0,"player_choice":"Fought Bandits","damage_taken":0,"max_hp_gain":0,"max_hp_loss":0,"event_name":"Masked Bandits","floor":20,"gold_loss":0},{"damage_healed":0,"gold_gain":99,"player_choice":"Stole From Cult","damage_taken":0,"max_hp_gain":0,"max_hp_loss":0,"event_name":"Nest","floor":21,"gold_loss":0},{"damage_healed":0,"gold_gain":0,"player_choice":"Became a vampire","damage_taken":0,"max_hp_gain":0,"max_hp_loss":24,"event_name":"Vampires","floor":22,"gold_loss":0,"cards_obtained":["Bite","Bite","Bite","Bite","Bite"]},{"damage_healed":0,"gold_gain":0,"player_choice":"Fight","damage_taken":0,"max_hp_gain":0,"max_hp_loss":0,"event_name":"Colosseum","floor":27,"gold_loss":0},{"damage_healed":0,"gold_gain":0,"player_choice":"Fought Nobs","damage_taken":0,"max_hp_gain":0,"max_hp_loss":0,"event_name":"Colosseum","floor":27,"gold_loss":0},{"damage_healed":0,"gold_gain":0,"player_choice":"Paid Gold","damage_taken":0,"relics_obtained":["Oddly Smooth Stone"],"max_hp_gain":0,"max_hp_loss":0,"event_name":"WeMeetAgain","floor":36,"gold_loss":64},{"damage_healed":0,"gold_gain":0,"player_choice":"Fight","damage_taken":0,"max_hp_gain":0,"max_hp_loss":0,"event_name":"Mysterious Sphere","floor":38,"gold_loss":0}],"is_beta":false,"boss_relics":[{"not_picked":["Busted Crown","Fusion Hammer"],"picked":"Runic Cube"},{"not_picked":["Runic Dome","Cursed Key"],"picked":"Black Blood"}],"items_purged_floors":[37],"is_endless":false,"potions_floor_spawned":[2,11,13,16,18,20,24,28,30,39,41],"ascension_level":0}}