{"host":"Jinnai","time":1611521507,"event":{"mods":["BaseMod","Bestiary","Block Reminder","Colored Map","Colored Powertips","Highlight Path","Minty Spire (QoL Compilation)","Quick Restart","Relic Stats","StSLib"],"gold_per_floor":[115,126,106,119,40,40,40],"floor_reached":6,"language":"ENG","playtime":333,"items_purged":[],"score":70,"play_id":"0edf7800-643b-43fe-87cb-a3e4001280ea","local_time":"20210124155147","is_ascension_mode":true,"campfire_choices":[],"circlet_count":0,"master_deck":["AscendersBane","Strike_G","Strike_G","Strike_G","Strike_G","Strike_G","Defend_G","Defend_G","Defend_G","Defend_G","Defend_G","Survivor","Neutralize","Sadistic Nature","Quick Slash","Dagger Spray","Malaise","Leg Sweep"],"relics":["Ring of the Snake"],"acts_visited":["Exordium"],"potions_floor_usage":[6,6],"damage_taken":[{"damage":2,"enemies":"Jaw Worm","floor":1,"turns":4},{"damage":11,"enemies":"Cultist","floor":2,"turns":4},{"damage":4,"enemies":"Small Slimes","floor":4,"turns":3},{"damage":29,"enemies":"Lagavulin","floor":6,"turns":6}],"seed_played":"1727185976668011749","potions_obtained":[{"floor":1,"key":"PowerPotion"},{"floor":3,"key":"CunningPotion"}],"is_trial":false,"path_per_floor":["M","M","?","M","$","E"],"character_chosen":"THE_SILENT","items_purchased":["Leg Sweep"],"campfire_rested":0,"item_purchase_floors":[5],"current_hp_per_floor":[42,31,31,27,27,0,0],"gold":40,"neow_bonus":"RANDOM_COLORLESS_2","is_daily":false,"chose_seed":false,"campfire_upgraded":0,"win_rate":0.0,"timestamp":1611521507,"path_taken":["M","M","?","M","$","E"],"items_purchased_type":["Card"],"build_version":"2020-12-18","purchased_purges":0,"victory":false,"max_hp_per_floor":[66,66,66,66,66,66,66],"relic_stats":{"counters":[4,17],"obtain_stats":[{"Ring of the Snake":0},{"Ring of the Snake":0},{"Ring of the Snake":0}],"Ring of the Snake":[8]},"card_choices":[{"not_picked":["Thinking Ahead","Violence"],"picked":"Sadistic Nature","floor":0},{"not_picked":["Prepared","Expertise"],"picked":"Quick Slash","floor":1},{"not_picked":["Underhanded Strike","PiercingWail"],"picked":"Dagger Spray","floor":2},{"not_picked":["PiercingWail","Poisoned Stab"],"picked":"Malaise","floor":4}],"player_experience":1559083,"relics_obtained":[],"event_choices":[{"damage_healed":0,"gold_gain":0,"player_choice":"Bought 1 Potion","damage_taken":0,"max_hp_gain":0,"max_hp_loss":0,"event_name":"The Woman in Blue","floor":3,"gold_loss":0}],"is_beta":true,"boss_relics":[],"items_purged_floors":[],"is_endless":false,"potions_floor_spawned":[1,4],"killed_by":"Lagavulin","ascension_level":19}}