{"host":"7sni158j623xchr2","time":1611472869,"event":{"mods":["BaseMod","Colored Map","Highlight Path","Minty Spire (QoL Compilation)","Permanent Neow","Potion Indicator Mod","Rare Cards Sparkle","Relic Sorter","Relic Stats","StSLib","everything is the same but u backflip on backflip"],"gold_per_floor":[114,114,114,129,148,181,181,215,241,241,268,63,88,119,119,119,119],"floor_reached":16,"language":"ENG","playtime":440,"items_purged":["Defend_B"],"score":157,"play_id":"3d52ed3a-889b-43ae-a4e8-a8c5c01800c2","local_time":"20210124012109","is_ascension_mode":true,"campfire_choices":[{"data":"Zap","floor":7,"key":"SMITH"},{"data":"Dualcast","floor":10,"key":"SMITH"},{"floor":15,"key":"REST"}],"circlet_count":0,"master_deck":["Strike_B","Strike_B","Strike_B","Strike_B","Defend_B+1","Defend_B","Defend_B","Zap+1","Dualcast+1","Scrape","Steam+1","Beam Cell","Sweeping Beam"],"relics":["Busted Crown","Golden Idol","War Paint","Boot","Akabeko","Bag of Preparation","Ginger"],"acts_visited":["Exordium"],"potions_floor_usage":[6,14,16],"damage_taken":[{"damage":0,"enemies":"2 Louse","floor":1,"turns":2},{"damage":7,"enemies":"Small Slimes","floor":4,"turns":4},{"damage":1,"enemies":"Jaw Worm","floor":5,"turns":4},{"damage":35,"enemies":"Lagavulin","floor":6,"turns":9},{"damage":20,"enemies":"3 Sentries","floor":8,"turns":9},{"damage":0,"enemies":"Exordium Wildlife","floor":13,"turns":1},{"damage":0,"enemies":"Gremlin Nob","floor":14,"turns":2},{"damage":36,"enemies":"The Guardian","floor":16,"turns":8}],"seed_played":"-7733818621687905110","potions_obtained":[{"floor":1,"key":"Energy Potion"},{"floor":4,"key":"EssenceOfSteel"},{"floor":6,"key":"LiquidMemories"}],"is_trial":false,"path_per_floor":["M","?","?","M","M","E","R","E","T","R","T","$","M","E","R","B"],"character_chosen":"DEFECT","items_purchased":["Sweeping Beam","DistilledChaos"],"campfire_rested":1,"item_purchase_floors":[12,12],"current_hp_per_floor":[75,69,74,67,66,31,31,11,11,11,11,11,11,11,33,0,0],"gold":119,"neow_bonus":"BOSS_RELIC","is_daily":false,"chose_seed":false,"campfire_upgraded":2,"win_rate":0.0,"timestamp":1611472869,"path_taken":["M","?","?","M","M","E","R","E","T","R","?","$","?","E","R","BOSS"],"items_purchased_type":["Card","Potion"],"build_version":"2020-12-22","purchased_purges":1,"victory":false,"max_hp_per_floor":[75,69,74,74,74,74,74,74,74,74,74,74,74,74,74,74,74],"relic_stats":{"Busted Crown":14,"counters":[8,39],"Golden Idol":32,"Bag of Preparation":[6],"Ginger":[0],"War Paint":["Steam","Defend_B"],"Boot":[9],"obtain_stats":[{"Busted Crown":0,"Golden Idol":2,"Bag of Preparation":11,"Ginger":14,"War Paint":6,"Cracked Core":0,"Boot":8,"Akabeko":9},{"Busted Crown":0,"Golden Idol":1,"Bag of Preparation":5,"Ginger":7,"War Paint":4,"Cracked Core":0,"Boot":5,"Akabeko":5},{"Busted Crown":0,"Golden Idol":2,"Bag of Preparation":28,"Ginger":31,"War Paint":19,"Cracked Core":0,"Boot":28,"Akabeko":28}]},"card_choices":[{"not_picked":[],"picked":"Scrape","floor":1},{"not_picked":["Scrape"],"picked":"SKIP","floor":4},{"not_picked":[],"picked":"Steam","floor":5},{"not_picked":["Recycle"],"picked":"SKIP","floor":6},{"not_picked":[],"picked":"Beam Cell","floor":8},{"not_picked":["Recycle"],"picked":"SKIP","floor":13},{"not_picked":["Reprogram"],"picked":"SKIP","floor":14}],"player_experience":1691767,"relics_obtained":[{"floor":6,"key":"War Paint"},{"floor":8,"key":"Boot"},{"floor":9,"key":"Akabeko"},{"floor":11,"key":"Bag of Preparation"},{"floor":14,"key":"Ginger"}],"event_choices":[{"damage_healed":0,"gold_gain":0,"player_choice":"Lose Max HP","damage_taken":0,"relics_obtained":["Golden Idol"],"max_hp_gain":0,"max_hp_loss":6,"event_name":"Golden Idol","floor":2,"gold_loss":0},{"damage_healed":0,"gold_gain":0,"player_choice":"Donut","damage_taken":0,"max_hp_gain":5,"max_hp_loss":0,"event_name":"Big Fish","floor":3,"gold_loss":0}],"is_beta":false,"boss_relics":[],"items_purged_floors":[12],"is_endless":false,"potions_floor_spawned":[1,4,6],"killed_by":"The Guardian","ascension_level":2}}