{"host":"u7t6gtnp6lus9at9","time":1611525004,"event":{"mods":["AchievementEnabler","Act Like it!","BaseMod","Card Forge","Colored Map","Colored Powertips","Custom Start","Downfall","Minty Spire (QoL Compilation)","Practice Mode","Replay The Spire","Shop Mod","StSLib"],"gold_per_floor":[117,292,307,327,346,373,323,356,356,356,372,400,411,620,620,719,719,730,431,431,448,468,500,518,518,518,533,533,124,136,153,168,182,182,283,283,297,297,72,97,109,151,163,195,207,219,251,263,306,332,344,356,368,380,86,119,119],"floor_reached":58,"language":"ENG","playtime":6636,"items_purged":["EmptyBody+1"],"score":1488,"play_id":"507a5435-3dd5-4909-99d8-fb15863e4a82","local_time":"20210124195004","is_ascension_mode":false,"campfire_choices":[{"floor":10,"key":"RECALL"},{"floor":15,"key":"REST"},{"floor":34,"key":"REST"},{"floor":43,"key":"REST"},{"floor":51,"key":"REST"},{"floor":54,"key":"REST"}],"circlet_count":1,"master_deck":["Devotion+1","FlurryOfBlows+1","InnerPeace+1","LikeWater+1","Meditate+1","MentalFortress+1","Adaptation+1","Tantrum+1","EmptyBody+1","EmptyMind+1","Eruption+1","FlurryOfBlows+1","Indignation+1","Vengeance+1","Vigilance+1","FlurryOfBlows+1","Eruption+1","InnerPeace+1","Indignation+1","EmptyMind+1","Tantrum+1","Vigilance+1","CurseOfTheBell","DevaForm+1","Pot Of Greed+1","Pot Of Greed+1","Pot Of Greed+1"],"relics":["PureWater","Hammer of Thor","Seething Fire","Anvil of the Gods","Circlet","Singing Bowl","TungstenRod","Vajra","Incense Burner","Bag of Marbles","Pen Nib","Regal Pillow","Meat on the Bone","Shuriken","Thread and Needle","Fusion Hammer","VioletLotus","HolyWater","Anchor","Bag of Preparation","Bottled Flame","Bottled Lightning","Bottled Flame","Bottled Flame","Bottled Tornado","Golden Egg","Mummified Hand","BranchBurnRelic","Snack Pack","Busted Crown","Tiny Chest","MealTicket","Replay:WaspNest","Darkstone Periapt","Ornamental Fan","ClockworkSouvenir","Calling Bell","Vajra","Shuriken","Durian","Blue Candle","Juzu Bracelet","MawBank","Ancient Tea Set","Mirror","Grinning Jar","Orichalcum","Bag of Marbles"],"acts_visited":["Exordium","TheCity","TheBeyond","TheEnding"],"potions_floor_usage":[57,57,57],"damage_taken":[{"damage":0,"enemies":"Cultist","floor":1,"turns":1},{"damage":0,"enemies":"2 Louse","floor":3,"turns":1},{"damage":0,"enemies":"Small Slimes","floor":4,"turns":1},{"damage":0,"enemies":"2 Fungi Beasts","floor":5,"turns":2},{"damage":0,"enemies":"Lagavulin","floor":6,"turns":1},{"damage":0,"enemies":"3 Sentries","floor":8,"turns":2},{"damage":0,"enemies":"Red Slaver","floor":11,"turns":2},{"damage":0,"enemies":"Gremlin Nob","floor":12,"turns":2},{"damage":0,"enemies":"Exordium Thugs","floor":13,"turns":2},{"damage":0,"enemies":"The Guardian","floor":16,"turns":1},{"damage":0,"enemies":"2 Thieves","floor":18,"turns":2},{"damage":0,"enemies":"Spheric Guardian","floor":21,"turns":2},{"damage":0,"enemies":"Centurion and Healer","floor":22,"turns":2},{"damage":0,"enemies":"Slavers","floor":23,"turns":2},{"damage":0,"enemies":"Snake Plant","floor":24,"turns":2},{"damage":0,"enemies":"3 Cultists","floor":27,"turns":2},{"damage":0,"enemies":"Snecko","floor":30,"turns":2},{"damage":0,"enemies":"Snake Plant","floor":31,"turns":1},{"damage":0,"enemies":"Centurion and Healer","floor":32,"turns":2},{"damage":0,"enemies":"Chosen and Byrds","floor":33,"turns":2},{"damage":0,"enemies":"Champ","floor":35,"turns":2},{"damage":0,"enemies":"Orb Walker","floor":37,"turns":2},{"damage":0,"enemies":"Nemesis","floor":42,"turns":1},{"damage":0,"enemies":"3 Shapes","floor":44,"turns":1},{"damage":0,"enemies":"3 Darklings","floor":47,"turns":1},{"damage":29,"enemies":"R_Hoarder","floor":49,"turns":3},{"damage":0,"enemies":"Jaw Worm Horde","floor":50,"turns":1},{"damage":0,"enemies":"Replay:Hell Engine","floor":52,"turns":2},{"damage":0,"enemies":"Shield and Spear","floor":56,"turns":2},{"damage":0,"enemies":"The Heart","floor":57,"turns":4}],"seed_played":"-1004416914869091554","potions_obtained":[{"floor":1,"key":"Regen Potion"},{"floor":8,"key":"SkillPotion"},{"floor":12,"key":"Weak Potion"},{"floor":13,"key":"Milkshake"},{"floor":16,"key":"Energy Potion"},{"floor":18,"key":"hexamod:SoulburnPotion"}],"is_trial":false,"path_per_floor":["M","?","M","M","M","E","?","E","T","R","M","E","M","?","R","B",null,"M","$","?","M","M","E","M","PTL","PTL","M","T","$","M","M","M","M","R","B",null,"M","?","$","T","$","E","R","M","T","?","M","?","E","M","R","B",null,"R","$","E","B",null],"character_chosen":"WATCHER","items_purchased":["Tiny Chest","MealTicket","Ornamental Fan","ClockworkSouvenir","Juzu Bracelet","Grinning Jar","Orichalcum"],"campfire_rested":5,"item_purchase_floors":[19,19,29,29,39,55,55],"current_hp_per_floor":[81,81,83,85,87,89,89,91,91,91,93,95,97,76,99,101,101,103,103,103,105,107,109,111,111,111,113,113,113,115,117,119,121,121,123,134,136,132,136,136,136,138,138,140,140,140,142,142,115,123,146,146,146,146,146,148,148],"gold":119,"neow_bonus":"TEN_PERCENT_HP_BONUS","is_daily":false,"chose_seed":false,"campfire_upgraded":0,"win_rate":0.0,"timestamp":1611525004,"path_taken":["M","?","M","M","M","E","?","E","T","R","M","E","M","?","R","BOSS","M","$","?","?","M","E","M","PTL","PTL","M","T","$","M","M","M","M","R","BOSS","M","?","$","?","?","E","R","M","T","?","M","?","E","M","R","BOSS","R","$","E","BOSS"],"items_purchased_type":["Relic","Relic","Relic","Relic","Relic","Relic","Relic"],"build_version":"2020-12-22","purchased_purges":1,"victory":true,"max_hp_per_floor":[81,81,83,85,87,89,89,91,91,91,93,95,97,99,99,101,101,103,103,103,105,107,109,111,111,111,113,113,113,115,117,119,121,121,123,134,136,136,136,136,136,138,138,140,140,140,142,142,144,146,146,146,146,146,146,148,148],"card_choices":[{"not_picked":["WindmillStrike","CrushJoints","DeceiveReality"],"picked":"Singing Bowl","floor":1},{"not_picked":["Collect","CarveReality","ClearTheMind"],"picked":"Singing Bowl","floor":3},{"not_picked":["Replay:AtTheReady","JustLucky","Replay:ManipulateFuture"],"picked":"Singing Bowl","floor":4},{"not_picked":["PathToVictory","EmptyBody","Protect"],"picked":"Singing Bowl","floor":5},{"not_picked":["Replay:Battleflow","WreathOfFlame","Replay:BluntJabs"],"picked":"Singing Bowl","floor":6},{"not_picked":["EmptyFist","Tantrum","Perseverance"],"picked":"Singing Bowl","floor":8},{"not_picked":["Conclude","Prostrate","JustLucky"],"picked":"Singing Bowl","floor":11},{"not_picked":["Wish","FlyingSleeves","Consecrate"],"picked":"Singing Bowl","floor":12},{"not_picked":["SandsOfTime","FearNoEvil","Swivel"],"picked":"Singing Bowl","floor":13},{"not_picked":["FlurryOfBlows","Conclude","Swivel"],"picked":"Singing Bowl","floor":14},{"not_picked":["MasterReality","Vault","Establishment"],"picked":"Singing Bowl","floor":16},{"not_picked":["ClearTheMind"],"picked":"Singing Bowl","floor":18},{"not_picked":["CarveReality"],"picked":"Singing Bowl","floor":21},{"not_picked":["FollowUp"],"picked":"Singing Bowl","floor":22},{"not_picked":["SignatureMove"],"picked":"Singing Bowl","floor":23},{"not_picked":["FlurryOfBlows+1"],"picked":"Singing Bowl","floor":24},{"not_picked":["Conclude"],"picked":"Singing Bowl","floor":27},{"not_picked":["Prostrate"],"picked":"Singing Bowl","floor":30},{"not_picked":["WindmillStrike"],"picked":"Singing Bowl","floor":31},{"not_picked":["SashWhip"],"picked":"Singing Bowl","floor":32},{"not_picked":["JustLucky"],"picked":"Singing Bowl","floor":33},{"not_picked":["DeusExMachina"],"picked":"Singing Bowl","floor":35},{"not_picked":["CrushJoints"],"picked":"Singing Bowl","floor":37},{"not_picked":["FlurryOfBlows+1"],"picked":"Singing Bowl","floor":42},{"not_picked":["Crescendo"],"picked":"Singing Bowl","floor":44},{"not_picked":["Halt+1"],"picked":"Singing Bowl","floor":47},{"not_picked":["Vault"],"picked":"Singing Bowl","floor":49},{"not_picked":["Replay:Vibes"],"picked":"Singing Bowl","floor":50},{"not_picked":["Wireheading"],"picked":"Singing Bowl","floor":56}],"player_experience":142807,"relics_obtained":[{"floor":6,"key":"Golden Egg"},{"floor":8,"key":"Mummified Hand"},{"floor":12,"key":"Snack Pack"},{"floor":23,"key":"Replay:WaspNest"},{"floor":28,"key":"Darkstone Periapt"},{"floor":36,"key":"Vajra"},{"floor":36,"key":"Shuriken"},{"floor":36,"key":"Durian"},{"floor":40,"key":"MawBank"},{"floor":42,"key":"Ancient Tea Set"},{"floor":49,"key":"Mirror"},{"floor":56,"key":"Bag of Marbles"}],"event_choices":[{"damage_healed":0,"gold_gain":175,"player_choice":"AGREE","damage_taken":0,"max_hp_gain":0,"max_hp_loss":0,"event_name":"Liars Game","floor":2,"gold_loss":0,"cards_obtained":["Doubt"]},{"damage_healed":0,"gold_gain":0,"player_choice":"Ignored","damage_taken":0,"max_hp_gain":0,"max_hp_loss":0,"event_name":"Upgrade Shrine","floor":20,"gold_loss":0},{"damage_healed":0,"gold_gain":0,"player_choice":"0 cards matched","damage_taken":0,"max_hp_gain":0,"max_hp_loss":0,"event_name":"Match and Keep!","floor":46,"gold_loss":0,"cards_obtained":[]},{"cards_removed":["DevaForm"],"damage_healed":0,"gold_gain":0,"player_choice":"Removed Power","damage_taken":0,"max_hp_gain":0,"max_hp_loss":0,"event_name":"Falling","floor":48,"gold_loss":0}],"is_beta":false,"boss_relics":[{"not_picked":["Empty Cage","Replay:Ancient Bell"],"picked":"Busted Crown"},{"not_picked":["Replay:Grab Bag","Astrolabe"],"picked":"Calling Bell"}],"items_purged_floors":[39],"is_endless":false,"potions_floor_spawned":[1,8,12,13,16,18,23,24,27,30,33,37,49,56],"ascension_level":0}}