{"host":"08t08ld674si40tv","time":1611453915,"event":{"mods":["AchievementEnabler","BaseMod","Colored Map","Minty Spire (QoL Compilation)","StSLib","SuperFastMode"],"gold_per_floor":[118,131,131,149,159,159,185,220,220,220,230,230,256,273,273,371,371,385,385,403,415,430,430,463,463,487,515,542,457,228,228,228,333,333,351,366,380,137,137,162,162,195,195,195,195,117,117,0,0,0,0],"floor_reached":50,"language":"KOR","playtime":920,"items_purged":["Strike_R","Strike_R"],"score":566,"play_id":"8e123906-d06c-4e04-a171-2956a629e597","local_time":"20210124110515","is_ascension_mode":false,"campfire_choices":[{"data":"Carnage","floor":6.0,"key":"SMITH"},{"data":"Seeing Red","floor":10.0,"key":"SMITH"},{"data":"Bash","floor":15.0,"key":"SMITH"},{"floor":23.0,"key":"REST"},{"data":"Immolate","floor":25.0,"key":"SMITH"},{"floor":32,"key":"REST"},{"floor":41,"key":"REST"},{"data":"Burning Pact","floor":44,"key":"SMITH"},{"floor":49,"key":"RECALL"}],"circlet_count":0,"master_deck":["Strike_R","Strike_R","Defend_R","Defend_R","Defend_R","Bash+1","Burning Pact+1","Carnage+1","Seeing Red+1","Shrug It Off","Wild Strike","Dropkick","Immolate+1","Pommel Strike","Shockwave","Armaments+1","Double Tap","Evolve"],"relics":["Burning Blood","Ancient Tea Set","Juzu Bracelet","Strawberry","Paper Frog","Red Skull","Sozu","Bag of Preparation","WingedGreaves","Oddly Smooth Stone","Happy Flower","Sling","Mark of Pain","ClockworkSouvenir","Darkstone Periapt","Lantern","Toxic Egg 2","Red Mask"],"acts_visited":["Exordium","TheCity","TheBeyond"],"potions_floor_usage":[],"damage_taken":[{"damage":5.0,"enemies":"Cultist","floor":1.0,"turns":4.0},{"damage":3.0,"enemies":"Jaw Worm","floor":2.0,"turns":3.0},{"damage":9.0,"enemies":"2 Louse","floor":4.0,"turns":3.0},{"damage":13.0,"enemies":"Exordium Thugs","floor":5.0,"turns":3.0},{"damage":20.0,"enemies":"Gremlin Nob","floor":8.0,"turns":4.0},{"damage":10.0,"enemies":"Red Slaver","floor":11.0,"turns":4.0},{"damage":18.0,"enemies":"Lagavulin","floor":13.0,"turns":3.0},{"damage":0.0,"enemies":"3 Louse","floor":14.0,"turns":2.0},{"damage":29.0,"enemies":"The Guardian","floor":16.0,"turns":13.0},{"damage":10.0,"enemies":"3 Byrds","floor":18.0,"turns":4.0},{"damage":12.0,"enemies":"Shell Parasite","floor":20.0,"turns":4.0},{"damage":30.0,"enemies":"Shelled Parasite and Fungi","floor":21.0,"turns":3.0},{"damage":21.0,"enemies":"Snake Plant","floor":22.0,"turns":2.0},{"damage":9.0,"enemies":"Slavers","floor":24.0,"turns":2.0},{"damage":5.0,"enemies":"Book of Stabbing","floor":27.0,"turns":3.0},{"damage":29.0,"enemies":"Slavers","floor":28.0,"turns":4.0},{"damage":35,"enemies":"Collector","floor":33,"turns":8},{"damage":1,"enemies":"3 Shapes","floor":35,"turns":3},{"damage":0,"enemies":"Orb Walker","floor":36,"turns":2},{"damage":20,"enemies":"Spire Growth","floor":37,"turns":4},{"damage":28,"enemies":"Reptomancer","floor":40,"turns":4},{"damage":27,"enemies":"Nemesis","floor":42,"turns":5},{"damage":55,"enemies":"Awakened One","floor":50,"turns":6}],"seed_played":"7356314906814873403","potions_obtained":[{"floor":4.0,"key":"AttackPotion"},{"floor":5.0,"key":"BlessingOfTheForge"},{"floor":11.0,"key":"Fire Potion"},{"floor":12.0,"key":"LiquidMemories"},{"floor":12.0,"key":"SkillPotion"},{"floor":13.0,"key":"SkillPotion"}],"is_trial":false,"path_per_floor":["M","M","?","M","M","R","T","E","T","R","M","?","E","M","R","B",null,"M","?","M","M","M","R","E","R","T","E","E","?","$","?","R","B",null,"M","M","M","$","?","E","R","E","T","R","?","$","?","?","R","B"],"character_chosen":"IRONCLAD","items_purchased":["Sling","ClockworkSouvenir","Evolve"],"campfire_rested":3,"item_purchase_floors":[30,38,46],"current_hp_per_floor":[80,80,77,74,67,67,67,60,60,60,56,56,44,50,50,27,87,83,83,77,53,38,64,61,61,61,62,39,39,39,39,65,36,87,87,87,73,73,73,51,75,54,54,54,54,54,54,54,54,0,0],"gold":0,"neow_bonus":"THREE_CARDS","is_daily":false,"chose_seed":false,"campfire_upgraded":5,"win_rate":0.0,"timestamp":1611453915,"path_taken":["M","?","?","M","M","R","?","E","T","R","M","?","E","M","R","BOSS","M","?","M","M","M","R","E","R","T","E","E","?","$","?","R","BOSS","M","M","M","$","?","E","R","E","T","R","?","?","?","?","R","BOSS"],"items_purchased_type":["Relic","Relic","Card"],"build_version":"2020-12-22","purchased_purges":2,"victory":false,"max_hp_per_floor":[80,80,80,80,80,80,80,87,87,87,87,87,87,87,87,87,87,87,87,87,87,87,87,87,87,87,87,87,87,87,87,87,87,87,87,87,87,87,83,83,83,83,83,83,83,83,83,83,83,83,83],"card_choices":[{"not_picked":["Headbutt","Flex"],"picked":"Burning Pact","floor":0.0},{"not_picked":["Warcry","Cleave"],"picked":"Carnage","floor":1.0},{"not_picked":["Headbutt","Spot Weakness"],"picked":"Seeing Red","floor":2.0},{"not_picked":["Infernal Blade","Pommel Strike"],"picked":"Shrug It Off","floor":4.0},{"not_picked":["Shrug It Off","Clash","Iron Wave"],"picked":"SKIP","floor":5.0},{"not_picked":["Seeing Red","Warcry","Dual Wield"],"picked":"SKIP","floor":8.0},{"not_picked":["Clash","Body Slam"],"picked":"Wild Strike","floor":11.0},{"not_picked":["Sword Boomerang","Shrug It Off"],"picked":"Dropkick","floor":13.0},{"not_picked":["Rupture","Burning Pact"],"picked":"Immolate","floor":14.0},{"not_picked":["Heavy Blade+1","Ghostly Armor"],"picked":"Pommel Strike","floor":18.0},{"not_picked":["Shockwave","Armaments","Flame Barrier+1"],"picked":"SKIP","floor":20.0},{"not_picked":["Thunderclap","Body Slam+1"],"picked":"Armaments+1","floor":21.0},{"not_picked":["Pummel","Body Slam","Dark Embrace"],"picked":"SKIP","floor":22.0},{"not_picked":["Corruption","Iron Wave","Havoc"],"picked":"SKIP","floor":24.0},{"not_picked":["Thunderclap+1","True Grit","Shrug It Off"],"picked":"SKIP","floor":27.0},{"not_picked":["Shockwave","Armaments","Brutality"],"picked":"SKIP","floor":28.0},{"not_picked":["Impervious","Bludgeon"],"picked":"Double Tap","floor":33},{"not_picked":["Havoc","Pummel","Dark Embrace+1"],"picked":"SKIP","floor":35},{"not_picked":["Sword Boomerang+1","Cleave+1","Twin Strike"],"picked":"SKIP","floor":36},{"not_picked":["Armaments+1","Juggernaut","Infernal Blade+1"],"picked":"SKIP","floor":37},{"not_picked":["Dark Embrace+1","Rupture","Rampage"],"picked":"SKIP","floor":40},{"not_picked":["Searing Blow","Headbutt","Pummel+1"],"picked":"SKIP","floor":42}],"player_experience":258080,"relics_obtained":[{"floor":7.0,"key":"Juzu Bracelet"},{"floor":8.0,"key":"Strawberry"},{"floor":9.0,"key":"Paper Frog"},{"floor":13.0,"key":"Red Skull"},{"floor":24.0,"key":"Bag of Preparation"},{"floor":27.0,"key":"WingedGreaves"},{"floor":28.0,"key":"Oddly Smooth Stone"},{"floor":40,"key":"Darkstone Periapt"},{"floor":42,"key":"Lantern"},{"floor":43,"key":"Toxic Egg 2"}],"event_choices":[{"damage_healed":0.0,"max_hp_gain":0.0,"max_hp_loss":0.0,"gold_gain":0.0,"event_name":"Scrap Ooze","player_choice":"Success","floor":3.0,"gold_loss":0.0,"damage_taken":3.0,"relics_obtained":["Ancient Tea Set"]},{"damage_healed":0.0,"max_hp_gain":0.0,"max_hp_loss":0.0,"gold_gain":0.0,"event_name":"Lab","player_choice":"Got Potions","floor":12.0,"gold_loss":0.0,"damage_taken":0.0},{"damage_healed":0.0,"max_hp_gain":0.0,"max_hp_loss":0.0,"gold_gain":0.0,"cards_transformed":["Strike_R"],"event_name":"Transmorgrifier","player_choice":"Transformed","floor":19.0,"gold_loss":0.0,"damage_taken":0.0,"cards_obtained":["Shockwave"]},{"damage_healed":0.0,"max_hp_gain":0.0,"max_hp_loss":0.0,"gold_gain":0.0,"event_name":"Addict","player_choice":"Obtained Relic","floor":29.0,"gold_loss":85.0,"damage_taken":0.0,"relics_obtained":["Happy Flower"]},{"damage_healed":0,"gold_gain":0,"player_choice":"Ignored","damage_taken":0,"max_hp_gain":0,"max_hp_loss":0,"event_name":"Cursed Tome","floor":31,"gold_loss":0},{"damage_healed":0,"gold_gain":0,"player_choice":"Max HP","damage_taken":0,"max_hp_gain":0,"max_hp_loss":4,"event_name":"Winding Halls","floor":39,"gold_loss":0},{"cards_removed":["Defend_R"],"damage_healed":0,"gold_gain":0,"player_choice":"Removed Skill","damage_taken":0,"max_hp_gain":0,"max_hp_loss":0,"event_name":"Falling","floor":45,"gold_loss":0},{"damage_healed":0,"gold_gain":0,"player_choice":"Bought 0 Potions","damage_taken":0,"max_hp_gain":0,"max_hp_loss":0,"event_name":"The Woman in Blue","floor":47,"gold_loss":0},{"damage_healed":0,"gold_gain":0,"player_choice":"Paid","damage_taken":0,"relics_obtained":["Red Mask"],"max_hp_gain":0,"max_hp_loss":0,"event_name":"Tomb of Lord Red Mask","floor":48,"gold_loss":117}],"is_beta":false,"boss_relics":[{"not_picked":["Philosopher\u0027s Stone","Busted Crown"],"picked":"Sozu"},{"not_picked":["SlaversCollar","Astrolabe"],"picked":"Mark of Pain"}],"items_purged_floors":[30,38],"is_endless":false,"potions_floor_spawned":[4,5,11,13,14,18,24,27,28,40,42],"killed_by":"Awakened One","ascension_level":0}}