{"host":"cyei475933pvpemq","time":1611454060,"event":{"mods":["Act Like it!","Aspiration","BaseMod","Better Third Choice","BetterRewards","Colored Map","Colored Powertips","Downfall","Energized Spire","Highlight Path","Hubris","Hyrulean Relics","Lobotomy","Mimic Mod","Minty Spire (QoL Compilation)","Replay The Spire","Spicy Shops","Spikes Relics","StSLib","Uncapped"],"gold_per_floor":[116,126,126,141,141,141,170,170,170,170,205,205,266,296,296,391,391,404,404,404,419,419,419,419,484,484,484,484,495,527,527,527,671,671,690,690,660,678,678,678],"floor_reached":39,"language":"ENG","playtime":2202,"items_purged":["Doubt"],"score":590,"play_id":"73cf8965-4173-407a-a641-39b4ed91ccdc","local_time":"20210124030740","is_ascension_mode":false,"campfire_choices":[{"floor":6,"key":"REST"},{"floor":12,"key":"REST"},{"floor":15,"key":"RECALL"},{"data":"Defragment","floor":23,"key":"SMITH"},{"floor":27,"key":"REST"},{"floor":32,"key":"REST"}],"circlet_count":0,"master_deck":["Doubt","Strike_B","Strike_B","Strike_B","Strike_B","Defend_B","Defend_B","Defend_B","Defend_B","Zap","Dualcast","hubris:Wrath","Barrage","Coolheaded","hubris:Lust","Conserve Battery","Cold Snap","Cold Snap","Mirror Shield","Hello World","Defragment+1","Coolheaded","Conserve Battery","Core Surge","Ball Lightning","Core Surge"],"relics":["Cracked Core","Oddly Smooth Stone","hubris:SlimyHat","ReplayTheSpireMod:CursedCoin","HandDrill","ReplayFunnel","Regal Pillow","aspiration:MysteriousAuxiliaryCore","hubris:NiceRug","ReplayTheSpireMod:Ring of Challenge","ReplayTheSpireMod:Ring of Exchange","aspiration:AnachronicSnailShell","aspiration:BabyByrd","Bottled Lightning","Bronze Scales","Sozu","Singing Bowl","aspiration:EnhancedActuators","WingedGreaves","Black Star"],"acts_visited":["Exordium","TheCity","TheBeyond"],"potions_floor_usage":[7,25],"damage_taken":[{"damage":0,"enemies":"2 Louse","floor":1,"turns":3},{"damage":0,"enemies":"Small Slimes","floor":2,"turns":3},{"damage":0,"enemies":"Jaw Worm","floor":4,"turns":4},{"damage":28,"enemies":"Gremlin Nob","floor":7,"turns":5},{"damage":19,"enemies":"3 Sentries","floor":11,"turns":10},{"damage":8,"enemies":"Exordium Wildlife","floor":13,"turns":6},{"damage":8,"enemies":"Lagavulin","floor":14,"turns":6},{"damage":23,"enemies":"Hexaghost","floor":16,"turns":11},{"damage":0,"enemies":"3 Byrds","floor":18,"turns":3},{"damage":0,"enemies":"Spheric Guardian","floor":21,"turns":3},{"damage":15,"enemies":"Cultist and Chosen","floor":25,"turns":8},{"damage":0,"enemies":"Sentry and Sphere","floor":29,"turns":6},{"damage":23,"enemies":"Gremlin Leader","floor":30,"turns":8},{"damage":76,"enemies":"Automaton","floor":33,"turns":18},{"damage":12,"enemies":"3 Darklings","floor":35,"turns":5},{"damage":12,"enemies":"Orb Walker","floor":38,"turns":3},{"damage":73,"enemies":"4 Shapes","floor":39,"turns":9}],"seed_played":"-6187878204499599775","potions_obtained":[{"floor":2,"key":"Flashbang"},{"floor":14,"key":"Adrenaline Potion"},{"floor":16,"key":"SpeedPotion"}],"is_trial":false,"path_per_floor":["M","M","?","M","?","R","E","?","T","$","E","R","M","E","R_BF","B",null,"M","$","?","M","?","R","$","M","T","R","?","M","E","$","R","B",null,"M","?","?","M","M"],"character_chosen":"DEFECT","items_purchased":["Oddly Smooth Stone","hubris:SlimyHat","ReplayTheSpireMod:CursedCoin","HandDrill","ReplayFunnel","Regal Pillow","Coolheaded"],"campfire_rested":4,"item_purchase_floors":[0,0,0,0,0,0,0],"current_hp_per_floor":[35,35,40,40,40,79,51,51,51,51,32,71,63,55,55,32,80,80,80,65,65,68,68,68,53,53,88,88,90,67,67,90,14,90,78,78,78,66,0,0],"gold":678,"neow_bonus":"","is_daily":false,"chose_seed":false,"campfire_upgraded":1,"win_rate":0.0,"timestamp":1611454060,"path_taken":["M","M","?","M","?","R","E","?","T","?","E","R","M","E","R_BF","BOSS","M","$","?","M","?","R","?","?","T","R","?","M","E","?","R","BOSS","M","?","?","?","M"],"items_purchased_type":["Relic","Relic","Relic","Relic","Relic","Relic","Card"],"build_version":"2020-12-22","purchased_purges":1,"victory":false,"max_hp_per_floor":[75,75,80,80,80,80,80,80,80,80,80,80,80,80,80,80,80,80,80,85,85,88,88,88,88,88,88,88,90,90,90,90,90,90,90,90,90,90,90,90],"card_choices":[{"not_picked":["Scrape","ReplayTheSpireMod:GoodbyeWorld","Leap"],"picked":"SKIP","floor":1},{"not_picked":["Turbo","ReplayTheSpireMod:GoodbyeWorld","Fusion"],"picked":"SKIP","floor":2},{"not_picked":["aspiration:Polymerization","Panic Button","Sweeping Beam"],"picked":"SKIP","floor":4},{"not_picked":["Buffer","ReplaySort"],"picked":"Conserve Battery","floor":7},{"not_picked":["Go for the Eyes","ReplayTheSpireMod:Reroute Power"],"picked":"Cold Snap","floor":11},{"not_picked":["Turbo","Double Energy"],"picked":"Cold Snap","floor":13},{"not_picked":["Turbo","Stack","Storm"],"picked":"SKIP","floor":14},{"not_picked":["Reboot","Biased Cognition"],"picked":"Mirror Shield","floor":16},{"not_picked":["BasicCrystalCard","ReplayGash"],"picked":"Hello World","floor":18},{"not_picked":["Crystallizer+1","Gash+1"],"picked":"Defragment","floor":21},{"not_picked":["Reinforced Body","Leap"],"picked":"Coolheaded","floor":25},{"not_picked":["Streamline+1","ReplayTheSpireMod:Reroute Power","Beam Cell"],"picked":"Singing Bowl","floor":29},{"not_picked":["Compile Driver","Hologram"],"picked":"Conserve Battery","floor":30},{"not_picked":["Hyperbeam","ReplayRNGCard"],"picked":"Core Surge","floor":33},{"not_picked":["BasicCrystalCard","Streamline"],"picked":"Ball Lightning","floor":35},{"not_picked":["Go for the Eyes","Conserve Battery"],"picked":"Core Surge","floor":38}],"player_experience":315706,"relics_obtained":[{"floor":5,"key":"ReplayTheSpireMod:Ring of Challenge"},{"floor":5,"key":"ReplayTheSpireMod:Ring of Exchange"},{"floor":7,"key":"aspiration:AnachronicSnailShell"},{"floor":11,"key":"Bottled Lightning"},{"floor":14,"key":"Bronze Scales"},{"floor":26,"key":"Singing Bowl"},{"floor":30,"key":"WingedGreaves"}],"event_choices":[{"damage_healed":0,"gold_gain":0,"player_choice":"Donut","damage_taken":0,"max_hp_gain":5,"max_hp_loss":0,"event_name":"Big Fish","floor":3,"gold_loss":0},{"damage_healed":0,"gold_gain":0,"player_choice":"Shed Blood","damage_taken":20,"max_hp_gain":5,"max_hp_loss":0,"event_name":"Forgotten Altar","floor":20,"gold_loss":0},{"damage_healed":0,"gold_gain":0,"player_choice":"Gave Potion","damage_taken":0,"relics_obtained":["aspiration:EnhancedActuators"],"max_hp_gain":0,"max_hp_loss":0,"event_name":"WeMeetAgain","floor":28,"gold_loss":0},{"damage_healed":0,"gold_gain":0,"player_choice":"Bought 2 Potions","damage_taken":0,"max_hp_gain":0,"max_hp_loss":0,"event_name":"The Woman in Blue","floor":37,"gold_loss":0}],"is_beta":false,"boss_relics":[{"not_picked":["ReplayTheSpireMod:DimensionalGlitch","Lee\u0027s Waffle"],"picked":"Sozu"},{"not_picked":["Chemical X","hubris:TerracottaHorce"],"picked":"Black Star"}],"items_purged_floors":[0],"is_endless":false,"potions_floor_spawned":[2,14,16,18,30,35,38],"killed_by":"4 Shapes","ascension_level":0}}