{"host":"uv5ws9rdk87e8i5k","time":1611468677,"event":{"mods":["AchievementEnabler","BaseMod","Colored Map","Minty Spire (QoL Compilation)","StSLib","SuperFastMode"],"gold_per_floor":[111,126,143,162,179,179,204,219,243,243,274,38,51,51,51,51,51],"floor_reached":16,"language":"ENG","playtime":284,"items_purged":[],"score":148,"play_id":"843bc67d-8f7b-4328-af79-285c2b28dcb3","local_time":"20210124001117","is_ascension_mode":true,"campfire_choices":[{"data":"Perfected Strike","floor":6,"key":"SMITH"},{"floor":10,"key":"REST"},{"floor":15,"key":"REST"}],"circlet_count":0,"master_deck":["Strike_R","Strike_R","Strike_R","Strike_R","Defend_R","Defend_R","Defend_R","Bash","Shrug It Off","Evolve","Twin Strike","Perfected Strike+1","Inflame","Wild Strike","Double Tap","Seeing Red","Infernal Blade","Shrug It Off","Inflame","Inflame","Bludgeon","Pummel"],"relics":["Burning Blood","Peace Pipe","Dream Catcher","Tiny Chest","Red Skull"],"acts_visited":["Exordium"],"potions_floor_usage":[7,7,7],"damage_taken":[{"damage":9,"enemies":"Jaw Worm","floor":1,"turns":5},{"damage":6,"enemies":"2 Louse","floor":2,"turns":3},{"damage":2,"enemies":"Small Slimes","floor":3,"turns":3},{"damage":42,"enemies":"Exordium Thugs","floor":4,"turns":7},{"damage":10,"enemies":"Gremlin Gang","floor":5,"turns":5},{"damage":22,"enemies":"3 Sentries","floor":7,"turns":5},{"damage":11,"enemies":"Exordium Wildlife","floor":8,"turns":4},{"damage":20,"enemies":"Lagavulin","floor":11,"turns":4},{"damage":1,"enemies":"Exordium Thugs","floor":13,"turns":3},{"damage":0,"enemies":"Hexaghost","floor":16,"turns":1}],"seed_played":"3186299009953596665","potions_obtained":[{"floor":1,"key":"Ancient Potion"},{"floor":4,"key":"Dexterity Potion"},{"floor":5,"key":"LiquidMemories"},{"floor":13,"key":"SpeedPotion"}],"is_trial":false,"path_per_floor":["M","M","M","M","M","R","E","M","T","R","E","$","M","$","R","B"],"character_chosen":"IRONCLAD","items_purchased":["Red Skull","Inflame"],"campfire_rested":2,"item_purchase_floors":[12,12],"current_hp_per_floor":[69,69,72,36,32,32,16,11,11,32,18,18,23,23,44,44,44],"gold":51,"neow_bonus":"TRANSFORM_TWO_CARDS","is_daily":false,"chose_seed":false,"campfire_upgraded":1,"win_rate":0.0,"timestamp":1611468677,"path_taken":["M","M","M","M","M","R","E","M","T","R","E","$","M","$","R","BOSS"],"items_purchased_type":["Relic","Card"],"build_version":"2020-12-22","purchased_purges":0,"victory":false,"max_hp_per_floor":[72,72,72,72,72,72,72,72,72,72,72,72,72,72,72,72,72],"card_choices":[{"not_picked":["Combust","Reckless Charge"],"picked":"Twin Strike","floor":1},{"not_picked":["Headbutt","Combust"],"picked":"Perfected Strike","floor":2},{"not_picked":["Heavy Blade","Power Through"],"picked":"Inflame","floor":3},{"not_picked":["Blood for Blood","Metallicize"],"picked":"Wild Strike","floor":4},{"not_picked":["Warcry","Disarm"],"picked":"Double Tap","floor":5},{"not_picked":["Blood for Blood","Sword Boomerang"],"picked":"Seeing Red","floor":7},{"not_picked":["Warcry","Hemokinesis"],"picked":"Infernal Blade","floor":8},{"not_picked":["Sentinel","Dual Wield"],"picked":"Shrug It Off","floor":10},{"not_picked":["True Grit","Iron Wave"],"picked":"Inflame","floor":11},{"not_picked":["Dual Wield","Twin Strike"],"picked":"Bludgeon","floor":13},{"not_picked":["Rampage","Twin Strike"],"picked":"Pummel","floor":15}],"player_experience":223372,"relics_obtained":[{"floor":7,"key":"Peace Pipe"},{"floor":9,"key":"Dream Catcher"},{"floor":11,"key":"Tiny Chest"}],"event_choices":[],"is_beta":false,"boss_relics":[],"items_purged_floors":[],"is_endless":false,"potions_floor_spawned":[1,4,5,13],"killed_by":"Hexaghost","ascension_level":6}}