{"host":"cvgulky4xr711dtb","time":1611461648,"event":{"mods":["AchievementEnabler","BaseMod","BetterRewards","Highlight Path","Minty Spire (QoL Compilation)"],"gold_per_floor":[118,134,150,150,150,150,182,201,201,219,229,22,97,57,57,57,57],"floor_reached":16,"language":"ENG","playtime":743,"items_purged":[],"score":102,"play_id":"63eed383-74cc-41bd-ab22-5d4fa2bcd4ba","local_time":"20210124041408","is_ascension_mode":false,"campfire_choices":[{"data":"TalkToTheHand","floor":6,"key":"SMITH"},{"floor":15,"key":"REST"}],"circlet_count":0,"master_deck":["Strike_P","Strike_P","Strike_P","Strike_P","Defend_P","Defend_P","Defend_P","Defend_P","Eruption","Vigilance","ClearTheMind","CutThroughFate","TalkToTheHand+1","EmptyBody","ThirdEye","Crescendo","Crescendo"],"relics":["PureWater","Ice Cream","The Courier","Letter Opener","White Beast Statue"],"acts_visited":["Exordium"],"potions_floor_usage":[7,10,16,16],"damage_taken":[{"damage":0,"enemies":"Small Slimes","floor":1,"turns":4},{"damage":3,"enemies":"2 Louse","floor":2,"turns":3},{"damage":0,"enemies":"Cultist","floor":3,"turns":2},{"damage":28,"enemies":"Gremlin Nob","floor":7,"turns":4},{"damage":0,"enemies":"Large Slime","floor":8,"turns":4},{"damage":0,"enemies":"Blue Slaver","floor":10,"turns":2},{"damage":1,"enemies":"Red Slaver","floor":11,"turns":3},{"damage":53,"enemies":"Hexaghost","floor":16,"turns":11}],"seed_played":"-1449099676934235670","potions_obtained":[{"floor":3,"key":"Ambrosia"},{"floor":7,"key":"Ambrosia"},{"floor":8,"key":"Dexterity Potion"}],"is_trial":false,"path_per_floor":["M","M","M","?","?","R","E","M","T","M","M","$","?","$","R","B"],"character_chosen":"WATCHER","items_purchased":["Ice Cream","ClearTheMind","White Beast Statue","AttackPotion"],"campfire_rested":1,"item_purchase_floors":[0,0,12,14],"current_hp_per_floor":[65,62,62,55,72,72,44,44,44,44,43,43,32,32,53,0,0],"gold":57,"neow_bonus":"","is_daily":false,"chose_seed":false,"campfire_upgraded":1,"win_rate":0.0,"timestamp":1611461648,"path_taken":["M","M","M","?","?","R","E","M","T","M","M","$","?","?","R","BOSS"],"items_purchased_type":["Relic","Card","Relic","Potion"],"build_version":"2020-12-22","purchased_purges":0,"victory":false,"max_hp_per_floor":[72,72,72,72,72,72,72,72,72,72,72,72,72,72,72,72,72],"card_choices":[{"not_picked":["Prostrate","Perseverance"],"picked":"CutThroughFate","floor":1},{"not_picked":["Prostrate","ClearTheMind"],"picked":"TalkToTheHand","floor":2},{"not_picked":["BattleHymn","Sanctity"],"picked":"EmptyBody","floor":3},{"not_picked":["CrushJoints","WreathOfFlame"],"picked":"ThirdEye","floor":7},{"not_picked":["ThirdEye","ReachHeaven"],"picked":"Crescendo","floor":8},{"not_picked":["EmptyFist","CrushJoints"],"picked":"Crescendo","floor":10},{"not_picked":["PathToVictory","Indignation","Adaptation"],"picked":"SKIP","floor":11}],"player_experience":209615,"relics_obtained":[{"floor":7,"key":"The Courier"},{"floor":9,"key":"Letter Opener"}],"event_choices":[{"cards_removed":["The Bomb"],"damage_healed":0,"gold_gain":0,"player_choice":"Card Removal","damage_taken":7,"max_hp_gain":0,"max_hp_loss":0,"event_name":"Golden Wing","floor":4,"gold_loss":0},{"damage_healed":24,"gold_gain":0,"player_choice":"Banana","damage_taken":0,"max_hp_gain":0,"max_hp_loss":0,"event_name":"Big Fish","floor":5,"gold_loss":0},{"damage_healed":0,"gold_gain":75,"player_choice":"Gather Gold","damage_taken":11,"max_hp_gain":0,"max_hp_loss":0,"event_name":"World of Goop","floor":13,"gold_loss":0}],"is_beta":false,"boss_relics":[],"items_purged_floors":[],"is_endless":false,"potions_floor_spawned":[3,7,8],"killed_by":"Hexaghost","ascension_level":0}}