{"host":"g2yp6paluzgljz05","time":1611499995,"event":{"mods":["BaseMod","Bestiary","Colored Powertips","DeckTracker","Highlight Path","Minty Spire (QoL Compilation)","Quick Restart"],"gold_per_floor":[109,109,123,136,150,150,179,197,197,197,208,218,252,128,128,224,224,224,224],"floor_reached":18,"language":"ENG","playtime":1392,"items_purged":["Strike_R"],"score":209,"play_id":"4cd0e6e1-cd16-4ca5-b679-5e51ccb4e60c","local_time":"20210125015315","is_ascension_mode":true,"campfire_choices":[{"data":"Armaments","floor":6,"key":"SMITH"},{"data":"Perfected Strike","floor":10,"key":"SMITH"},{"floor":15,"key":"REST"}],"circlet_count":0,"master_deck":["Bash","Shrug It Off","Perfected Strike+1","Armaments+1","Dual Wield","Flame Barrier","Headbutt","True Grit","Inflame+1","Impervious","Power Through","Power Through","Sentinel","Clash","Dark Embrace+1","Perfected Strike","True Grit"],"relics":["Burning Blood","Bag of Preparation","Frozen Egg 2","The Courier","Pandora\u0027s Box"],"acts_visited":["Exordium","TheCity"],"potions_floor_usage":[5,11,16],"damage_taken":[{"damage":12,"enemies":"Jaw Worm","floor":1,"turns":3},{"damage":0,"enemies":"Cultist","floor":3,"turns":4},{"damage":0,"enemies":"Small Slimes","floor":4,"turns":4},{"damage":30,"enemies":"Gremlin Gang","floor":5,"turns":4},{"damage":27,"enemies":"3 Sentries","floor":7,"turns":13},{"damage":7,"enemies":"3 Louse","floor":8,"turns":6},{"damage":11,"enemies":"Looter","floor":11,"turns":3},{"damage":1,"enemies":"Large Slime","floor":12,"turns":6},{"damage":40,"enemies":"Lagavulin","floor":13,"turns":4},{"damage":34,"enemies":"Hexaghost","floor":16,"turns":14},{"damage":30,"enemies":"Shell Parasite","floor":18,"turns":10}],"seed_played":"-4253296291059339047","potions_obtained":[{"floor":2,"key":"ColorlessPotion"},{"floor":2,"key":"Block Potion"},{"floor":2,"key":"LiquidMemories"},{"floor":8,"key":"BloodPotion"},{"floor":11,"key":"Block Potion"}],"is_trial":false,"path_per_floor":["M","?","M","M","M","R","E","M","T","R","M","M","E","$","R","B",null,"M"],"character_chosen":"IRONCLAD","items_purchased":["Inflame+1"],"campfire_rested":1,"item_purchase_floors":[14],"current_hp_per_floor":[74,74,80,80,56,56,35,34,34,34,45,50,16,16,40,12,80,50,50],"gold":224,"neow_bonus":"REMOVE_CARD","is_daily":false,"chose_seed":false,"campfire_upgraded":2,"win_rate":0.0,"timestamp":1611499995,"path_taken":["M","?","?","M","M","R","E","M","T","R","M","M","E","$","R","BOSS","M"],"items_purchased_type":["Card"],"build_version":"2020-12-22","purchased_purges":1,"victory":false,"max_hp_per_floor":[80,80,80,80,80,80,80,80,80,80,80,80,80,80,80,80,80,80,80],"card_choices":[{"not_picked":["Sword Boomerang","Twin Strike"],"picked":"Shrug It Off","floor":1},{"not_picked":["Warcry","Feel No Pain"],"picked":"Perfected Strike","floor":3},{"not_picked":["Pummel","Havoc"],"picked":"Armaments","floor":4},{"not_picked":["Twin Strike","Body Slam"],"picked":"Dual Wield","floor":5},{"not_picked":["Second Wind","Anger","Corruption"],"picked":"SKIP","floor":7},{"not_picked":["Twin Strike","Fire Breathing"],"picked":"Flame Barrier","floor":8},{"not_picked":["Sever Soul","Iron Wave","Clash"],"picked":"SKIP","floor":11},{"not_picked":["Sword Boomerang","Clash"],"picked":"Headbutt","floor":12},{"not_picked":["Carnage","Headbutt"],"picked":"True Grit","floor":13},{"not_picked":["Offering","Bludgeon"],"picked":"Impervious","floor":16}],"player_experience":256672,"relics_obtained":[{"floor":7,"key":"Bag of Preparation"},{"floor":9,"key":"Frozen Egg 2"},{"floor":13,"key":"The Courier"}],"event_choices":[{"damage_healed":0,"gold_gain":0,"player_choice":"Got Potions","damage_taken":0,"max_hp_gain":0,"max_hp_loss":0,"event_name":"Lab","floor":2,"gold_loss":0}],"is_beta":false,"boss_relics":[{"not_picked":["Philosopher\u0027s Stone","Astrolabe"],"picked":"Pandora\u0027s Box"}],"items_purged_floors":[14],"is_endless":false,"potions_floor_spawned":[4,8,11,13],"killed_by":"Shell Parasite","ascension_level":4}}