{"host":"3a1ypf1irl30q4k8","time":1611507978,"event":{"mods":["AchievementEnabler","BaseMod","Bestiary","Colored Map","Minty Spire (QoL Compilation)","Relic Stats"],"gold_per_floor":[116,128,203,216,229,229,260,260,260,311,311,29,29,29,29,29,29],"floor_reached":16,"language":"ENG","playtime":444,"items_purged":[],"score":118,"play_id":"1758b7a3-74a6-4777-8155-7d31c598a463","local_time":"20210124170618","is_ascension_mode":true,"campfire_choices":[{"data":"Twin Strike","floor":6,"key":"SMITH"},{"floor":8,"key":"REST"},{"data":"Entrench","floor":13,"key":"SMITH"},{"data":"Thunderclap","floor":15,"key":"SMITH"}],"circlet_count":0,"master_deck":["Strike_R","Strike_R","Strike_R","Strike_R","Strike_R","Defend_R","Defend_R","Defend_R","Defend_R","Bash+1","Twin Strike+1","Entrench+1","Flame Barrier","Thunderclap+1","Body Slam","Rage"],"relics":["Burning Blood","White Beast Statue","Kunai","Pear"],"acts_visited":["Exordium"],"potions_floor_usage":[7,16],"damage_taken":[{"damage":1,"enemies":"Cultist","floor":1,"turns":3},{"damage":7,"enemies":"2 Louse","floor":2,"turns":2},{"damage":12,"enemies":"Jaw Worm","floor":4,"turns":2},{"damage":16,"enemies":"Blue Slaver","floor":5,"turns":4},{"damage":28,"enemies":"Lagavulin","floor":7,"turns":5},{"damage":68,"enemies":"Slime Boss","floor":16,"turns":10}],"seed_played":"-8788580269974041528","potions_obtained":[{"floor":1,"key":"PowerPotion"},{"floor":7,"key":"SpeedPotion"}],"is_trial":false,"path_per_floor":["M","M","?","M","M","R","E","R","T","?","T","$","R","$","R","B"],"character_chosen":"IRONCLAD","items_purchased":["Rage","Pear"],"campfire_rested":1,"item_purchase_floors":[12,12],"current_hp_per_floor":[80,79,68,62,52,52,30,54,54,54,54,64,64,64,64,0,0],"gold":29,"neow_bonus":"UPGRADE_CARD","is_daily":false,"chose_seed":false,"campfire_upgraded":3,"win_rate":0.0,"timestamp":1611507978,"path_taken":["M","M","?","M","M","R","E","R","T","?","?","$","R","?","R","BOSS"],"items_purchased_type":["Card","Relic"],"build_version":"2020-12-22","purchased_purges":0,"victory":false,"max_hp_per_floor":[80,80,80,80,80,80,80,80,80,80,80,90,90,90,90,90,90],"relic_stats":{"counters":[6,26],"Kunai":[1],"obtain_stats":[{"Pear":12,"Kunai":9,"Burning Blood":0,"White Beast Statue":7},{"Pear":5,"Kunai":5,"Burning Blood":0,"White Beast Statue":5},{"Pear":16,"Kunai":16,"Burning Blood":0,"White Beast Statue":16}],"Burning Blood":25},"card_choices":[{"not_picked":["Havoc","Burning Pact"],"picked":"Twin Strike","floor":1},{"not_picked":["Clash","Intimidate"],"picked":"Entrench","floor":2},{"not_picked":["Second Wind","Iron Wave"],"picked":"Flame Barrier","floor":4},{"not_picked":["Sword Boomerang","Searing Blow"],"picked":"Thunderclap","floor":5},{"not_picked":["Thunderclap","Flex"],"picked":"Body Slam","floor":7}],"player_experience":1191848,"relics_obtained":[{"floor":7,"key":"White Beast Statue"},{"floor":9,"key":"Kunai"}],"event_choices":[{"damage_healed":0,"gold_gain":75,"player_choice":"Gather Gold","damage_taken":11,"max_hp_gain":0,"max_hp_loss":0,"event_name":"World of Goop","floor":3,"gold_loss":0},{"damage_healed":0,"gold_gain":51,"player_choice":"Gained Gold","damage_taken":0,"max_hp_gain":0,"max_hp_loss":0,"event_name":"Golden Wing","floor":10,"gold_loss":0}],"is_beta":false,"boss_relics":[],"items_purged_floors":[],"is_endless":false,"potions_floor_spawned":[1,7],"killed_by":"Slime Boss","ascension_level":4}}