{"host":"1c17lcvl7acx821p","time":1611484800,"event":{"mods":["AchievementEnabler","BaseMod","Colored Map","Minty Spire (QoL Compilation)","StSLib"],"gold_per_floor":[16,40,56,6,6,45,58,72,72,72,72,90,90,104,104,104,104],"floor_reached":16,"language":"ENG","playtime":744,"items_purged":[],"score":153,"play_id":"8d2fb28e-0357-49f9-a291-19384b5e8e2b","local_time":"20210124124000","is_ascension_mode":true,"campfire_choices":[{"floor":11,"key":"REST"},{"floor":13,"key":"REST"},{"data":"Bane","floor":15,"key":"SMITH"}],"circlet_count":0,"master_deck":["AscendersBane","Strike_G","Strike_G","Strike_G","Defend_G","Defend_G","Defend_G","Defend_G","Survivor","Neutralize","Poisoned Stab","Deflect","Acrobatics","Poisoned Stab","Bane+1","Bane"],"relics":["Ring of the Snake","Anchor","Golden Idol","MealTicket","Matryoshka"],"acts_visited":["Exordium"],"potions_floor_usage":[6,8],"damage_taken":[{"damage":2,"enemies":"Cultist","floor":1,"turns":5},{"damage":2,"enemies":"Jaw Worm","floor":3,"turns":5},{"damage":36,"enemies":"Lagavulin","floor":6,"turns":11},{"damage":0,"enemies":"2 Louse","floor":7,"turns":4},{"damage":0,"enemies":"Blue Slaver","floor":8,"turns":3},{"damage":0,"enemies":"Looter","floor":12,"turns":3},{"damage":6,"enemies":"2 Fungi Beasts","floor":14,"turns":3},{"damage":53,"enemies":"Slime Boss","floor":16,"turns":8}],"seed_played":"7616760328619299603","potions_obtained":[{"floor":3,"key":"SpeedPotion"},{"floor":6,"key":"AttackPotion"},{"floor":14,"key":"Fruit Juice"}],"is_trial":false,"path_per_floor":["M","T","M","?","?","E","M","M","T","?","R","M","R","M","R","B"],"character_chosen":"THE_SILENT","items_purchased":[],"campfire_rested":2,"item_purchase_floors":[],"current_hp_per_floor":[61,61,59,59,42,6,6,6,6,6,27,27,48,42,42,0,0],"gold":104,"neow_bonus":"REMOVE_TWO","is_daily":false,"chose_seed":false,"campfire_upgraded":1,"win_rate":0.0,"timestamp":1611484800,"path_taken":["M","?","M","?","?","E","?","M","T","?","R","M","R","M","R","BOSS"],"items_purchased_type":[],"build_version":"2020-12-22","purchased_purges":0,"victory":false,"max_hp_per_floor":[70,70,70,70,70,70,70,70,70,70,70,70,70,70,70,70,70],"card_choices":[{"not_picked":["Infinite Blades","Sucker Punch"],"picked":"Poisoned Stab","floor":1},{"not_picked":["Cloak And Dagger","Acrobatics"],"picked":"Deflect","floor":3},{"not_picked":["Outmaneuver","Bane"],"picked":"Acrobatics","floor":6},{"not_picked":["Choke","Blade Dance"],"picked":"Poisoned Stab","floor":7},{"not_picked":["Noxious Fumes","All Out Attack"],"picked":"Bane","floor":8},{"not_picked":["Quick Slash","Heel Hook","Skewer"],"picked":"SKIP","floor":12},{"not_picked":["Outmaneuver","Skewer"],"picked":"Bane","floor":14}],"player_experience":187391,"relics_obtained":[{"floor":2,"key":"Anchor"},{"floor":6,"key":"MealTicket"},{"floor":9,"key":"Matryoshka"}],"event_choices":[{"cards_removed":["Strike_G"],"damage_healed":0,"gold_gain":0,"player_choice":"Card Removal","damage_taken":0,"max_hp_gain":0,"max_hp_loss":0,"event_name":"The Cleric","floor":4,"gold_loss":50},{"damage_healed":0,"gold_gain":0,"player_choice":"Take Damage","damage_taken":17,"relics_obtained":["Golden Idol"],"max_hp_gain":0,"max_hp_loss":0,"event_name":"Golden Idol","floor":5,"gold_loss":0},{"damage_healed":0,"gold_gain":0,"player_choice":"Fled","damage_taken":0,"max_hp_gain":0,"max_hp_loss":0,"event_name":"Scrap Ooze","floor":10,"gold_loss":0}],"is_beta":false,"boss_relics":[],"items_purged_floors":[],"is_endless":false,"potions_floor_spawned":[3,6,14],"killed_by":"Slime Boss","ascension_level":10}}