{"host":"qgpqu878cmwvz894","time":1611502769,"event":{"mods":["AchievementEnabler","BaseMod","Colored Map","Minty Spire (QoL Compilation)","Rare Cards Sparkle","SuperFastMode"],"gold_per_floor":[113,113,113,133,133,133,152,152,152,180,160,176,176,187,187,287,287,300,77,111,111,128,154,154,169,248,248,262,262,274,292,292,389,389,407,407,407,407,417,451,467,367,367,387,397,411,428,444,444,444,444,444,39,64,64],"floor_reached":56,"language":"KOR","playtime":4354,"items_purged":["Collect+1","Defend_P+1"],"score":1203,"play_id":"9dc783fa-8cc1-4f9c-97c1-f3237abf4c4a","local_time":"20210125003929","is_ascension_mode":false,"campfire_choices":[{"floor":6,"key":"RECALL"},{"data":"FlyingSleeves","floor":8,"key":"SMITH"},{"data":"FollowUp","floor":13,"key":"SMITH"},{"data":"Vigilance","floor":15,"key":"SMITH"},{"data":"RitualDagger","floor":27,"key":"SMITH"},{"data":"DevaForm","floor":29,"key":"SMITH"},{"data":"EmptyMind","floor":32,"key":"SMITH"},{"data":"ClearTheMind","floor":49,"key":"SMITH"},{"floor":52,"key":"REST"}],"circlet_count":0,"master_deck":["Strike_P+1","Strike_P+1","Strike_P+1","Defend_P+1","Defend_P+1","Defend_P+1","Eruption+1","Vigilance+1","Consecrate+1","FollowUp+1","FlyingSleeves+1","EmptyMind+1","FearNoEvil+1","EmptyBody+1","DevaForm+1","Halt+1","LikeWater+1","DeceiveReality+1","RitualDagger+1","EmptyFist+1","ClearTheMind+1","ClearTheMind+1","FlyingSleeves+1","Parasite","SashWhip+1","FlurryOfBlows"],"relics":["PureWater","NeowsBlessing","Pen Nib","Busted Crown","Strawberry","Red Mask","Whetstone","Ancient Tea Set","Bottled Tornado","SlaversCollar","Bottled Lightning","White Beast Statue","Bronze Scales","InkBottle","Toy Ornithopter"],"acts_visited":["Exordium","TheCity","TheBeyond","TheEnding"],"potions_floor_usage":[12,16,16,16,22,23,23,23,25,28,33,35,40,45,47,47,47,55],"damage_taken":[{"damage":0,"enemies":"Jaw Worm","floor":1,"turns":1},{"damage":0,"enemies":"2 Louse","floor":4,"turns":1},{"damage":0,"enemies":"Cultist","floor":7,"turns":1},{"damage":42,"enemies":"Lagavulin","floor":10,"turns":6},{"damage":5,"enemies":"2 Fungi Beasts","floor":12,"turns":3},{"damage":0,"enemies":"3 Louse","floor":14,"turns":2},{"damage":31,"enemies":"Hexaghost","floor":16,"turns":8},{"damage":3,"enemies":"3 Byrds","floor":18,"turns":5},{"damage":60,"enemies":"Masked Bandits","floor":20,"turns":5},{"damage":0,"enemies":"2 Thieves","floor":22,"turns":3},{"damage":22,"enemies":"Slavers","floor":23,"turns":4},{"damage":0,"enemies":"3 Cultists","floor":25,"turns":3},{"damage":27,"enemies":"Snecko","floor":28,"turns":6},{"damage":59,"enemies":"Chosen and Byrds","floor":30,"turns":7},{"damage":0,"enemies":"Snake Plant","floor":31,"turns":1},{"damage":72,"enemies":"Champ","floor":33,"turns":14},{"damage":50,"enemies":"3 Darklings","floor":35,"turns":9},{"damage":0,"enemies":"Orb Walker","floor":39,"turns":4},{"damage":189,"enemies":"Giant Head","floor":40,"turns":14},{"damage":30,"enemies":"Jaw Worm Horde","floor":41,"turns":4},{"damage":50,"enemies":"Transient","floor":44,"turns":5},{"damage":18,"enemies":"Maw","floor":45,"turns":9},{"damage":15,"enemies":"4 Shapes","floor":46,"turns":5},{"damage":5,"enemies":"Writhing Mass","floor":47,"turns":4},{"damage":27,"enemies":"Sphere and 2 Shapes","floor":48,"turns":6},{"damage":247,"enemies":"Donu and Deca","floor":50,"turns":20},{"damage":101,"enemies":"Shield and Spear","floor":54,"turns":11},{"damage":424,"enemies":"The Heart","floor":55,"turns":13}],"seed_played":"-2134894094332684525","potions_obtained":[{"floor":1,"key":"Swift Potion"},{"floor":10,"key":"Swift Potion"},{"floor":11,"key":"Regen Potion"},{"floor":14,"key":"Fire Potion"},{"floor":22,"key":"EntropicBrew"},{"floor":23,"key":"DistilledChaos"},{"floor":25,"key":"Strength Potion"},{"floor":31,"key":"PowerPotion"},{"floor":33,"key":"BlessingOfTheForge"},{"floor":35,"key":"Energy Potion"},{"floor":39,"key":"Swift Potion"},{"floor":44,"key":"ColorlessPotion"},{"floor":45,"key":"BottledMiracle"},{"floor":46,"key":"PowerPotion"},{"floor":47,"key":"Fruit Juice"},{"floor":48,"key":"FairyPotion"},{"floor":54,"key":"SneckoOil"}],"is_trial":false,"path_per_floor":["M","?","?","M","?","R","M","R","T","E","?","M","R","M","R","B",null,"M","$","?","T","M","E","?","M","T","R","M","R","M","M","R","B",null,"M","?","?","?","M","E","M","$","T","M","M","M","M","M","R","B",null,"R","$","E","B",null],"character_chosen":"WATCHER","items_purchased":["Strawberry","Bronze Scales","InkBottle"],"campfire_rested":1,"item_purchase_floors":[19,53,53],"current_hp_per_floor":[72,72,72,72,72,72,72,72,72,68,68,67,67,67,67,36,72,69,76,70,70,70,48,42,42,42,42,53,53,48,48,48,8,79,79,79,79,79,79,91,61,61,61,66,48,33,105,78,78,54,105,105,105,79,55],"gold":64,"neow_bonus":"THREE_ENEMY_KILL","is_daily":false,"chose_seed":false,"campfire_upgraded":7,"win_rate":0.0,"timestamp":1611502769,"path_taken":["M","?","?","?","?","R","M","R","T","E","?","M","R","M","R","BOSS","M","?","?","?","?","E","?","M","T","R","M","R","M","M","R","BOSS","M","?","?","?","M","E","?","$","T","M","M","M","M","M","R","BOSS","R","$","E","BOSS"],"items_purchased_type":["Relic","Relic","Relic"],"build_version":"2020-12-22","purchased_purges":2,"victory":true,"max_hp_per_floor":[72,72,72,72,72,72,72,72,72,72,72,72,72,72,72,72,72,72,79,79,79,79,79,79,79,79,79,79,79,79,79,79,79,79,79,79,79,79,79,100,100,100,100,100,100,100,105,105,105,105,105,105,105,105,105],"card_choices":[{"not_picked":["Wallop","ThirdEye"],"picked":"Consecrate","floor":1},{"not_picked":["ThirdEye","Worship"],"picked":"FollowUp","floor":4},{"not_picked":["Crescendo","Pray"],"picked":"FlyingSleeves","floor":7},{"not_picked":["PathToVictory","CrushJoints"],"picked":"EmptyMind","floor":10},{"not_picked":["FlyingSleeves","FollowUp"],"picked":"FearNoEvil","floor":12},{"not_picked":["Consecrate","CrushJoints"],"picked":"EmptyBody","floor":14},{"not_picked":["Brilliance","Vault"],"picked":"DevaForm","floor":16},{"not_picked":[],"picked":"Collect+1","floor":18},{"not_picked":[],"picked":"Halt","floor":20},{"not_picked":[],"picked":"LikeWater","floor":22},{"not_picked":[],"picked":"DeceiveReality","floor":23},{"not_picked":["CutThroughFate"],"picked":"SKIP","floor":25},{"not_picked":[],"picked":"EmptyFist+1","floor":28},{"not_picked":["Evaluate"],"picked":"SKIP","floor":30},{"not_picked":["EmptyBody+1"],"picked":"SKIP","floor":31},{"not_picked":["WaveOfTheHand"],"picked":"SKIP","floor":35},{"not_picked":["FlyingSleeves"],"picked":"SKIP","floor":39},{"not_picked":["BowlingBash"],"picked":"SKIP","floor":40},{"not_picked":["Wallop"],"picked":"SKIP","floor":41},{"not_picked":[],"picked":"ClearTheMind+1","floor":44},{"not_picked":[],"picked":"ClearTheMind","floor":45},{"not_picked":[],"picked":"FlyingSleeves+1","floor":46},{"not_picked":[],"picked":"SashWhip+1","floor":47},{"not_picked":["Ragnarok"],"picked":"SKIP","floor":48},{"not_picked":[],"picked":"FlurryOfBlows","floor":54}],"player_experience":127745,"relics_obtained":[{"floor":10,"key":"Pen Nib"},{"floor":20,"key":"Red Mask"},{"floor":21,"key":"Whetstone"},{"floor":23,"key":"Ancient Tea Set"},{"floor":26,"key":"Bottled Tornado"},{"floor":40,"key":"Bottled Lightning"},{"floor":43,"key":"White Beast Statue"},{"floor":54,"key":"Toy Ornithopter"}],"event_choices":[{"damage_healed":0,"gold_gain":0,"player_choice":"Grow","damage_taken":0,"max_hp_gain":0,"max_hp_loss":0,"event_name":"Living Wall","floor":2,"gold_loss":0,"cards_upgraded":["Eruption"]},{"damage_healed":0,"gold_gain":0,"player_choice":"Forge","damage_taken":0,"max_hp_gain":0,"max_hp_loss":0,"event_name":"Accursed Blacksmith","floor":3,"gold_loss":0,"cards_upgraded":["Consecrate"]},{"damage_healed":0,"gold_gain":0,"player_choice":"Ignored","damage_taken":0,"max_hp_gain":0,"max_hp_loss":0,"event_name":"Liars Game","floor":5,"gold_loss":0},{"damage_healed":0,"gold_gain":0,"player_choice":"Bought 1 Potion","damage_taken":0,"max_hp_gain":0,"max_hp_loss":0,"event_name":"The Woman in Blue","floor":11,"gold_loss":0},{"damage_healed":0,"gold_gain":0,"player_choice":"Fought Bandits","damage_taken":0,"max_hp_gain":0,"max_hp_loss":0,"event_name":"Masked Bandits","floor":20,"gold_loss":0},{"damage_healed":0,"gold_gain":0,"player_choice":"Joined the Cult","damage_taken":6,"max_hp_gain":0,"max_hp_loss":0,"event_name":"Nest","floor":24,"gold_loss":0,"cards_obtained":["RitualDagger"]},{"cards_removed":["Strike_P"],"damage_healed":0,"gold_gain":0,"player_choice":"Removed Attack","damage_taken":0,"max_hp_gain":0,"max_hp_loss":0,"event_name":"Falling","floor":36,"gold_loss":0},{"damage_healed":0,"gold_gain":0,"player_choice":"Upgrade","damage_taken":0,"relics_obtained":["Mark of the Bloom"],"max_hp_gain":0,"max_hp_loss":0,"event_name":"MindBloom","floor":37,"gold_loss":0,"cards_upgraded":["Strike_P","Strike_P","Defend_P","Defend_P","Defend_P","Defend_P","EmptyBody","Halt","LikeWater","DeceiveReality"]},{"damage_healed":0,"gold_gain":0,"player_choice":"Ignored","damage_taken":0,"max_hp_gain":0,"max_hp_loss":0,"event_name":"NoteForYourself","floor":38,"gold_loss":0}],"is_beta":false,"boss_relics":[{"not_picked":["Calling Bell","Runic Dome"],"picked":"Busted Crown"},{"not_picked":["Runic Pyramid","Sozu"],"picked":"SlaversCollar"}],"items_purged_floors":[19,42],"is_endless":false,"potions_floor_spawned":[1,10,14,22,23,25,31,33,35,39,40,44,45,46,47,48,54],"ascension_level":0}}