{"host":"zxd2l8an9de7z7b9","time":1611491207,"event":{"mods":["100% Spire Juice","2.2 Compatiblity","Arknights The Spire","BaseMod","CapriCore","Colored Map","Colored Powertips","Minty Spire (QoL Compilation)","Rare Cards Sparkle","StSLib","SuperFastMode","The Bug Knight"],"gold_per_floor":[118,43,43,58,78,78,103,123,146,159,169,15,15,15,15,114,114,126,160,35,49,149,176,195,215,262,296,146,163,173,173,173,272,272,292,309,322,337,352,574,574,574,574,574,88,88,103,103,103,103],"floor_reached":51,"language":"KOR","playtime":3193,"items_purged":["Strike_P","Defend_P","Strike_P","Defend_P","Defend_P"],"score":693,"play_id":"b864d055-f1c0-4f7c-a15e-cfb8120e3488","local_time":"20210124212647","is_ascension_mode":false,"campfire_choices":[{"data":"Eruption","floor":6.0,"key":"SMITH"},{"data":"Prostrate","floor":15.0,"key":"SMITH"},{"floor":32.0,"key":"REST"},{"floor":42,"key":"REST"},{"floor":49,"key":"REST"}],"circlet_count":0,"master_deck":["Strike_P+1","Defend_P+1","Eruption+1","Vigilance+1","EmptyFist","Dramatic Entrance+1","Evaluate+1","Prostrate+1","TalkToTheHand+1","TalkToTheHand","Crescendo+1","ClearTheMind+1","FollowUp","LessonLearned","Perseverance+1","FlurryOfBlows+1","LikeWater+1","Indignation+1","EmptyBody+1","Prostrate","Halt+1","WheelKick+1","Devotion+1","MentalFortress+1","Meditate+1","Adaptation+1","WindmillStrike+1","Parasite","ClearTheMind+1","TalkToTheHand+1","Apotheosis","Crescendo"],"relics":["PureWater","Toy Ornithopter","MealTicket","Oddly Smooth Stone","Fusion Hammer","Red Mask","Eternal Feather","Tiny Chest","Matryoshka","VioletLotus","Dream Catcher","Damaru","HollowMod:StagPassRelic","Shuriken","Pocketwatch"],"acts_visited":["Exordium","TheCity","TheBeyond"],"potions_floor_usage":[36,39,48],"damage_taken":[{"damage":0.0,"enemies":"2 Louse","floor":1.0,"turns":2.0},{"damage":0.0,"enemies":"Cultist","floor":4.0,"turns":4.0},{"damage":5.0,"enemies":"Jaw Worm","floor":5.0,"turns":4.0},{"damage":36.0,"enemies":"3 Sentries","floor":7.0,"turns":8.0},{"damage":0.0,"enemies":"Lots of Slimes","floor":8.0,"turns":1.0},{"damage":0.0,"enemies":"Blue Slaver","floor":10.0,"turns":3.0},{"damage":0.0,"enemies":"Gremlin Gang","floor":11.0,"turns":1.0},{"damage":52.0,"enemies":"Slime Boss","floor":16.0,"turns":16.0},{"damage":12.0,"enemies":"Spheric Guardian","floor":18.0,"turns":4.0},{"damage":14.0,"enemies":"Masked Bandits","floor":19.0,"turns":3.0},{"damage":1.0,"enemies":"Shell Parasite","floor":21.0,"turns":5.0},{"damage":41.0,"enemies":"Slavers","floor":23.0,"turns":7.0},{"damage":0.0,"enemies":"Centurion and Healer","floor":24.0,"turns":7.0},{"damage":0.0,"enemies":"Shelled Parasite and Fungi","floor":25.0,"turns":8.0},{"damage":24.0,"enemies":"Gremlin Leader","floor":27.0,"turns":8.0},{"damage":0.0,"enemies":"Snake Plant","floor":29.0,"turns":7.0},{"damage":8.0,"enemies":"Sentry and Sphere","floor":30.0,"turns":7.0},{"damage":17.0,"enemies":"Collector","floor":33.0,"turns":10.0},{"damage":3.0,"enemies":"3 Darklings","floor":35.0,"turns":6.0},{"damage":16,"enemies":"3 Shapes","floor":36,"turns":4},{"damage":0,"enemies":"Spire Growth","floor":37,"turns":5},{"damage":19,"enemies":"Transient","floor":38,"turns":5},{"damage":15,"enemies":"Writhing Mass","floor":39,"turns":6},{"damage":18,"enemies":"Spire Growth","floor":47,"turns":4},{"damage":20,"enemies":"Jaw Worm Horde","floor":48,"turns":3},{"damage":45,"enemies":"Awakened One","floor":50,"turns":9}],"seed_played":"-8005579452462423899","potions_obtained":[{"floor":1.0,"key":"LiquidBronze"},{"floor":7.0,"key":"BlessingOfTheForge"},{"floor":8.0,"key":"ColorlessPotion"},{"floor":10.0,"key":"EssenceOfSteel"},{"floor":16.0,"key":"Explosive Potion"},{"floor":18.0,"key":"LiquidMemories"},{"floor":27.0,"key":"AttackPotion"},{"floor":29.0,"key":"StancePotion"},{"floor":30.0,"key":"DuplicationPotion"},{"floor":33.0,"key":"ColorlessPotion"},{"floor":36,"key":"Block Potion"},{"floor":39,"key":"SmokeBomb"}],"is_trial":false,"path_per_floor":["M","$","?","M","M","R","E","M","T","M","M","$","$","?","R","B",null,"M","?","$","M","?","E","M","M","T","E","$","M","M","?","R","B",null,"M","M","M","M","M","?","T","R","T","?","$","?","M","M","R","B",null],"character_chosen":"WATCHER","items_purchased":["FollowUp","Pocketwatch"],"campfire_rested":3,"item_purchase_floors":[12,45],"current_hp_per_floor":[79,79,79,79,74,74,38,43,43,43,43,58,73,70,70,23,79,67,58,73,72,72,31,31,31,31,7,22,27,29,29,64,52,79,76,65,65,46,36,36,36,77,77,77,79,79,61,46,79,34],"gold":103,"neow_bonus":"TEN_PERCENT_HP_BONUS","is_daily":false,"chose_seed":false,"campfire_upgraded":2,"win_rate":0.0,"timestamp":1611491207,"path_taken":["M","$","?","M","M","R","E","M","T","M","M","?","$","?","R","BOSS","M","?","$","M","?","E","?","M","T","E","$","M","M","?","R","BOSS","M","?","M","M","M","?","?","R","T","?","$","?","M","M","R","BOSS"],"items_purchased_type":["Card","Relic"],"build_version":"2020-12-22","purchased_purges":5,"victory":true,"max_hp_per_floor":[79,79,79,79,79,79,79,79,79,79,79,79,79,79,79,79,79,79,79,79,79,79,79,79,79,79,79,79,79,79,79,79,79,79,79,79,79,79,79,79,79,79,79,79,79,79,79,79,79,79],"card_choices":[{"not_picked":["Fasting2","JustLucky"],"picked":"EmptyFist","floor":1.0},{"not_picked":["JustLucky","PathToVictory"],"picked":"Prostrate","floor":4.0},{"not_picked":["BowlingBash","Prostrate"],"picked":"TalkToTheHand","floor":5.0},{"not_picked":["SashWhip","CutThroughFate","FlyingSleeves"],"picked":"SKIP","floor":7.0},{"not_picked":["FlyingSleeves","SashWhip"],"picked":"TalkToTheHand","floor":8.0},{"not_picked":["FlyingSleeves","Alpha"],"picked":"Crescendo","floor":10.0},{"not_picked":["Fasting2","CutThroughFate"],"picked":"ClearTheMind","floor":11.0},{"not_picked":["Omniscience","Brilliance"],"picked":"LessonLearned","floor":16.0},{"not_picked":["EmptyFist","Consecrate"],"picked":"Perseverance+1","floor":18.0},{"not_picked":["Tantrum","ThirdEye"],"picked":"FlurryOfBlows","floor":19.0},{"not_picked":["Wallop+1","SashWhip"],"picked":"LikeWater","floor":21.0},{"not_picked":["Wish","Judgement"],"picked":"Indignation","floor":23.0},{"not_picked":["Consecrate+1","Worship"],"picked":"EmptyBody","floor":24.0},{"not_picked":["Consecrate","FlyingSleeves"],"picked":"Prostrate","floor":25.0},{"not_picked":["WheelKick","PathToVictory+1"],"picked":"Halt","floor":27.0},{"not_picked":["PathToVictory+1","ClearTheMind"],"picked":"WheelKick+1","floor":29.0},{"not_picked":["ThirdEye","Halt+1","PathToVictory"],"picked":"SKIP","floor":30.0},{"not_picked":["Alpha","Ragnarok"],"picked":"Devotion","floor":33.0},{"not_picked":["Consecrate+1","Evaluate"],"picked":"MentalFortress+1","floor":35.0},{"not_picked":["SashWhip+1","Nirvana+1"],"picked":"Meditate+1","floor":36},{"not_picked":["FlyingSleeves","EmptyFist","Adaptation+1"],"picked":"SKIP","floor":37},{"not_picked":["FlyingSleeves","EmptyFist"],"picked":"Adaptation+1","floor":37},{"not_picked":["EmptyBody","WaveOfTheHand+1"],"picked":"WindmillStrike+1","floor":38},{"not_picked":["EmptyBody+1","CutThroughFate+1"],"picked":"ClearTheMind+1","floor":39},{"not_picked":["Prostrate","Tantrum"],"picked":"TalkToTheHand+1","floor":42},{"not_picked":["Bandage Up","Chrysalis"],"picked":"Apotheosis","floor":46},{"not_picked":["BowlingBash","PathToVictory","WaveOfTheHand"],"picked":"SKIP","floor":47},{"not_picked":["BowlingBash","PathToVictory","WaveOfTheHand"],"picked":"SKIP","floor":47},{"not_picked":["ThirdEye","FlurryOfBlows"],"picked":"Crescendo","floor":49}],"player_experience":345428,"relics_obtained":[{"floor":7.0,"key":"Toy Ornithopter"},{"floor":9.0,"key":"MealTicket"},{"floor":19.0,"key":"Red Mask"},{"floor":23.0,"key":"Eternal Feather"},{"floor":26.0,"key":"Tiny Chest"},{"floor":27.0,"key":"Matryoshka"},{"floor":41,"key":"Dream Catcher"},{"floor":41,"key":"Damaru"},{"floor":43,"key":"HollowMod:StagPassRelic"},{"floor":43,"key":"Shuriken"}],"event_choices":[{"damage_healed":0.0,"max_hp_gain":0.0,"max_hp_loss":0.0,"gold_gain":0.0,"event_name":"Match and Keep!","player_choice":"2 cards matched","floor":3.0,"gold_loss":0.0,"damage_taken":0.0,"cards_obtained":["Dramatic Entrance","Evaluate"]},{"damage_healed":0.0,"max_hp_gain":0.0,"max_hp_loss":0.0,"gold_gain":0.0,"event_name":"Scrap Ooze","player_choice":"Success","floor":14.0,"gold_loss":0.0,"damage_taken":3.0,"relics_obtained":["Oddly Smooth Stone"]},{"damage_healed":0.0,"max_hp_gain":0.0,"max_hp_loss":0.0,"gold_gain":0.0,"event_name":"Masked Bandits","player_choice":"Fought Bandits","floor":19.0,"gold_loss":0.0,"damage_taken":0.0},{"damage_healed":0.0,"max_hp_gain":0.0,"max_hp_loss":0.0,"gold_gain":100.0,"event_name":"Golden Shrine","player_choice":"Pray","floor":22.0,"gold_loss":0.0,"damage_taken":0.0},{"damage_healed":0.0,"max_hp_gain":0.0,"max_hp_loss":0.0,"gold_gain":0.0,"event_name":"Accursed Blacksmith","player_choice":"Forge","floor":31.0,"gold_loss":0.0,"damage_taken":0.0,"cards_upgraded":["Crescendo"]},{"damage_healed":0,"gold_gain":222,"player_choice":"Wore Mask","damage_taken":0,"max_hp_gain":0,"max_hp_loss":0,"event_name":"Tomb of Lord Red Mask","floor":40,"gold_loss":0},{"cards_removed":["Strike_P"],"damage_healed":0,"gold_gain":0,"player_choice":"Removed Attack","damage_taken":0,"max_hp_gain":0,"max_hp_loss":0,"event_name":"Falling","floor":44,"gold_loss":0},{"damage_healed":0,"gold_gain":0,"player_choice":"Memory 1","damage_taken":0,"max_hp_gain":0,"max_hp_loss":0,"event_name":"SensoryStone","floor":46,"gold_loss":0}],"is_beta":false,"boss_relics":[{"not_picked":["Runic Dome","Busted Crown"],"picked":"Fusion Hammer"},{"not_picked":["Cursed Key","Philosopher\u0027s Stone"],"picked":"VioletLotus"}],"items_purged_floors":[2,12,20,28,45],"is_endless":false,"potions_floor_spawned":[1,7,8,10,16,18,27,29,30,33,36,39],"ascension_level":0}}