{"host":"snn1c4qsf0fj7fzf","time":1611500069,"event":{"mods":["AchievementEnabler","Aspiration","Astrologer","BaseMod","Colored Powertips","Downfall","Duelist Mod","GifTheSpireLib","Hermit","Hubris","Infinite Spire","Lobotomy","Marisa????????","Minty Spire (QoL Compilation)","Random Character Button","Rare Cards Sparkle","Reimu??????","Replay The Spire","Shop Mod","Spire Arcade","StSLib","The Administrix","The Cursed","The Gatherer","The Hierophant","The Poker Player","The Runesmith"],"gold_per_floor":[119,44,56,68,85,117,117,129,129,129,129,149,149,169,169,272,272,283,283,298,310,60,85,85,112,112,112,127,154,154,172,172,273,273,291,311,411,427,0,35,62,103,103,137,62,126,167,467,467,467],"floor_reached":51,"language":"ENG","playtime":3919,"items_purged":["Strike_B","Strike_B+1","Strike_B+1","champ:Strike+1"],"score":879,"play_id":"57208d3b-02c8-43e2-abd9-edf8843b8812","local_time":"20210124225429","is_ascension_mode":false,"campfire_choices":[{"data":"Zap","floor":7,"key":"SMITH"},{"data":"BasicCrystalCard","floor":10,"key":"SMITH"},{"data":"Barrage","floor":13,"key":"SMITH"},{"data":"Static Discharge","floor":24,"key":"SMITH"},{"data":"Defragment","floor":27,"key":"SMITH"},{"floor":32,"key":"REST"},{"data":"infinitespire:UltimateForm","floor":49,"key":"SMITH"}],"circlet_count":0,"master_deck":["Defend_B+1","Defend_B+1","Defend_B+1","Defend_B+1","Zap+1","Dualcast","Barrage+1","BasicCrystalCard+1","Barrage","Ball Lightning","Self Repair","Skim+1","Shockwave","Conserve Battery","Static Discharge+1","Electrodynamics","Defragment+1","Conserve Battery+1","Doom and Gloom+1","BootSequence+1","Conserve Battery","Reboot","Redo+1","hubris:Fate","Double Energy+1","Barrage+1","Conserve Battery+1","Parasite","Panic Button","Defragment+1","infinitespire:UltimateForm+1","hubris:Fate","infinitespire:FutureSight"],"relics":["FrozenCore","infinitespire:Joker Card","Regal Pillow","aspiration:ChemicalBlood","hubris:TerracottaHorce","aspiration:FrozenJewel","hubris:Reverence","Mercury Hourglass","infinitespire:SolderingIron","ReplayTheSpireMod:Ninjato","CaptainsWheel","Replay:Lucky Slots","Geode","hubris:MobiusCoin","Bottled Flame","aspiration:FaultyCoupler","Runesmith:Locket","Strawberry","Busted Crown","Old Coin"],"acts_visited":["Exordium","TheCity","TheBeyond"],"potions_floor_usage":[14,16,16,18,21,25,29,29,33,33,37,37,47,47,50,51,51,51,51,51,51],"damage_taken":[{"damage":0,"enemies":"Cultist","floor":1,"turns":3},{"damage":2,"enemies":"2 Louse","floor":3,"turns":2},{"damage":0,"enemies":"Small Slimes","floor":4,"turns":2},{"damage":9,"enemies":"Blue Slaver","floor":5,"turns":3},{"damage":39,"enemies":"3 Sentries","floor":6,"turns":7},{"damage":13,"enemies":"3 Louse","floor":8,"turns":3},{"damage":0,"enemies":"Exordium Thugs","floor":12,"turns":3},{"damage":5,"enemies":"Looter","floor":14,"turns":2},{"damage":42,"enemies":"Fading Forest","floor":16,"turns":11},{"damage":1,"enemies":"Chosen","floor":18,"turns":4},{"damage":20,"enemies":"Spheric Guardian","floor":20,"turns":4},{"damage":19,"enemies":"Shelled Parasite and Fungi","floor":21,"turns":3},{"damage":28,"enemies":"Slavers","floor":23,"turns":2},{"damage":11,"enemies":"Book of Stabbing","floor":25,"turns":4},{"damage":6,"enemies":"Snecko","floor":28,"turns":4},{"damage":0,"enemies":"Slavers","floor":29,"turns":3},{"damage":4,"enemies":"Snake Plant","floor":31,"turns":3},{"damage":7,"enemies":"Collector","floor":33,"turns":5},{"damage":0,"enemies":"Orb Walker","floor":35,"turns":4},{"damage":0,"enemies":"3 Shapes","floor":36,"turns":3},{"damage":9,"enemies":"infinitespire:Three Voidlings","floor":37,"turns":3},{"damage":25,"enemies":"Nightmare_Alpha","floor":37,"turns":10},{"damage":0,"enemies":"3 Darklings","floor":38,"turns":3},{"damage":24,"enemies":"Giant Head","floor":40,"turns":7},{"damage":1,"enemies":"Transient","floor":41,"turns":5},{"damage":7,"enemies":"Reptomancer","floor":42,"turns":3},{"damage":26,"enemies":"Nightmare","floor":44,"turns":6},{"damage":0,"enemies":"Writhing Mass","floor":46,"turns":4},{"damage":21,"enemies":"Giant Head","floor":47,"turns":8},{"damage":9,"enemies":"Awakened One","floor":50,"turns":7},{"damage":8,"enemies":"Malkuth","floor":51,"turns":6},{"damage":15,"enemies":"Netzach","floor":51,"turns":6},{"damage":56,"enemies":"Chesed","floor":51,"turns":7}],"seed_played":"-6394985615418768437","potions_obtained":[{"floor":1,"key":"SkillPotion"},{"floor":6,"key":"Swift Potion"},{"floor":16,"key":"Dexterity Potion"},{"floor":20,"key":"PowerPotion"},{"floor":23,"key":"hexamod:SoulburnPotion"},{"floor":23,"key":"Guardian:BlockOnCardUsePotion"},{"floor":25,"key":"Slimebound:ThreeZeroPotion"},{"floor":29,"key":"FocusPotion"},{"floor":31,"key":"SkillPotion"},{"floor":33,"key":"bronze:BurnAndBuffPotion"},{"floor":36,"key":"Milkshake"},{"floor":37,"key":"PotionOfCapacity"},{"floor":42,"key":"SkillPotion"},{"floor":51,"key":"Fire Potion"},{"floor":51,"key":"infinitespire:BlackPotion"}],"is_trial":false,"path_per_floor":["M","$","M","M","M","E","R","M","T","R","?","M","R","M","R","B",null,"M","?","M","M","$","E","R","E","T","R","M","E","?","M","R","B",null,"M","M","?","M","$","E","M","E","T","NM","$","M","E","AVR","R","B",null],"character_chosen":"DEFECT","items_purchased":["aspiration:FrozenJewel","Replay:Lucky Slots","Geode"],"campfire_rested":1,"item_purchase_floors":[22,39,39],"current_hp_per_floor":[75,75,73,73,64,25,25,26,26,26,26,26,26,28,65,40,66,72,72,59,47,47,19,19,15,15,15,16,16,16,19,56,56,70,75,75,48,55,55,45,44,44,44,40,40,40,55,55,55,53],"gold":488,"neow_bonus":"ONE_RARE_RELIC","is_daily":false,"chose_seed":false,"campfire_upgraded":6,"win_rate":0.0,"timestamp":1611500069,"path_taken":["M","$","M","M","?","E","R","M","T","R","?","?","R","M","R","BOSS","M","?","M","?","$","E","R","E","T","R","M","E","?","M","R","BOSS","M","M","?","M","?","E","M","E","T","NM","?","M","E","AVR","R","BOSS"],"items_purchased_type":["Relic","Relic","Relic"],"build_version":"2020-12-22","purchased_purges":4,"victory":true,"max_hp_per_floor":[75,75,75,75,75,75,75,75,75,75,75,75,75,75,75,75,75,75,75,75,75,75,75,75,75,75,75,75,75,75,75,75,75,75,75,75,75,75,75,75,75,75,75,75,75,75,82,82,82,82],"card_choices":[{"not_picked":["Stack","Rebound"],"picked":"Barrage","floor":1},{"not_picked":["Rebound","FTL"],"picked":"BasicCrystalCard","floor":3},{"not_picked":["Stack","Steam"],"picked":"Barrage","floor":4},{"not_picked":["BasicCrystalCard","Redo"],"picked":"Ball Lightning","floor":5},{"not_picked":["Go for the Eyes","hubris:PowerSurge"],"picked":"Self Repair","floor":6},{"not_picked":["BasicCrystalCard","Redo"],"picked":"Skim","floor":8},{"not_picked":["Rebound","Hologram"],"picked":"Conserve Battery","floor":12},{"not_picked":["Beam Cell","Stack"],"picked":"Static Discharge","floor":14},{"not_picked":["Thunder Strike","Reboot"],"picked":"Electrodynamics","floor":16},{"not_picked":["Barrage","Panic Button+1"],"picked":"Defragment","floor":18},{"not_picked":["Stack","Reinforced Body"],"picked":"Conserve Battery+1","floor":20},{"not_picked":["Glacier","ReplayTheSpireMod:Reroute Power","Coolheaded+1"],"picked":"SKIP","floor":21},{"not_picked":["Rainbow","Mirror Shield"],"picked":"Doom and Gloom+1","floor":23},{"not_picked":["Redo","ReplayTheSpireMod:GoodbyeWorld","Stack+1"],"picked":"SKIP","floor":25},{"not_picked":["Compile Driver","FTL"],"picked":"BootSequence+1","floor":28},{"not_picked":["Leap","Gash","Coolheaded"],"picked":"SKIP","floor":29},{"not_picked":["Ball Lightning","Cold Snap"],"picked":"Conserve Battery","floor":31},{"not_picked":["Biased Cognition","Amplify"],"picked":"Reboot","floor":33},{"not_picked":["Coolheaded+1","Beam Cell","Sweeping Beam"],"picked":"SKIP","floor":35},{"not_picked":["Beam Cell","Tempest"],"picked":"Redo+1","floor":36},{"not_picked":["infinitespire:Execution","infinitespire:Menacing"],"picked":"hubris:Fate","floor":37},{"not_picked":["Beam Cell+1","Barrage"],"picked":"Double Energy+1","floor":37},{"not_picked":["Leap","Auto Shields+1","Hologram+1"],"picked":"SKIP","floor":38},{"not_picked":["Steam+1","Reprogram","Darkness"],"picked":"SKIP","floor":40},{"not_picked":["Redo","Coolheaded"],"picked":"Barrage+1","floor":41},{"not_picked":["Compile Driver+1","Undo","Heatsinks+1"],"picked":"SKIP","floor":42},{"not_picked":["Lockon+1","Redo"],"picked":"Conserve Battery+1","floor":44},{"not_picked":["Reprogram","White Noise+1"],"picked":"Panic Button","floor":46},{"not_picked":["Loop+1","FTL+1"],"picked":"Defragment+1","floor":47}],"player_experience":307859,"relics_obtained":[{"floor":6,"key":"Regal Pillow"},{"floor":9,"key":"aspiration:ChemicalBlood"},{"floor":23,"key":"hubris:Reverence"},{"floor":25,"key":"Mercury Hourglass"},{"floor":26,"key":"infinitespire:SolderingIron"},{"floor":29,"key":"ReplayTheSpireMod:Ninjato"},{"floor":37,"key":"CaptainsWheel"},{"floor":40,"key":"hubris:MobiusCoin"},{"floor":42,"key":"Bottled Flame"},{"floor":43,"key":"aspiration:FaultyCoupler"},{"floor":44,"key":"Runesmith:Locket"},{"floor":47,"key":"Strawberry"}],"event_choices":[{"cards_removed":["Slimebound:Strike_Slimebound"],"damage_healed":0,"gold_gain":0,"player_choice":"Took Card","damage_taken":0,"max_hp_gain":0,"max_hp_loss":0,"event_name":"NoteForYourself","floor":11,"gold_loss":0,"cards_obtained":["Shockwave"]},{"cards_removed":["Strike_B"],"damage_healed":0,"gold_gain":0,"player_choice":"Purged","damage_taken":0,"max_hp_gain":0,"max_hp_loss":0,"event_name":"Purifier","floor":19,"gold_loss":0},{"damage_healed":0,"gold_gain":0,"player_choice":"Simplicity","damage_taken":0,"max_hp_gain":0,"max_hp_loss":0,"event_name":"Back to Basics","floor":30,"gold_loss":0,"cards_upgraded":["Strike_B","Strike_B","Defend_B","Defend_B","Defend_B","Defend_B","champ:Strike"]}],"is_beta":false,"boss_relics":[{"not_picked":["aspiration:RunesmithSkillbook","Velvet Choker"],"picked":"hubris:TerracottaHorce"},{"not_picked":["Honey Jar","infinitespire:Cupcake"],"picked":"FrozenCore"}],"items_purged_floors":[2,39,45,48],"is_endless":false,"potions_floor_spawned":[1,6,16,20,25,29,31,33,36,37,41,42,46],"ascension_level":0}}