{"host":"sw6p9u0oh417cx03","time":1611455324,"event":{"mods":["AchievementEnabler","Act Like it!","BaseMod","CapriCore","DeckTracker","Highlight Path","Minty Spire (QoL Compilation)","Quick Restart","StSLib"],"gold_per_floor":[112,112,112,112,124,124,124,149,149,149,49,62,80,108,108,108,108],"floor_reached":16,"language":"ZHS","playtime":746,"items_purged":["Defend_R"],"score":200,"play_id":"54de91f2-6ff8-445d-abb2-93b8efce2743","local_time":"20210124102844","is_ascension_mode":true,"campfire_choices":[{"data":"Second Wind","floor":6.0,"key":"SMITH"},{"data":"Offering","floor":10.0,"key":"SMITH"},{"data":"Body Slam","floor":15.0,"key":"SMITH"}],"circlet_count":0,"master_deck":["AscendersBane","Strike_R","Strike_R","Defend_R","Defend_R","Defend_R","Bash","Reaper","Second Wind+1","Clash","Offering+1","Body Slam+1","Power Through"],"relics":["Burning Blood","Eternal Feather","Art of War","Frozen Egg 2","Du-Vu Doll"],"acts_visited":["Exordium"],"potions_floor_usage":[16],"damage_taken":[{"damage":9.0,"enemies":"Jaw Worm","floor":1.0,"turns":3.0},{"damage":6.0,"enemies":"Small Slimes","floor":5.0,"turns":5.0},{"damage":15.0,"enemies":"3 Sentries","floor":8.0,"turns":10.0},{"damage":7.0,"enemies":"Cultist","floor":12.0,"turns":3.0},{"damage":16.0,"enemies":"Large Slime","floor":13.0,"turns":6.0},{"damage":41.0,"enemies":"Lagavulin","floor":14.0,"turns":10.0},{"damage":60,"enemies":"Hexaghost","floor":16,"turns":9}],"seed_played":"-5917615773692806512","potions_obtained":[{"floor":5.0,"key":"GamblersBrew"},{"floor":8.0,"key":"Regen Potion"},{"floor":12.0,"key":"Block Potion"}],"is_trial":false,"path_per_floor":["M","?","T","?","M","R","?","E","T","R","$","M","M","E","R","B"],"character_chosen":"IRONCLAD","items_purchased":["Body Slam"],"campfire_rested":0,"item_purchase_floors":[11],"current_hp_per_floor":[65,58,58,63,69,75,75,74,74,80,80,80,76,45,51,11,11],"gold":108,"neow_bonus":"TRANSFORM_CARD","is_daily":false,"chose_seed":false,"campfire_upgraded":3,"win_rate":0.0,"timestamp":1611455324,"path_taken":["M","?","?","?","M","R","?","E","T","R","$","?","?","E","R","BOSS"],"items_purchased_type":["Card"],"build_version":"2020-12-22","purchased_purges":1,"victory":false,"max_hp_per_floor":[75,75,75,80,80,80,80,80,80,80,80,80,80,80,80,80,80],"card_choices":[{"not_picked":["Cleave","Flex","Anger"],"picked":"SKIP","floor":1.0},{"not_picked":["Flex","Headbutt"],"picked":"Second Wind","floor":5.0},{"not_picked":["Rage","Dropkick"],"picked":"Offering","floor":8.0},{"not_picked":["Sword Boomerang","Clothesline"],"picked":"Power Through","floor":12.0},{"not_picked":["Twin Strike","Havoc","Warcry"],"picked":"SKIP","floor":13.0},{"not_picked":["Anger","Clothesline","Havoc"],"picked":"SKIP","floor":14.0}],"player_experience":331972,"relics_obtained":[{"floor":3.0,"key":"Eternal Feather"},{"floor":8.0,"key":"Art of War"},{"floor":9.0,"key":"Frozen Egg 2"},{"floor":14.0,"key":"Du-Vu Doll"}],"event_choices":[{"cards_removed":["Strike_R"],"damage_healed":0.0,"max_hp_gain":0.0,"max_hp_loss":0.0,"gold_gain":0.0,"event_name":"Golden Wing","player_choice":"Card Removal","floor":2.0,"gold_loss":0.0,"damage_taken":7.0},{"damage_healed":0.0,"max_hp_gain":5.0,"max_hp_loss":0.0,"gold_gain":0.0,"event_name":"Big Fish","player_choice":"Donut","floor":4.0,"gold_loss":0.0,"damage_taken":0.0},{"damage_healed":0.0,"max_hp_gain":0.0,"max_hp_loss":0.0,"gold_gain":0.0,"cards_transformed":["Strike_R"],"event_name":"Living Wall","player_choice":"Change","floor":7.0,"gold_loss":0.0,"damage_taken":0.0,"cards_obtained":["Clash"]}],"is_beta":false,"boss_relics":[],"items_purged_floors":[11],"is_endless":false,"potions_floor_spawned":[5,8,12],"killed_by":"Hexaghost","ascension_level":17}}