{"host":"daa8jqyg4gqfaysm","time":1611473166,"event":{"mods":["BaseMod","Colored Powertips","Minty Spire (QoL Compilation)","StSLib"],"gold_per_floor":[109,34,34,44,56,56,83,83,109,122,134,209,234,384,384,384,384],"floor_reached":16,"language":"ENG","playtime":549,"items_purged":[],"score":245,"play_id":"049d12d2-3c12-4dc7-b340-fd521bd3b078","local_time":"20210124152606","is_ascension_mode":true,"campfire_choices":[{"data":"Feed","floor":6,"key":"SMITH"},{"data":"Bash","floor":8,"key":"SMITH"},{"floor":15,"key":"REST"}],"circlet_count":0,"master_deck":["AscendersBane","Strike_R","Strike_R","Strike_R","Strike_R","Defend_R","Defend_R","Defend_R","Defend_R","Bash+1","Feed+1","Reckless Charge","Power Through","Hemokinesis","Ghostly Armor","Flame Barrier","Doubt"],"relics":["Burning Blood","Vajra","Tiny Chest","Toy Ornithopter","Happy Flower"],"acts_visited":["Exordium"],"potions_floor_usage":[10,16],"damage_taken":[{"damage":9.0,"enemies":"Jaw Worm","floor":1.0,"turns":6.0},{"damage":12.0,"enemies":"Small Slimes","floor":4.0,"turns":4.0},{"damage":0,"enemies":"2 Louse","floor":5,"turns":2},{"damage":34,"enemies":"3 Sentries","floor":7,"turns":12},{"damage":18,"enemies":"Red Slaver","floor":10,"turns":5},{"damage":8,"enemies":"Large Slime","floor":11,"turns":5},{"damage":22,"enemies":"Lagavulin","floor":13,"turns":6},{"damage":66,"enemies":"Slime Boss","floor":16,"turns":8}],"seed_played":"279154815734048941","potions_obtained":[{"floor":1.0,"key":"ElixirPotion"},{"floor":4.0,"key":"LiquidMemories"}],"is_trial":false,"path_per_floor":["M","?","?","M","M","R","E","R","T","M","M","?","E","?","R","B"],"character_chosen":"IRONCLAD","items_purchased":[],"campfire_rested":1,"item_purchase_floors":[],"current_hp_per_floor":[68,68,57,54,63,63,39,39,39,36,38,27,15,15,45,0,0],"gold":384,"neow_bonus":"ONE_RANDOM_RARE_CARD","is_daily":false,"chose_seed":false,"campfire_upgraded":2,"win_rate":0.0,"timestamp":1611473166,"path_taken":["M","?","?","M","M","R","E","R","T","M","M","?","E","?","R","BOSS"],"items_purchased_type":[],"build_version":"2020-12-22","purchased_purges":0,"victory":false,"max_hp_per_floor":[78,78,78,81,84,84,88,88,88,92,96,96,100,100,100,100,100],"card_choices":[{"not_picked":["Perfected Strike","Infernal Blade"],"picked":"Reckless Charge","floor":1.0},{"not_picked":["Havoc","Reckless Charge"],"picked":"Power Through","floor":4.0},{"not_picked":["True Grit","Uppercut"],"picked":"Hemokinesis","floor":5},{"not_picked":["Searing Blow","Rupture"],"picked":"Ghostly Armor","floor":7},{"not_picked":["Armaments","Whirlwind"],"picked":"Flame Barrier","floor":10},{"not_picked":["True Grit","Perfected Strike","Clothesline"],"picked":"SKIP","floor":11},{"not_picked":["Ghostly Armor","Intimidate","Evolve"],"picked":"SKIP","floor":13}],"player_experience":859876,"relics_obtained":[{"floor":7,"key":"Tiny Chest"},{"floor":9,"key":"Toy Ornithopter"},{"floor":13,"key":"Happy Flower"}],"event_choices":[{"cards_removed":["Strike_R"],"damage_healed":0.0,"max_hp_gain":0.0,"max_hp_loss":0.0,"gold_gain":0.0,"event_name":"The Cleric","player_choice":"Card Removal","floor":2.0,"gold_loss":75.0,"damage_taken":0.0},{"damage_healed":0.0,"max_hp_gain":0.0,"max_hp_loss":0.0,"gold_gain":0.0,"event_name":"Scrap Ooze","player_choice":"Success","floor":3.0,"gold_loss":0.0,"damage_taken":11.0,"relics_obtained":["Vajra"]},{"damage_healed":0,"gold_gain":75,"player_choice":"Gather Gold","damage_taken":11,"max_hp_gain":0,"max_hp_loss":0,"event_name":"World of Goop","floor":12,"gold_loss":0},{"damage_healed":0,"gold_gain":150,"player_choice":"AGREE","damage_taken":0,"max_hp_gain":0,"max_hp_loss":0,"event_name":"Liars Game","floor":14,"gold_loss":0,"cards_obtained":["Doubt"]}],"is_beta":false,"boss_relics":[],"items_purged_floors":[],"is_endless":false,"potions_floor_spawned":[1,4],"killed_by":"Slime Boss","ascension_level":20}}