{"host":"mg3e76uznu9x14du","time":1611528878,"event":{"mods":["BaseMod","Colored Map","Downfall","Minty Spire (QoL Compilation)","Permanent Neow","Relic Stats","StSLib","Waifu the Spire","everything is the same but u backflip on backflip"],"gold_per_floor":[113,288,62,62,78,105,125,125,149,178,178,212,239,239,239,339,339,350,350,21,21,21,21,21,49,103,117,117,117,137,162,162,260,260,275,285,297,36,36,71,71,99,172,185,204,214,214,214,214,214,214,214,61,88,88],"floor_reached":56,"language":"ENG","playtime":2359,"items_purged":["Doubt"],"score":1457,"play_id":"f547fb23-5782-423d-ae92-db0cadd5312e","local_time":"20210124175438","is_ascension_mode":true,"campfire_choices":[{"data":"Seeing Red","floor":8,"key":"SMITH"},{"data":"Bludgeon","floor":11,"key":"SMITH"},{"data":"True Grit","floor":15,"key":"SMITH"},{"data":"Metallicize","floor":23,"key":"SMITH"},{"data":"True Grit","floor":29,"key":"SMITH"},{"data":"Berserk","floor":32,"key":"SMITH"},{"floor":41,"key":"REST"},{"floor":49,"key":"RECALL"},{"data":"Apotheosis","floor":52,"key":"SMITH"}],"circlet_count":0,"master_deck":["Strike_R","Strike_R","Strike_R","Strike_R","Defend_R","Defend_R","Defend_R+1","Defend_R","Bash","Spot Weakness+1","Flex","Feel No Pain+1","True Grit+1","Bludgeon+1","Seeing Red+1","Shockwave","Double Tap","Bludgeon+1","Metallicize+1","True Grit+1","Shrug It Off","Havoc+1","Berserk+1","Fiend Fire","Fire Breathing+1","Dual Wield+1","Panacea","Apotheosis+1","Enlightenment","Rupture+1","Burning Pact","Flex+1","Havoc+1"],"relics":["Burning Blood","NeowsBlessing","Centennial Puzzle","Omamori","Art of War","Strawberry","Runic Pyramid","DollysMirror","Red Skull","Magic Flower","Enchiridion","War Paint","Oddly Smooth Stone","Bag of Preparation","SacredBark","Mummified Hand","The Courier","Meat on the Bone","Pear","Lantern","TungstenRod"],"acts_visited":["Exordium","TheCity","TheBeyond","TheEnding"],"potions_floor_usage":[10,30,33,33,37,37,50,54,55,55,55],"damage_taken":[{"damage":0,"enemies":"Cultist","floor":1,"turns":1},{"damage":0,"enemies":"Jaw Worm","floor":5,"turns":1},{"damage":0,"enemies":"3 Sentries","floor":6,"turns":2},{"damage":0,"enemies":"Small Slimes","floor":7,"turns":2},{"damage":8,"enemies":"Gremlin Nob","floor":10,"turns":3},{"damage":13,"enemies":"3 Sentries","floor":12,"turns":4},{"damage":48,"enemies":"Hexaghost","floor":16,"turns":8},{"damage":21,"enemies":"Spheric Guardian","floor":18,"turns":5},{"damage":6,"enemies":"Book of Stabbing","floor":25,"turns":3},{"damage":3,"enemies":"Shell Parasite","floor":27,"turns":2},{"damage":8,"enemies":"Centurion and Healer","floor":30,"turns":4},{"damage":2,"enemies":"Gremlin Leader","floor":31,"turns":5},{"damage":35,"enemies":"Collector","floor":33,"turns":6},{"damage":6,"enemies":"3 Shapes","floor":35,"turns":4},{"damage":8,"enemies":"Orb Walker","floor":36,"turns":3},{"damage":17,"enemies":"Transient","floor":37,"turns":5},{"damage":53,"enemies":"Reptomancer","floor":40,"turns":5},{"damage":27,"enemies":"Giant Head","floor":42,"turns":6},{"damage":26,"enemies":"4 Shapes","floor":44,"turns":4},{"damage":21,"enemies":"Jaw Worm Horde","floor":45,"turns":2},{"damage":16,"enemies":"Writhing Mass","floor":46,"turns":2},{"damage":43,"enemies":"Donu and Deca","floor":50,"turns":6},{"damage":34,"enemies":"Shield and Spear","floor":54,"turns":4},{"damage":64,"enemies":"The Heart","floor":55,"turns":9}],"seed_played":"2027665577764037363","potions_obtained":[{"floor":6,"key":"FearPotion"},{"floor":16,"key":"hexamod:SoulburnPotion"},{"floor":25,"key":"SpeedPotion"},{"floor":27,"key":"Block Potion"},{"floor":33,"key":"DistilledChaos"},{"floor":36,"key":"SkillPotion"},{"floor":40,"key":"Fire Potion"},{"floor":44,"key":"PowerPotion"},{"floor":45,"key":"SpeedPotion"},{"floor":54,"key":"BloodPotion"}],"is_trial":false,"path_per_floor":["M","?","$","?","M","E","M","R","T","E","R","E","T","?","R","B",null,"M","$","$","?","$","R","?","E","T","M","$","R","M","E","R","B",null,"M","M","M","$","?","E","R","E","T","M","M","M","?","?","R","B",null,"R","$","E","B",null],"character_chosen":"IRONCLAD","items_purchased":["Clothesline","Flex","Feel No Pain","DollysMirror","Red Skull","Metallicize","Mummified Hand","Lantern","Block Potion"],"campfire_rested":1,"item_purchase_floors":[3,3,3,20,20,20,38,53,53],"current_hp_per_floor":[80,80,80,80,80,80,80,80,80,78,78,78,78,78,78,36,87,72,72,72,72,72,72,56,59,59,65,65,65,66,73,73,47,87,87,87,79,79,69,25,51,33,43,44,50,61,61,85,85,69,97,97,97,72,74],"gold":88,"neow_bonus":"THREE_ENEMY_KILL","is_daily":false,"chose_seed":false,"campfire_upgraded":7,"win_rate":0.0,"timestamp":1611528878,"path_taken":["M","?","$","?","M","E","?","R","T","E","R","E","?","?","R","BOSS","M","?","$","?","?","R","?","E","T","M","?","R","?","E","R","BOSS","M","M","M","$","?","E","R","E","T","M","M","M","?","?","R","BOSS","R","$","E","BOSS"],"items_purchased_type":["Card","Card","Card","Relic","Relic","Card","Relic","Relic","Potion"],"build_version":"2020-12-22","purchased_purges":1,"victory":true,"max_hp_per_floor":[80,80,80,80,80,80,80,80,80,80,80,87,87,87,87,87,87,87,87,87,87,87,87,87,87,87,87,87,87,87,87,87,87,87,87,87,87,87,87,87,87,87,97,97,97,97,97,97,97,97,97,97,97,97,97],"relic_stats":{"Centennial Puzzle":[60],"counters":[24,96],"Mummified Hand":[46],"Magic Flower":[87],"Art of War":[15],"Bag of Preparation":[24],"War Paint":["Defend_R","Spot Weakness"],"obtain_stats":[{"Lantern":53,"Pear":43,"NeowsBlessing":0,"SacredBark":34,"Magic Flower":21,"Enchiridion":24,"Oddly Smooth Stone":26,"The Courier":40,"Omamori":9,"Bag of Preparation":31,"War Paint":25,"Burning Blood":0,"Centennial Puzzle":6,"DollysMirror":20,"Mummified Hand":38,"Strawberry":12,"Art of War":10,"Red Skull":20,"TungstenRod":54,"Runic Pyramid":17,"Meat on the Bone":42},{"Lantern":22,"Pear":18,"NeowsBlessing":0,"SacredBark":13,"Magic Flower":8,"Enchiridion":8,"Oddly Smooth Stone":9,"The Courier":17,"Omamori":4,"Bag of Preparation":12,"War Paint":9,"Burning Blood":0,"Centennial Puzzle":3,"DollysMirror":8,"Mummified Hand":16,"Strawberry":6,"Art of War":5,"Red Skull":8,"TungstenRod":23,"Runic Pyramid":7,"Meat on the Bone":18},{"Lantern":83,"Pear":69,"NeowsBlessing":0,"SacredBark":46,"Magic Flower":26,"Enchiridion":26,"Oddly Smooth Stone":29,"The Courier":63,"Omamori":6,"Bag of Preparation":40,"War Paint":29,"Burning Blood":0,"Centennial Puzzle":4,"DollysMirror":26,"Mummified Hand":58,"Strawberry":13,"Art of War":9,"Red Skull":26,"TungstenRod":87,"Runic Pyramid":21,"Meat on the Bone":69}],"Burning Blood":164,"TungstenRod":21,"Meat on the Bone":72},"card_choices":[{"not_picked":["Shrug It Off","Havoc"],"picked":"Spot Weakness","floor":1},{"not_picked":["Shrug It Off","Intimidate"],"picked":"True Grit","floor":5},{"not_picked":["Fire Breathing","Wild Strike"],"picked":"Bludgeon","floor":6},{"not_picked":["Reckless Charge","Anger"],"picked":"Seeing Red","floor":7},{"not_picked":["Wild Strike","Ghostly Armor"],"picked":"Shockwave","floor":10},{"not_picked":["Whirlwind","Pommel Strike","Rage"],"picked":"SKIP","floor":12},{"not_picked":["Limit Break","Juggernaut"],"picked":"Double Tap","floor":16},{"not_picked":["Sword Boomerang","Pommel Strike","Shrug It Off"],"picked":"SKIP","floor":18},{"not_picked":["Havoc+1","Evolve"],"picked":"True Grit","floor":25},{"not_picked":["Wild Strike+1","Thunderclap"],"picked":"Shrug It Off","floor":27},{"not_picked":["Sword Boomerang","Carnage"],"picked":"Havoc+1","floor":30},{"not_picked":["Dropkick","Sword Boomerang"],"picked":"Berserk","floor":31},{"not_picked":["Bludgeon","Corruption"],"picked":"Fiend Fire","floor":33},{"not_picked":["Sword Boomerang+1","Armaments","Havoc"],"picked":"SKIP","floor":35},{"not_picked":["Reckless Charge+1","Havoc"],"picked":"Fire Breathing+1","floor":36},{"not_picked":["Sever Soul+1","Shrug It Off+1"],"picked":"Dual Wield+1","floor":37},{"not_picked":["Violence","Forethought"],"picked":"Panacea","floor":39},{"not_picked":["Madness","PanicButton"],"picked":"Apotheosis","floor":39},{"not_picked":["Deep Breath","Blind"],"picked":"Enlightenment","floor":39},{"not_picked":["Whirlwind+1","Anger+1"],"picked":"Rupture+1","floor":40},{"not_picked":["Cleave+1","Intimidate+1"],"picked":"Burning Pact","floor":42},{"not_picked":["Armaments","Intimidate+1"],"picked":"Flex+1","floor":44},{"not_picked":["Iron Wave+1","Cleave","Body Slam"],"picked":"SKIP","floor":45},{"not_picked":["Thunderclap","Twin Strike","Iron Wave"],"picked":"SKIP","floor":46},{"not_picked":["Reaper","Ghostly Armor"],"picked":"Havoc+1","floor":54}],"player_experience":491727,"relics_obtained":[{"floor":6,"key":"Centennial Puzzle"},{"floor":9,"key":"Omamori"},{"floor":10,"key":"Art of War"},{"floor":12,"key":"Strawberry"},{"floor":24,"key":"Enchiridion"},{"floor":25,"key":"War Paint"},{"floor":26,"key":"Oddly Smooth Stone"},{"floor":31,"key":"Bag of Preparation"},{"floor":40,"key":"The Courier"},{"floor":42,"key":"Meat on the Bone"},{"floor":43,"key":"Pear"},{"floor":54,"key":"TungstenRod"}],"event_choices":[{"damage_healed":0,"gold_gain":175,"player_choice":"AGREE","damage_taken":0,"max_hp_gain":0,"max_hp_loss":0,"event_name":"Liars Game","floor":2,"gold_loss":0,"cards_obtained":["Doubt"]},{"cards_removed":["Strike_R"],"damage_healed":0,"gold_gain":0,"player_choice":"Offered Basic","damage_taken":0,"max_hp_gain":0,"max_hp_loss":0,"event_name":"Bonfire Elementals","floor":4,"gold_loss":0},{"damage_healed":0,"gold_gain":0,"player_choice":"Upgraded","damage_taken":0,"max_hp_gain":0,"max_hp_loss":0,"event_name":"Upgrade Shrine","floor":14,"gold_loss":0,"cards_upgraded":["Feel No Pain"]},{"damage_healed":0,"gold_gain":0,"player_choice":"Opened","damage_taken":0,"relics_obtained":["Magic Flower"],"max_hp_gain":0,"max_hp_loss":0,"event_name":"The Mausoleum","floor":21,"gold_loss":0,"cards_obtained":["Writhe"]},{"damage_healed":0,"gold_gain":0,"player_choice":"Obtained Book","damage_taken":16,"max_hp_gain":0,"max_hp_loss":0,"event_name":"Cursed Tome","floor":24,"gold_loss":0},{"damage_healed":0,"gold_gain":0,"player_choice":"Memory 3","damage_taken":10,"max_hp_gain":0,"max_hp_loss":0,"event_name":"SensoryStone","floor":39,"gold_loss":0},{"cards_removed":["Clothesline"],"damage_healed":0,"gold_gain":0,"player_choice":"Removed Attack","damage_taken":0,"max_hp_gain":0,"max_hp_loss":0,"event_name":"Falling","floor":47,"gold_loss":0},{"damage_healed":24,"gold_gain":0,"player_choice":"Writhe","damage_taken":0,"max_hp_gain":0,"max_hp_loss":0,"event_name":"Winding Halls","floor":48,"gold_loss":0,"cards_obtained":["Writhe"]}],"is_beta":false,"boss_relics":[{"not_picked":["Calling Bell","Ectoplasm"],"picked":"Runic Pyramid"},{"not_picked":["Coffee Dripper","Empty Cage"],"picked":"SacredBark"}],"items_purged_floors":[3],"is_endless":false,"potions_floor_spawned":[6,16,25,27,33,36,40,44,45,46,54],"ascension_level":3}}