{"host":"bq4pt811tk9yrmjl","time":1611491566,"event":{"mods":["AchievementEnabler","BaseMod","Colored Map","Colored Powertips","Defuse TimeMaze Blight","Hermit","Minty Spire (QoL Compilation)","StSLib","SuperFastMode"],"gold_per_floor":[119,137,237,249,249,249,211,211,279,56,56,56,97,120,120,240,240,261,277,298,4,103,103,103,103,103,117,135,179,30,49,49,178,178,202,202,57,123,123,123,141,159,184,199,199,199],"floor_reached":45,"language":"ENG","playtime":1239,"items_purged":["Normality"],"score":481,"play_id":"d0fbeb06-ba7e-4ce7-a264-9f58d342d108","local_time":"20210124103246","is_ascension_mode":true,"campfire_choices":[{"data":"Terror","floor":6.0,"key":"SMITH"},{"floor":8.0,"key":"REST"},{"data":"Neutralize","floor":12.0,"key":"SMITH"},{"data":"Infinite Blades","floor":15.0,"key":"SMITH"},{"data":"After Image","floor":23.0,"key":"SMITH"},{"floor":32,"key":"REST"},{"floor":40,"key":"RECALL"}],"circlet_count":0,"master_deck":["Strike_G","Strike_G","Strike_G","Strike_G","Strike_G","Defend_G","Defend_G","Defend_G","Defend_G","Defend_G","Survivor","Neutralize+1","CurseOfTheBell","Terror+1","Blade Dance","Noxious Fumes+1","Infinite Blades+1","After Image+1","Blade Dance","Calculated Gamble+1","Dagger Spray+1","Noxious Fumes+1","Accuracy","Phantasmal Killer","Madness","Madness","Cloak And Dagger+1","Injury"],"relics":["Calling Bell","Snake Skull","Shuriken","WingedGreaves","Golden Idol","ClockworkSouvenir","Happy Flower","Cursed Key","MealTicket","Ancient Tea Set","Bottled Tornado","Strawberry","Sozu","Medical Kit","FossilizedHelix","Bag of Preparation"],"acts_visited":["Exordium","TheCity","TheBeyond"],"potions_floor_usage":[27,35],"damage_taken":[{"damage":0.0,"enemies":"2 Louse","floor":1.0,"turns":3.0},{"damage":0.0,"enemies":"Cultist","floor":2.0,"turns":4.0},{"damage":3.0,"enemies":"Jaw Worm","floor":4.0,"turns":2.0},{"damage":0.0,"enemies":"3 Sentries","floor":13.0,"turns":9.0},{"damage":0.0,"enemies":"Blue Slaver","floor":14.0,"turns":3.0},{"damage":50.0,"enemies":"Slime Boss","floor":16.0,"turns":9.0},{"damage":10.0,"enemies":"Spheric Guardian","floor":18.0,"turns":4.0},{"damage":16.0,"enemies":"Shell Parasite","floor":19.0,"turns":5.0},{"damage":3.0,"enemies":"Chosen and Byrds","floor":20.0,"turns":5.0},{"damage":0,"enemies":"Snecko","floor":27,"turns":5},{"damage":16,"enemies":"Sentry and Sphere","floor":28,"turns":6},{"damage":26,"enemies":"Book of Stabbing","floor":29,"turns":6},{"damage":0,"enemies":"Cultist and Chosen","floor":31,"turns":4},{"damage":45,"enemies":"Automaton","floor":33,"turns":7},{"damage":5,"enemies":"3 Shapes","floor":35,"turns":5},{"damage":39,"enemies":"2 Orb Walkers","floor":38,"turns":5},{"damage":30,"enemies":"3 Darklings","floor":41,"turns":3},{"damage":0,"enemies":"Transient","floor":42,"turns":5},{"damage":22,"enemies":"Writhing Mass","floor":44,"turns":4},{"damage":8,"enemies":"3 Darklings","floor":45,"turns":2}],"seed_played":"805399714945094696","potions_obtained":[{"floor":1.0,"key":"SpeedPotion"},{"floor":2.0,"key":"Strength Potion"},{"floor":16.0,"key":"Fire Potion"},{"floor":19.0,"key":"Swift Potion"},{"floor":33,"key":"PowerPotion"}],"is_trial":false,"path_per_floor":["M","M","?","M","?","R","?","R","T","$","?","R","E","M","R","B",null,"M","M","M","$","?","R","?","$","T","M","M","E","$","M","R","B",null,"M","?","$","?","$","R","M","M","T","M","M"],"character_chosen":"THE_SILENT","items_purchased":["ClockworkSouvenir","Noxious Fumes","MealTicket","Ancient Tea Set","Accuracy","Medical Kit"],"campfire_rested":2,"item_purchase_floors":[10,10,21,21,30,37],"current_hp_per_floor":[70,70,70,67,50,50,50,70,70,70,70,70,70,70,70,20,70,60,44,41,41,41,41,41,56,56,56,40,21,36,36,59,14,77,72,62,77,38,53,53,23,23,23,1,0,0],"gold":199,"neow_bonus":"BOSS_RELIC","is_daily":false,"chose_seed":false,"campfire_upgraded":4,"win_rate":0.0,"timestamp":1611491566,"path_taken":["M","M","?","?","?","R","?","R","T","$","?","R","E","M","R","BOSS","M","?","M","$","?","R","?","?","T","M","?","E","$","M","R","BOSS","M","?","$","?","$","R","M","M","T","M","?"],"items_purchased_type":["Relic","Card","Relic","Relic","Card","Relic"],"build_version":"2020-12-22","purchased_purges":1,"victory":false,"max_hp_per_floor":[70,70,70,70,70,70,70,70,70,70,70,70,70,70,70,70,70,70,70,70,70,70,70,70,70,70,70,70,77,77,77,77,77,77,77,77,77,77,77,77,77,77,77,77,77,77],"card_choices":[{"not_picked":["Expertise","Dodge and Roll"],"picked":"Terror","floor":1.0},{"not_picked":["Sucker Punch","Cloak And Dagger"],"picked":"Blade Dance","floor":2.0},{"not_picked":["Sucker Punch","Bane","Crippling Poison"],"picked":"SKIP","floor":4.0},{"not_picked":["Quick Slash","Riddle With Holes"],"picked":"Infinite Blades","floor":13.0},{"not_picked":["Dodge and Roll","Caltrops","Quick Slash"],"picked":"SKIP","floor":14.0},{"not_picked":["Unload","Night Terror"],"picked":"After Image","floor":16.0},{"not_picked":["Deadly Poison+1","Footwork","Prepared"],"picked":"SKIP","floor":18.0},{"not_picked":["Poisoned Stab","Dodge and Roll"],"picked":"Blade Dance","floor":19.0},{"not_picked":["Masterful Stab+1","Concentrate"],"picked":"Calculated Gamble+1","floor":20.0},{"not_picked":["Tactician+1","Slice"],"picked":"Dagger Spray+1","floor":27},{"not_picked":["Skewer","Concentrate"],"picked":"Noxious Fumes+1","floor":28},{"not_picked":["Dagger Throw+1","Acrobatics+1","Deadly Poison"],"picked":"SKIP","floor":29},{"not_picked":["Escape Plan","Acrobatics","Blur"],"picked":"SKIP","floor":31},{"not_picked":["Doppelganger","Malaise"],"picked":"Phantasmal Killer","floor":33},{"not_picked":["Flechettes","Underhanded Strike","Backflip"],"picked":"SKIP","floor":35},{"not_picked":["Dodge and Roll+1","Setup"],"picked":"Cloak And Dagger+1","floor":41},{"not_picked":["Deadly Poison","Acrobatics+1","Poisoned Stab"],"picked":"SKIP","floor":42},{"not_picked":["Wraith Form v2","Catalyst","Dagger Throw+1"],"picked":"SKIP","floor":44}],"player_experience":223025,"relics_obtained":[{"floor":0.0,"key":"Snake Skull"},{"floor":0.0,"key":"Shuriken"},{"floor":0.0,"key":"WingedGreaves"},{"floor":13.0,"key":"Happy Flower"},{"floor":26,"key":"Bottled Tornado"},{"floor":29,"key":"Strawberry"},{"floor":38,"key":"FossilizedHelix"},{"floor":43,"key":"Bag of Preparation"}],"event_choices":[{"damage_healed":0.0,"max_hp_gain":0.0,"max_hp_loss":0.0,"gold_gain":100.0,"event_name":"Golden Shrine","player_choice":"Pray","floor":3.0,"gold_loss":0.0,"damage_taken":0.0},{"damage_healed":0.0,"max_hp_gain":0.0,"max_hp_loss":0.0,"gold_gain":0.0,"event_name":"Golden Idol","player_choice":"Take Damage","floor":5.0,"gold_loss":0.0,"damage_taken":17.0,"relics_obtained":["Golden Idol"]},{"damage_healed":0.0,"max_hp_gain":0.0,"max_hp_loss":0.0,"gold_gain":0.0,"event_name":"World of Goop","player_choice":"Left Gold","floor":7.0,"gold_loss":38.0,"damage_taken":0.0},{"damage_healed":0.0,"max_hp_gain":0.0,"max_hp_loss":0.0,"gold_gain":0.0,"event_name":"Upgrade Shrine","player_choice":"Upgraded","floor":11.0,"gold_loss":0.0,"damage_taken":0.0,"cards_upgraded":["Noxious Fumes"]},{"damage_healed":0.0,"max_hp_gain":0.0,"max_hp_loss":0.0,"gold_gain":99.0,"event_name":"Nest","player_choice":"Stole From Cult","floor":22.0,"gold_loss":0.0,"damage_taken":0.0},{"damage_healed":0,"gold_gain":0,"player_choice":"Ignored","damage_taken":0,"max_hp_gain":0,"max_hp_loss":0,"event_name":"Cursed Tome","floor":24,"gold_loss":0},{"damage_healed":0,"gold_gain":0,"player_choice":"Embrace Madness","damage_taken":10,"max_hp_gain":0,"max_hp_loss":0,"event_name":"Winding Halls","floor":36,"gold_loss":0,"cards_obtained":["Madness","Madness"]},{"damage_healed":0,"gold_gain":0,"player_choice":"Fight","damage_taken":0,"max_hp_gain":0,"max_hp_loss":0,"event_name":"Mysterious Sphere","floor":38,"gold_loss":0}],"is_beta":false,"boss_relics":[{"not_picked":["Ectoplasm","Snecko Eye"],"picked":"Cursed Key"},{"not_picked":["Fusion Hammer","HoveringKite"],"picked":"Sozu"}],"items_purged_floors":[30],"is_endless":false,"potions_floor_spawned":[1,2,16,19,33,38,44],"killed_by":"3 Darklings","ascension_level":1}}