{"host":"p7cjtxxrilhp4dw7","time":1611451261,"event":{"mods":["BaseMod","Block Reminder","Colored Map","Curses Come First","Highlight Path","Minty Spire (QoL Compilation)","Replay The Spire","StSLib","The Hierophant"],"gold_per_floor":[118,118,118,118,118,118,131,131,158,158,158,193,212,238,238,336,336,350,330,330,330],"floor_reached":20,"language":"ENG","playtime":1308,"items_purged":[],"score":258,"play_id":"4e0c9d3c-b428-4c7f-982e-7d8819f24e0f","local_time":"20210123182101","is_ascension_mode":true,"campfire_choices":[{"floor":6,"key":"REST"},{"floor":8,"key":"REST"},{"data":"Dualcast","floor":10,"key":"SMITH"},{"floor":15,"key":"REST"}],"circlet_count":0,"master_deck":["Strike_B","Strike_B","Strike_B","Strike_B+1","Defend_B+1","Defend_B+1","Defend_B+1","Defend_B+1","Zap+1","Dualcast+1","Panic Button","Echo Form","Sweeping Beam","Rainbow","Amplify","Storm"],"relics":["Cracked Core","Dream Catcher","Lantern","ReplayTheSpireMod:Lightbulb","Replay:Mystery Machine","Replay:Bottled Eggs"],"acts_visited":["Exordium","TheCity"],"potions_floor_usage":[18],"damage_taken":[{"damage":0,"enemies":"Small Slimes","floor":1,"turns":3},{"damage":2,"enemies":"Jaw Worm","floor":7,"turns":2},{"damage":12,"enemies":"Replay:BlueRogue","floor":12,"turns":4},{"damage":0,"enemies":"Cultist","floor":13,"turns":2},{"damage":10,"enemies":"3 Sentries","floor":14,"turns":6},{"damage":14,"enemies":"Slime Boss","floor":16,"turns":8},{"damage":26,"enemies":"3 Byrds","floor":18,"turns":6},{"damage":0,"enemies":"Shell Parasite","floor":20,"turns":1}],"seed_played":"243247682218418745","potions_obtained":[{"floor":12,"key":"Regen Potion"},{"floor":13,"key":"Energy Potion"},{"floor":18,"key":"Strength Potion"},{"floor":19,"key":"LiquidBronze"}],"is_trial":false,"path_per_floor":["M","?","?","?","?","R","M","R","T","R","$","E","M","E","R","B",null,"M","?","M"],"character_chosen":"DEFECT","items_purchased":[],"campfire_rested":3,"item_purchase_floors":[],"current_hp_per_floor":[68,50,50,55,39,63,61,80,80,80,80,68,68,58,80,66,77,51,51,51,51],"gold":330,"neow_bonus":"RANDOM_COMMON_RELIC","is_daily":false,"chose_seed":false,"campfire_upgraded":1,"win_rate":0.0,"timestamp":1611451261,"path_taken":["M","?","?","?","?","R","M","R","T","R","$","E","M","E","R","BOSS","M","?","M"],"items_purchased_type":[],"build_version":"2020-12-22","purchased_purges":0,"victory":false,"max_hp_per_floor":[75,75,75,80,80,80,80,80,80,80,80,80,80,80,80,80,80,80,80,80,80],"card_choices":[{"not_picked":["Compile Driver","Force Field","ReplayGash"],"picked":"SKIP","floor":1},{"not_picked":["Compile Driver","Force Field","ReplayGash"],"picked":"SKIP","floor":1},{"not_picked":["Compile Driver","Hologram"],"picked":"Panic Button","floor":7},{"not_picked":["Sunder","Coolheaded"],"picked":"Echo Form","floor":8},{"not_picked":["ReplaySort","ReplayTheSpireMod:GoodbyeWorld","Turbo"],"picked":"SKIP","floor":12},{"not_picked":["ReplaySort","ReplayTheSpireMod:GoodbyeWorld","Turbo"],"picked":"SKIP","floor":12},{"not_picked":["Lockon","Redo"],"picked":"Sweeping Beam","floor":13},{"not_picked":["Turbo","Cold Snap"],"picked":"Rainbow","floor":14},{"not_picked":["Echo Form","Hyperbeam"],"picked":"Amplify","floor":16},{"not_picked":["Go for the Eyes","ReplayGash"],"picked":"Storm","floor":18}],"player_experience":577473,"relics_obtained":[{"floor":9,"key":"ReplayTheSpireMod:Lightbulb"},{"floor":12,"key":"Replay:Mystery Machine"},{"floor":14,"key":"Replay:Bottled Eggs"}],"event_choices":[{"damage_healed":0,"gold_gain":0,"player_choice":"Success","damage_taken":18,"relics_obtained":["Lantern"],"max_hp_gain":0,"max_hp_loss":0,"event_name":"Scrap Ooze","floor":2,"gold_loss":0},{"damage_healed":0,"gold_gain":0,"player_choice":"Grow","damage_taken":0,"max_hp_gain":0,"max_hp_loss":0,"event_name":"Living Wall","floor":3,"gold_loss":0,"cards_upgraded":["Zap"]},{"damage_healed":0,"gold_gain":0,"player_choice":"Donut","damage_taken":0,"max_hp_gain":5,"max_hp_loss":0,"event_name":"Big Fish","floor":4,"gold_loss":0},{"damage_healed":0,"gold_gain":0,"player_choice":"Entered Light","damage_taken":16,"max_hp_gain":0,"max_hp_loss":0,"event_name":"Shining Light","floor":5,"gold_loss":0,"cards_upgraded":["Strike_B","Defend_B"]},{"damage_healed":0,"gold_gain":0,"player_choice":"Bought 1 Potion","damage_taken":0,"max_hp_gain":0,"max_hp_loss":0,"event_name":"The Woman in Blue","floor":19,"gold_loss":0}],"is_beta":false,"boss_relics":[{"not_picked":["Runic Dome","Replay:Ancient Bell","Fusion Hammer"]}],"items_purged_floors":[],"is_endless":false,"potions_floor_spawned":[12,13,18],"killed_by":"Shell Parasite","ascension_level":9}}