{"host":"cbu6enf2xtq4r7r3","time":1611509064,"event":{"mods":["2.2 Compatiblity","AlwaysNeverKeys","BaseMod","Better Match","Better Note","Better Sensory Stone","Better Skull","Better Third Choice","Colored Map","Colored Powertips","Defuse TimeMaze Blight","Emptier Cage","Minty Spire (QoL Compilation)","Permanent Neow","Quick Restart","Random Character Button","Relic Sorter","Reorder Act Four","Shop Mod","StSLib"],"gold_per_floor":[119,119,138,138,153,180,180,213,213,225,17,30,50,78,78,175,175,191,7,107,107,124,153,153,190,268,313,69,69,78,115,115,222,231,254,282,302,173,173,207,232,274,274,293,343,381,381,409,409,409],"floor_reached":51,"language":"ENG","playtime":2116,"items_purged":["Strike_G","Strike_G"],"score":1303,"play_id":"237b0495-d1fd-4f53-960c-3bd224bec901","local_time":"20210124182424","is_ascension_mode":true,"campfire_choices":[{"floor":7,"key":"REST"},{"floor":10,"key":"REST"},{"floor":15,"key":"REST"},{"data":"1","floor":24,"key":"LIFT"},{"data":"2","floor":29,"key":"LIFT"},{"data":"3","floor":32,"key":"LIFT"},{"floor":47,"key":"REST"},{"floor":49,"key":"REST"}],"circlet_count":0,"master_deck":["Strike_G","Strike_G","Defend_G","Defend_G","Defend_G","Defend_G","Defend_G","Survivor","Neutralize+1","Endless Agony+1","Noxious Fumes+1","Leg Sweep","Backflip","Backflip","Poisoned Stab","Backflip","Glass Knife","Dagger Spray+1","Apotheosis","Backstab","Apotheosis+1","Backflip","Backflip","Backflip","Ghostly","Ghostly","Ghostly","Ghostly","Ghostly","After Image","Quick Slash","PiercingWail","After Image","CurseOfTheBell","Distraction+1","Cloak And Dagger+1","Distraction+1","Burst","Backflip+1","Endless Agony","Parasite","Dodge and Roll+1"],"relics":["Fusion Hammer","Akabeko","The Courier","MawBank","PreservedInsect","Odd Mushroom","Bottled Tornado","WristBlade","Girya","CeramicFish","Bottled Lightning","Oddly Smooth Stone","Orichalcum","Calling Bell","Art of War","Mercury Hourglass","Lizard Tail","Prayer Wheel","Vajra","Singing Bowl","Ginger","Du-Vu Doll","Bronze Scales"],"acts_visited":["Exordium","TheCity","TheBeyond"],"potions_floor_usage":[5,16,23,33,33,42,44,45],"damage_taken":[{"damage":0,"enemies":"Cultist","floor":1,"turns":5},{"damage":3,"enemies":"2 Louse","floor":3,"turns":2},{"damage":4,"enemies":"Jaw Worm","floor":5,"turns":2},{"damage":7,"enemies":"3 Sentries","floor":6,"turns":8},{"damage":0,"enemies":"Lagavulin","floor":8,"turns":8},{"damage":0,"enemies":"Looter","floor":12,"turns":3},{"damage":5,"enemies":"The Mushroom Lair","floor":13,"turns":4},{"damage":8,"enemies":"Gremlin Nob","floor":14,"turns":3},{"damage":16,"enemies":"Hexaghost","floor":16,"turns":10},{"damage":4,"enemies":"2 Thieves","floor":18,"turns":4},{"damage":0,"enemies":"Chosen","floor":22,"turns":3},{"damage":5,"enemies":"Slavers","floor":23,"turns":4},{"damage":14,"enemies":"Gremlin Leader","floor":25,"turns":6},{"damage":11,"enemies":"Slavers","floor":31,"turns":3},{"damage":10,"enemies":"Champ","floor":33,"turns":13},{"damage":0,"enemies":"Orb Walker","floor":35,"turns":3},{"damage":0,"enemies":"3 Darklings","floor":36,"turns":1},{"damage":0,"enemies":"Sphere and 2 Shapes","floor":37,"turns":4},{"damage":0,"enemies":"Reptomancer","floor":40,"turns":6},{"damage":0,"enemies":"Transient","floor":41,"turns":5},{"damage":1,"enemies":"Giant Head","floor":42,"turns":6},{"damage":0,"enemies":"Writhing Mass","floor":44,"turns":5},{"damage":6,"enemies":"Mind Bloom Boss Battle","floor":45,"turns":7},{"damage":40,"enemies":"Reptomancer","floor":46,"turns":5},{"damage":0,"enemies":"Nemesis","floor":48,"turns":9},{"damage":7,"enemies":"Awakened One","floor":50,"turns":15}],"seed_played":"8280060957275631349","potions_obtained":[{"floor":1,"key":"Fruit Juice"},{"floor":6,"key":"Block Potion"},{"floor":14,"key":"FairyPotion"},{"floor":18,"key":"SteroidPotion"},{"floor":22,"key":"FearPotion"},{"floor":31,"key":"CunningPotion"},{"floor":35,"key":"PowerPotion"},{"floor":40,"key":"Poison Potion"},{"floor":42,"key":"LiquidMemories"},{"floor":46,"key":"FearPotion"}],"is_trial":false,"path_per_floor":["M","?","M","?","M","E","R","E","T","R","$","M","?","E","R","B",null,"M","$","?","?","M","E","R","E","T","?","$","R","?","E","R","B",null,"M","M","M","$","?","E","M","E","T","M","?","E","R","E","R","B",null],"character_chosen":"THE_SILENT","items_purchased":["PreservedInsect","Backflip","Apotheosis","Backstab","After Image","Oddly Smooth Stone","Burst"],"campfire_rested":5,"item_purchase_floors":[11,11,19,19,28,28,38],"current_hp_per_floor":[63,49,46,46,47,40,62,62,62,75,75,75,70,62,75,59,71,67,67,67,67,67,62,62,48,48,37,37,37,37,26,26,16,32,32,32,32,32,32,32,32,31,31,35,31,12,24,26,39,32],"gold":409,"neow_bonus":"BOSS_RELIC","is_daily":false,"chose_seed":false,"campfire_upgraded":0,"win_rate":0.0,"timestamp":1611509064,"path_taken":["M","?","M","?","M","E","R","E","T","R","$","?","?","E","R","BOSS","M","$","?","?","M","E","R","E","T","?","$","R","?","E","R","BOSS","M","?","M","$","?","E","M","E","T","M","?","E","R","E","R","BOSS"],"items_purchased_type":["Relic","Card","Card","Card","Card","Relic","Card"],"build_version":"2020-12-22","purchased_purges":2,"victory":true,"max_hp_per_floor":[70,70,70,70,75,75,75,75,75,75,75,75,75,75,75,75,75,75,75,75,75,75,75,75,75,75,37,37,37,37,37,37,37,37,37,37,37,37,37,37,37,37,37,41,43,43,43,45,45,45],"card_choices":[{"not_picked":["Sucker Punch","Calculated Gamble"],"picked":"Endless Agony","floor":1},{"not_picked":["Slice","Outmaneuver"],"picked":"Noxious Fumes","floor":3},{"not_picked":["Accuracy","Outmaneuver"],"picked":"Leg Sweep","floor":5},{"not_picked":["Flying Knee","Deflect","Tools of the Trade"],"picked":"SKIP","floor":6},{"not_picked":["Flying Knee","Blade Dance"],"picked":"Backflip","floor":8},{"not_picked":["Finisher","Prepared"],"picked":"Poisoned Stab","floor":12},{"not_picked":["Dodge and Roll","Dagger Throw"],"picked":"Backflip","floor":14},{"not_picked":["Tools of the Trade","Wraith Form v2"],"picked":"Glass Knife","floor":16},{"not_picked":["Dagger Throw+1","PiercingWail"],"picked":"Dagger Spray+1","floor":18},{"not_picked":["Flechettes+1","Flying Knee"],"picked":"Backflip","floor":22},{"not_picked":["Slice","Wraith Form v2"],"picked":"Backflip","floor":23},{"not_picked":["Cloak And Dagger","Dagger Spray"],"picked":"Backflip","floor":25},{"not_picked":["Concentrate","Dodge and Roll+1"],"picked":"PiercingWail","floor":31},{"not_picked":["Doppelganger","Storm of Steel"],"picked":"After Image","floor":33},{"not_picked":["Flying Knee","Setup"],"picked":"Distraction+1","floor":35},{"not_picked":["Well Laid Plans+1","Dagger Throw+1"],"picked":"Cloak And Dagger+1","floor":36},{"not_picked":["Crippling Poison","Masterful Stab"],"picked":"Distraction+1","floor":37},{"not_picked":["Finisher+1","Poisoned Stab","Infinite Blades+1"],"picked":"SKIP","floor":40},{"not_picked":["Blade Dance+1","Dodge and Roll"],"picked":"Backflip+1","floor":41},{"not_picked":["Expertise","Deadly Poison","Dagger Spray+1"],"picked":"SKIP","floor":41},{"not_picked":["Choke","Infinite Blades"],"picked":"Endless Agony","floor":42},{"not_picked":["PiercingWail","Blade Dance","Deflect+1"],"picked":"Singing Bowl","floor":44},{"not_picked":["Deflect","Escape Plan","Choke"],"picked":"Singing Bowl","floor":44},{"not_picked":["Dagger Spray+1","Noxious Fumes+1","Unload"],"picked":"Singing Bowl","floor":45},{"not_picked":["Well Laid Plans","Dagger Spray+1"],"picked":"Dodge and Roll+1","floor":46},{"not_picked":["Dagger Spray","Flying Knee","Quick Slash+1"],"picked":"Singing Bowl","floor":48}],"player_experience":108008,"relics_obtained":[{"floor":6,"key":"Akabeko"},{"floor":8,"key":"The Courier"},{"floor":9,"key":"MawBank"},{"floor":13,"key":"Odd Mushroom"},{"floor":14,"key":"Bottled Tornado"},{"floor":23,"key":"Girya"},{"floor":25,"key":"CeramicFish"},{"floor":26,"key":"Bottled Lightning"},{"floor":31,"key":"Orichalcum"},{"floor":34,"key":"Art of War"},{"floor":34,"key":"Mercury Hourglass"},{"floor":34,"key":"Lizard Tail"},{"floor":40,"key":"Prayer Wheel"},{"floor":42,"key":"Vajra"},{"floor":43,"key":"Singing Bowl"},{"floor":45,"key":"Ginger"},{"floor":46,"key":"Du-Vu Doll"},{"floor":48,"key":"Bronze Scales"}],"event_choices":[{"damage_healed":63,"gold_gain":0,"player_choice":"Upgrade","damage_taken":14,"max_hp_gain":0,"max_hp_loss":70,"event_name":"betterThird:BetterShining","floor":2,"gold_loss":0,"cards_upgraded":["Neutralize","Endless Agony"]},{"damage_healed":0,"gold_gain":0,"player_choice":"Grow","damage_taken":0,"max_hp_gain":0,"max_hp_loss":0,"event_name":"Living Wall","floor":4,"gold_loss":0,"cards_upgraded":["Noxious Fumes"]},{"damage_healed":0,"gold_gain":0,"player_choice":"Fought Mushrooms","damage_taken":0,"max_hp_gain":0,"max_hp_loss":0,"event_name":"Mushrooms","floor":13,"gold_loss":0},{"damage_healed":0,"gold_gain":100,"player_choice":"Pray","damage_taken":0,"max_hp_gain":0,"max_hp_loss":0,"event_name":"Golden Shrine","floor":20,"gold_loss":0},{"cards_removed":["Neutralize"],"damage_healed":0,"gold_gain":0,"player_choice":"Take \u0026 Give","damage_taken":0,"max_hp_gain":0,"max_hp_loss":0,"event_name":"betterNote:BetterNote","floor":21,"gold_loss":0,"cards_obtained":["Apotheosis"]},{"damage_healed":0,"gold_gain":0,"player_choice":"Became a Ghost","damage_taken":0,"max_hp_gain":0,"max_hp_loss":38,"event_name":"Ghosts","floor":27,"gold_loss":0,"cards_obtained":["Ghostly","Ghostly","Ghostly","Ghostly","Ghostly"]},{"damage_healed":0,"gold_gain":0,"cards_transformed":["Strike_G"],"player_choice":"Transformed","damage_taken":0,"max_hp_gain":0,"max_hp_loss":0,"event_name":"Transmorgrifier","floor":30,"gold_loss":0,"cards_obtained":["Quick Slash"]},{"damage_healed":0,"gold_gain":0,"player_choice":"Ignored","damage_taken":0,"max_hp_gain":0,"max_hp_loss":0,"event_name":"Tomb of Lord Red Mask","floor":39,"gold_loss":0},{"damage_healed":0,"gold_gain":0,"player_choice":"Fight","damage_taken":0,"max_hp_gain":0,"max_hp_loss":0,"event_name":"MindBloom","floor":45,"gold_loss":0}],"is_beta":false,"boss_relics":[{"not_picked":["Velvet Choker","HoveringKite"],"picked":"WristBlade"},{"not_picked":["SlaversCollar","Tiny House"],"picked":"Calling Bell"}],"items_purged_floors":[11,38],"is_endless":false,"potions_floor_spawned":[1,6,14,18,22,31,35,40,42,46],"ascension_level":6}}