{"host":"j4g6ia6asvpyu2b0","time":1611493225,"event":{"mods":["BaseMod","Colored Map","Minty Spire (QoL Compilation)","Permanent Neow","Quick Restart","Relic Stats","StSLib","Unceasing Turn Reminder"],"gold_per_floor":[130,130,169,199,229,264,264,315,362,362,127,206,231,231,231,327,327,302,61,104,104,148,148,212,212,235,290,335,351,404,319,319,319,319],"floor_reached":33,"language":"ENG","playtime":1007,"items_purged":["Shame"],"score":741,"play_id":"5d9ac377-c035-41a2-a108-b94282ace95f","local_time":"20210124060025","is_ascension_mode":true,"campfire_choices":[{"data":"Immolate","floor":7.0,"key":"SMITH"},{"data":"Bash","floor":15.0,"key":"SMITH"},{"data":"Impervious","floor":23.0,"key":"SMITH"},{"data":"Metallicize","floor":25.0,"key":"SMITH"},{"floor":32.0,"key":"REST"}],"circlet_count":0,"master_deck":["AscendersBane","Strike_R+1","Strike_R+1","Strike_R","Strike_R","Strike_R","Defend_R","Defend_R","Defend_R","Defend_R","Bash+1","HandOfGreed","Shrug It Off+1","Infernal Blade","Immolate+1","Ghostly Armor","Metallicize+1","Barricade+1","Havoc","Impervious+1","Warcry","Feel No Pain+1","Anger+1","Entrench+1","Pommel Strike","Warcry","Offering","Headbutt","Dual Wield"],"relics":["Burning Blood","Red Skull","Frozen Egg 2","Orichalcum","Golden Idol","Lantern","Self Forming Clay","Runic Pyramid","ClockworkSouvenir","Enchiridion","Bronze Scales","Whetstone","FossilizedHelix","Boot"],"acts_visited":["Exordium","TheCity"],"potions_floor_usage":[],"damage_taken":[{"damage":7.0,"enemies":"Small Slimes","floor":1.0,"turns":4.0},{"damage":14.0,"enemies":"Jaw Worm","floor":3.0,"turns":5.0},{"damage":3.0,"enemies":"Cultist","floor":4.0,"turns":3.0},{"damage":11.0,"enemies":"Looter","floor":5.0,"turns":2.0},{"damage":36.0,"enemies":"Gremlin Nob","floor":6.0,"turns":4.0},{"damage":9.0,"enemies":"3 Sentries","floor":8.0,"turns":4.0},{"damage":0.0,"enemies":"2 Fungi Beasts","floor":13.0,"turns":1.0},{"damage":0.0,"enemies":"Slime Boss","floor":16.0,"turns":5.0},{"damage":0.0,"enemies":"2 Thieves","floor":18.0,"turns":4.0},{"damage":11.0,"enemies":"Shell Parasite","floor":20.0,"turns":5.0},{"damage":0.0,"enemies":"Snecko","floor":22.0,"turns":7.0},{"damage":11.0,"enemies":"Slavers","floor":24.0,"turns":8.0},{"damage":0.0,"enemies":"Gremlin Leader","floor":27.0,"turns":5.0},{"damage":17.0,"enemies":"Centurion and Healer","floor":28.0,"turns":8.0},{"damage":6.0,"enemies":"Snake Plant","floor":29.0,"turns":3.0},{"damage":20.0,"enemies":"Slavers","floor":30.0,"turns":4.0},{"damage":44,"enemies":"Automaton","floor":33,"turns":6}],"seed_played":"2792493209147325755","potions_obtained":[{"floor":4.0,"key":"EntropicBrew"},{"floor":5.0,"key":"BlessingOfTheForge"},{"floor":8.0,"key":"BlessingOfTheForge"},{"floor":16.0,"key":"Fire Potion"},{"floor":18.0,"key":"GamblersBrew"},{"floor":22.0,"key":"EntropicBrew"}],"is_trial":false,"path_per_floor":["M","?","M","M","M","E","R","E","T","?","$","T","M","?","R","B",null,"M","$","M","?","M","R","E","R","T","E","M","M","E","?","R","B"],"character_chosen":"IRONCLAD","items_purchased":["Lantern","Feel No Pain+1","ClockworkSouvenir"],"campfire_rested":1,"item_purchase_floors":[11,19,19],"current_hp_per_floor":[67,72,64,67,62,32,32,29,29,29,29,29,35,13,13,19,59,65,65,60,39,45,45,40,40,40,46,35,35,21,21,42,0,0],"gold":319,"neow_bonus":"RANDOM_COLORLESS_2","is_daily":false,"chose_seed":false,"campfire_upgraded":4,"win_rate":0.0,"timestamp":1611493225,"path_taken":["M","?","M","M","M","E","R","E","T","?","$","?","?","?","R","BOSS","M","$","M","?","M","R","E","R","T","E","M","M","E","?","R","BOSS"],"items_purchased_type":["Relic","Card","Relic"],"build_version":"2020-12-22","purchased_purges":1,"victory":false,"max_hp_per_floor":[75,80,80,80,80,80,80,80,80,72,72,72,72,72,72,72,72,72,72,72,72,72,72,72,72,72,72,72,72,72,72,72,72,72],"relic_stats":{"counters":[17,78],"Golden Idol":68,"Self Forming Clay":[48],"Bronze Scales":[81],"Whetstone":["Strike_R","Anger"],"Orichalcum":[72],"Boot":[0],"obtain_stats":[{"Lantern":11,"Golden Idol":10,"Self Forming Clay":12,"Enchiridion":21,"Whetstone":27,"Frozen Egg 2":8,"Orichalcum":9,"Boot":31,"Burning Blood":0,"ClockworkSouvenir":19,"Bronze Scales":24,"Red Skull":6,"FossilizedHelix":30,"Runic Pyramid":17},{"Lantern":6,"Golden Idol":6,"Self Forming Clay":6,"Enchiridion":10,"Whetstone":13,"Frozen Egg 2":6,"Orichalcum":6,"Boot":16,"Burning Blood":0,"ClockworkSouvenir":9,"Bronze Scales":12,"Red Skull":5,"FossilizedHelix":16,"Runic Pyramid":8},{"Lantern":22,"Golden Idol":22,"Self Forming Clay":22,"Enchiridion":37,"Whetstone":57,"Frozen Egg 2":22,"Orichalcum":22,"Boot":72,"Burning Blood":0,"ClockworkSouvenir":32,"Bronze Scales":52,"Red Skull":18,"FossilizedHelix":72,"Runic Pyramid":28}],"Burning Blood":96},"card_choices":[{"not_picked":["Thinking Ahead","Secret Technique"],"picked":"HandOfGreed","floor":0.0},{"not_picked":["Iron Wave","Havoc"],"picked":"Shrug It Off","floor":1.0},{"not_picked":["Sword Boomerang","Rupture"],"picked":"Infernal Blade","floor":3.0},{"not_picked":["Body Slam","Clothesline"],"picked":"Immolate","floor":4.0},{"not_picked":["Warcry","Entrench"],"picked":"Ghostly Armor","floor":5.0},{"not_picked":["Armaments","Havoc"],"picked":"Metallicize","floor":6.0},{"not_picked":["True Grit","Anger"],"picked":"Barricade+1","floor":8.0},{"not_picked":["Clothesline","Clash"],"picked":"Havoc","floor":13.0},{"not_picked":["Double Tap","Limit Break"],"picked":"Impervious","floor":16.0},{"not_picked":["Searing Blow","Rampage"],"picked":"Warcry","floor":18.0},{"not_picked":["Dark Embrace+1","Heavy Blade"],"picked":"Anger","floor":20.0},{"not_picked":["Burning Pact","True Grit+1"],"picked":"Entrench+1","floor":22.0},{"not_picked":["Thunderclap","Sword Boomerang"],"picked":"Pommel Strike","floor":24.0},{"not_picked":["Clothesline","Perfected Strike"],"picked":"Warcry","floor":27.0},{"not_picked":["Feel No Pain+1","Heavy Blade"],"picked":"Offering","floor":28.0},{"not_picked":["Cleave","Perfected Strike"],"picked":"Headbutt","floor":29.0},{"not_picked":["Warcry","Thunderclap"],"picked":"Dual Wield","floor":30.0}],"player_experience":976220,"relics_obtained":[{"floor":6.0,"key":"Red Skull"},{"floor":8.0,"key":"Frozen Egg 2"},{"floor":9.0,"key":"Orichalcum"},{"floor":12.0,"key":"Self Forming Clay"},{"floor":21.0,"key":"Enchiridion"},{"floor":24.0,"key":"Bronze Scales"},{"floor":27.0,"key":"Whetstone"},{"floor":30.0,"key":"FossilizedHelix"}],"event_choices":[{"damage_healed":0.0,"max_hp_gain":5.0,"max_hp_loss":0.0,"gold_gain":0.0,"event_name":"Big Fish","player_choice":"Donut","floor":2.0,"gold_loss":0.0,"damage_taken":0.0},{"damage_healed":0.0,"max_hp_gain":0.0,"max_hp_loss":8.0,"gold_gain":0.0,"event_name":"Golden Idol","player_choice":"Lose Max HP","floor":10.0,"gold_loss":0.0,"damage_taken":0.0,"relics_obtained":["Golden Idol"]},{"damage_healed":0.0,"max_hp_gain":0.0,"max_hp_loss":0.0,"gold_gain":0.0,"event_name":"Shining Light","player_choice":"Entered Light","floor":14.0,"gold_loss":0.0,"damage_taken":22.0,"cards_upgraded":["Strike_R","Shrug It Off"]},{"damage_healed":0.0,"max_hp_gain":0.0,"max_hp_loss":0.0,"gold_gain":0.0,"event_name":"Cursed Tome","player_choice":"Obtained Book","floor":21.0,"gold_loss":0.0,"damage_taken":21.0},{"damage_healed":0.0,"max_hp_gain":0.0,"max_hp_loss":0.0,"gold_gain":0.0,"event_name":"Addict","player_choice":"Obtained Relic","floor":31.0,"gold_loss":85.0,"damage_taken":0.0,"relics_obtained":["Boot"]}],"is_beta":false,"boss_relics":[{"not_picked":["Sozu","Empty Cage"],"picked":"Runic Pyramid"}],"items_purged_floors":[11],"is_endless":false,"potions_floor_spawned":[4,5,8,16,18,22,24,27,28],"killed_by":"Automaton","ascension_level":18}}