{"host":"btt6ntw6a1bnaigc","time":1611496375,"event":{"mods":["AchievementEnabler","BaseMod","Downfall","Hermit","Marisa????????","Minty Spire (QoL Compilation)","StSLib","The Cursed","The Mystic"],"gold_per_floor":[109,109,34,109,129,154,164,164,191,191,220,220,254,274,274,377,377,377,377],"floor_reached":18,"language":"ENG","playtime":1284,"items_purged":["Regret"],"score":203,"play_id":"d973aafd-fb27-484b-8619-4bd8ddfdf60e","local_time":"20210124135255","is_ascension_mode":false,"campfire_choices":[{"data":"UltimateShortwave","floor":8,"key":"SMITH"},{"data":"DC","floor":10,"key":"SMITH"},{"data":"LuminesStrike","floor":12,"key":"SMITH"},{"data":"MilkyWay","floor":15,"key":"SMITH"}],"circlet_count":0,"master_deck":["Strike_MRS","Strike_MRS","Strike_MRS","Strike_MRS","Defend_MRS","Defend_MRS","Defend_MRS","Defend_MRS","MasterSpark","UpSweep","LuminesStrike+1","DC+1","ShootTheMoon","UltimateShortwave+1","GalacticHalo","MilkyWay+1","CasketOfStar"],"relics":["MiniHakkero","NeowsBlessing","Pen Nib","Juzu Bracelet","Akabeko","Darkstone Periapt","Strawberry","bronze:MakeshiftBattery"],"acts_visited":["Exordium","TheCity"],"potions_floor_usage":[11,16,16],"damage_taken":[{"damage":0,"enemies":"2 Louse","floor":1,"turns":1},{"damage":0,"enemies":"Jaw Worm","floor":5,"turns":1},{"damage":0,"enemies":"3 Sentries","floor":6,"turns":1},{"damage":0,"enemies":"Small Slimes","floor":7,"turns":3},{"damage":23,"enemies":"Lagavulin","floor":11,"turns":5},{"damage":18,"enemies":"3 Sentries","floor":13,"turns":6},{"damage":0,"enemies":"Exordium Thugs","floor":14,"turns":2},{"damage":19,"enemies":"The Guardian","floor":16,"turns":9},{"damage":5,"enemies":"3 Byrds","floor":18,"turns":4}],"seed_played":"939585898017132372","potions_obtained":[{"floor":1,"key":"FearPotion"},{"floor":5,"key":"Guardian:BlockOnCardUsePotion"},{"floor":13,"key":"SpeedPotion"},{"floor":14,"key":"BottledSpark"}],"is_trial":false,"path_per_floor":["M","?","$","?","M","E","M","R","T","R","E","R","E","M","R","B",null,"M"],"character_chosen":"MARISA","items_purchased":[],"campfire_rested":0,"item_purchase_floors":[],"current_hp_per_floor":[75,75,75,64,64,64,64,64,64,64,41,41,30,30,30,11,82,77,77],"gold":377,"neow_bonus":"THREE_ENEMY_KILL","is_daily":false,"chose_seed":false,"campfire_upgraded":4,"win_rate":0.0,"timestamp":1611496375,"path_taken":["M","?","$","?","M","E","M","R","T","R","E","R","E","M","R","BOSS","M"],"items_purchased_type":[],"build_version":"2020-12-22","purchased_purges":1,"victory":false,"max_hp_per_floor":[75,75,75,75,75,75,75,75,75,75,75,75,82,82,82,82,82,82,82],"card_choices":[{"not_picked":["GravityBeat","GrandCross"],"picked":"LuminesStrike","floor":1},{"not_picked":["Singularity","NonDirectionalLaser"],"picked":"DC","floor":5},{"not_picked":["DarkMatter","6A"],"picked":"ShootTheMoon","floor":6},{"not_picked":["PowerUp","WitchOfGreed"],"picked":"UltimateShortwave","floor":7},{"not_picked":["OpenUniverse","DoubleSpark","SuperPerseids"],"picked":"SKIP","floor":11},{"not_picked":["SuperPerseids","AsteroidBelt"],"picked":"GalacticHalo","floor":13},{"not_picked":["WitchLeyline","BlazeAway"],"picked":"MilkyWay","floor":14},{"not_picked":["MaximisePower","CollectingQuirk"],"picked":"CasketOfStar","floor":16}],"player_experience":298649,"relics_obtained":[{"floor":6,"key":"Juzu Bracelet"},{"floor":9,"key":"Akabeko"},{"floor":11,"key":"Darkstone Periapt"},{"floor":13,"key":"Strawberry"}],"event_choices":[{"damage_healed":0,"gold_gain":0,"player_choice":"Box","damage_taken":0,"relics_obtained":["Pen Nib"],"max_hp_gain":0,"max_hp_loss":0,"event_name":"Big Fish","floor":2,"gold_loss":0,"cards_obtained":["Regret"]},{"damage_healed":0,"gold_gain":75,"player_choice":"Gather Gold","damage_taken":11,"max_hp_gain":0,"max_hp_loss":0,"event_name":"World of Goop","floor":4,"gold_loss":0}],"is_beta":false,"boss_relics":[{"not_picked":["SacredBark","SlaversCollar"],"picked":"bronze:MakeshiftBattery"}],"items_purged_floors":[3],"is_endless":false,"potions_floor_spawned":[1,5,13,14],"killed_by":"3 Byrds","ascension_level":0}}