{"host":"ju66gn9zov5ov15o","time":1611490739,"event":{"mods":["2.2 Compatiblity","Act Like it!","Arknights The Spire","Aspiration","BaseMod","Conspire","Downfall","GifTheSpireLib","Hubris","Lobotomy","LobotomyExtend","Marisa????????","Minty Spire (QoL Compilation)","Pale of the Ancients","Rare Cards Sparkle","Relic Stats","StSLib","The Alterego","The Animator"],"gold_per_floor":[117,132,132,207,207,207,250,250,250,250,151,151,151,170,170,170,170],"floor_reached":16,"language":"ENG","playtime":526,"items_purged":["alterego_mod:Strike"],"score":96,"play_id":"3393b04e-5fa9-4d2e-9d08-4a36bf58e5d7","local_time":"20210124131859","is_ascension_mode":false,"campfire_choices":[{"data":"alterego_mod:Rip","floor":6,"key":"SMITH"},{"data":"alterego_mod:GoddessCore","floor":8,"key":"SMITH"},{"data":"alterego_mod:Undulate","floor":10,"key":"SMITH"},{"data":"alterego_mod:Bounce","floor":12,"key":"SMITH"},{"data":"alterego_mod:Support","floor":15,"key":"SMITH"}],"circlet_count":0,"master_deck":["alterego_mod:Strike","alterego_mod:Strike","alterego_mod:Strike","alterego_mod:Defend","alterego_mod:Defend","alterego_mod:Defend","alterego_mod:Impale","alterego_mod:BigMeatyClaws","alterego_mod:BrynhildrsRune","alterego_mod:Rip+1","alterego_mod:GoddessCore+1","alterego_mod:Undulate+1","alterego_mod:Bounce+1","alterego_mod:Support+1"],"relics":["alterego_mod:MasochisticConstitution","Golden Idol","Kunai","hubris:BottledRain","Gambling Chip"],"acts_visited":["Exordium"],"potions_floor_usage":[16],"damage_taken":[{"damage":13,"enemies":"Jaw Worm","floor":1,"turns":3},{"damage":15,"enemies":"Small Slimes","floor":2,"turns":5},{"damage":17,"enemies":"Lagavulin","floor":7,"turns":10},{"damage":0,"enemies":"2 Louse","floor":14,"turns":2},{"damage":47,"enemies":"Hexaghost","floor":16,"turns":10}],"seed_played":"7729471301061189583","potions_obtained":[{"floor":1,"key":"SkillPotion"}],"is_trial":false,"path_per_floor":["M","M","?","?","?","R","E","R","T","R","$","R","?","M","R","B"],"character_chosen":"The_Alterego","items_purchased":["alterego_mod:Bounce"],"campfire_rested":0,"item_purchase_floors":[11],"current_hp_per_floor":[65,58,58,47,47,47,31,31,31,31,31,31,24,38,38,0,0],"gold":170,"neow_bonus":"REMOVE_CARD","is_daily":false,"chose_seed":false,"campfire_upgraded":5,"win_rate":0.0,"timestamp":1611490739,"path_taken":["M","M","?","?","?","R","E","R","T","R","?","R","?","M","R","BOSS"],"items_purchased_type":["Card"],"build_version":"2020-12-22","purchased_purges":1,"victory":false,"max_hp_per_floor":[71,72,67,67,67,67,68,68,68,68,68,68,68,68,68,68,68],"relic_stats":{"counters":[5,30],"Golden Idol":13,"Gambling Chip":[5],"Kunai":[7],"obtain_stats":[{"alterego_mod:MasochisticConstitution":0,"Golden Idol":3,"Gambling Chip":13,"Kunai":7,"hubris:BottledRain":9},{"alterego_mod:MasochisticConstitution":0,"Golden Idol":2,"Gambling Chip":3,"Kunai":3,"hubris:BottledRain":3},{"alterego_mod:MasochisticConstitution":0,"Golden Idol":8,"Gambling Chip":18,"Kunai":18,"hubris:BottledRain":18}]},"card_choices":[{"not_picked":["alterego_mod:Collar","alterego_mod:Punishment"],"picked":"alterego_mod:Rip","floor":1},{"not_picked":["alterego_mod:RocketPunch","alterego_mod:BiFurious"],"picked":"alterego_mod:GoddessCore","floor":2},{"not_picked":["alterego_mod:Schoolgirl","alterego_mod:Stockings"],"picked":"alterego_mod:Undulate","floor":7},{"not_picked":["alterego_mod:Crossover","alterego_mod:RidiculouslyBig"],"picked":"alterego_mod:Support","floor":14}],"player_experience":463421,"relics_obtained":[{"floor":7,"key":"Kunai"},{"floor":9,"key":"hubris:BottledRain"}],"event_choices":[{"damage_healed":0,"gold_gain":0,"player_choice":"Lose Max HP","damage_taken":0,"relics_obtained":["Golden Idol"],"max_hp_gain":0,"max_hp_loss":5,"event_name":"Golden Idol","floor":3,"gold_loss":0},{"damage_healed":0,"gold_gain":75,"player_choice":"Gather Gold","damage_taken":11,"max_hp_gain":0,"max_hp_loss":0,"event_name":"World of Goop","floor":4,"gold_loss":0},{"damage_healed":0,"gold_gain":0,"player_choice":"Success","damage_taken":7,"relics_obtained":["Gambling Chip"],"max_hp_gain":0,"max_hp_loss":0,"event_name":"Scrap Ooze","floor":13,"gold_loss":0}],"is_beta":false,"boss_relics":[],"items_purged_floors":[11],"is_endless":false,"potions_floor_spawned":[1],"killed_by":"Hexaghost","ascension_level":0}}