{"host":"minbhrtlkaoly5f0","time":1611530484,"event":{"mods":["Act Like it!","BaseMod","Colored Map","Minty Spire (QoL Compilation)","Quick Restart","StSLib"],"gold_per_floor":[114,16,16,32,32,63,63,79,148,168,118,118,118,139,139,259,259,284,29,29,29,52,52,68,68,121,139,139,164,214,234,234,353,353,366,430,430,280,295,329,348,10,10,30,45,0,0,19,19,19,19],"floor_reached":50,"language":"ZHS","playtime":1429,"items_purged":["Strike_R","Defend_R","Defend_R","Bite"],"score":524,"play_id":"70cc521c-0553-4f38-a097-45f23506eec0","local_time":"20210125072124","is_ascension_mode":false,"campfire_choices":[{"floor":7.0,"key":"REST"},{"data":"Spot Weakness","floor":12.0,"key":"SMITH"},{"data":"Spot Weakness","floor":15.0,"key":"SMITH"},{"data":"Double Tap","floor":23.0,"key":"SMITH"},{"data":"Whirlwind","floor":28.0,"key":"SMITH"},{"floor":32.0,"key":"REST"},{"data":"Flex","floor":47.0,"key":"SMITH"},{"data":"Offering","floor":49.0,"key":"SMITH"}],"circlet_count":0,"master_deck":["Defend_R","Bash","Clash","Twin Strike","Spot Weakness+1","Spot Weakness+1","Parasite","Anger","Double Tap+1","Dark Embrace+1","Dropkick+1","Spot Weakness+1","Infernal Blade+1","Clash+1","Bite","Bite","Bite","Bite","Whirlwind+1","Offering+1","Infernal Blade+1","Bloodletting","Flex+1","Inflame"],"relics":["Philosopher\u0027s Stone","Nunchaku","Golden Idol","Oddly Smooth Stone","Meat on the Bone","Astrolabe","Brimstone","Bag of Preparation","Coffee Dripper","Ice Cream","Letter Opener","HornCleat","Red Mask"],"acts_visited":["Exordium","TheCity","TheBeyond"],"potions_floor_usage":[50,50],"damage_taken":[{"damage":8.0,"enemies":"Small Slimes","floor":1.0,"turns":4.0},{"damage":7.0,"enemies":"Cultist","floor":4.0,"turns":3.0},{"damage":44.0,"enemies":"Lagavulin","floor":6.0,"turns":8.0},{"damage":0.0,"enemies":"2 Louse","floor":8.0,"turns":3.0},{"damage":0.0,"enemies":"2 Fungi Beasts","floor":10.0,"turns":2.0},{"damage":4.0,"enemies":"Exordium Thugs","floor":14.0,"turns":4.0},{"damage":60.0,"enemies":"Slime Boss","floor":16.0,"turns":9.0},{"damage":47.0,"enemies":"3 Byrds","floor":18.0,"turns":5.0},{"damage":13.0,"enemies":"Spheric Guardian","floor":22.0,"turns":3.0},{"damage":27.0,"enemies":"Snake Plant","floor":24.0,"turns":2.0},{"damage":18.0,"enemies":"Shelled Parasite and Fungi","floor":27.0,"turns":2.0},{"damage":14.0,"enemies":"Chosen and Byrds","floor":29.0,"turns":3.0},{"damage":11.0,"enemies":"Snecko","floor":31.0,"turns":3.0},{"damage":46.0,"enemies":"Champ","floor":33.0,"turns":6.0},{"damage":0.0,"enemies":"3 Darklings","floor":35.0,"turns":1.0},{"damage":35.0,"enemies":"2 Orb Walkers","floor":36.0,"turns":3.0},{"damage":14.0,"enemies":"3 Shapes","floor":39.0,"turns":2.0},{"damage":9.0,"enemies":"Reptomancer","floor":40.0,"turns":2.0},{"damage":9.0,"enemies":"Writhing Mass","floor":41.0,"turns":1.0},{"damage":6.0,"enemies":"Transient","floor":44.0,"turns":5.0},{"damage":6.0,"enemies":"Jaw Worm Horde","floor":45.0,"turns":1.0},{"damage":12.0,"enemies":"4 Shapes","floor":48.0,"turns":2.0},{"damage":47,"enemies":"Time Eater","floor":50,"turns":3}],"seed_played":"949070750200326006","potions_obtained":[{"floor":1.0,"key":"FearPotion"},{"floor":8.0,"key":"SteroidPotion"},{"floor":18.0,"key":"FearPotion"},{"floor":29.0,"key":"Ancient Potion"},{"floor":31.0,"key":"SpeedPotion"},{"floor":33.0,"key":"Fire Potion"},{"floor":35.0,"key":"EssenceOfSteel"},{"floor":39.0,"key":"DistilledChaos"},{"floor":45.0,"key":"Block Potion"}],"is_trial":false,"path_per_floor":["M","$","?","M","?","E","R","M","T","M","?","R","?","M","R","B",null,"M","$","?","$","M","R","M","?","T","M","R","M","?","M","R","B",null,"M","?","?","$","M","E","M","$","T","M","M","?","R","M","R","B"],"character_chosen":"IRONCLAD","items_purchased":["Clash","Brimstone","Flex","Inflame","Regen Potion","DuplicationPotion"],"campfire_rested":2,"item_purchase_floors":[2,19,38,42,42,42],"current_hp_per_floor":[72,72,72,65,65,21,45,45,45,45,45,45,65,61,61,13,80,45,45,80,80,67,67,52,52,52,38,38,32,32,39,55,26,56,56,39,49,49,37,32,35,35,35,39,37,37,37,25,25,0,0],"gold":19,"neow_bonus":"BOSS_RELIC","is_daily":false,"chose_seed":false,"campfire_upgraded":6,"win_rate":0.0,"timestamp":1611530484,"path_taken":["M","$","?","?","?","E","R","M","T","M","?","R","?","M","R","BOSS","M","$","?","$","M","R","?","?","T","M","R","M","?","M","R","BOSS","M","?","?","?","M","E","M","$","T","M","M","?","R","M","R","BOSS"],"items_purchased_type":["Card","Relic","Card","Card","Potion","Potion"],"build_version":"2020-12-22","purchased_purges":4,"victory":false,"max_hp_per_floor":[80,80,80,80,80,80,80,80,80,80,80,80,80,80,80,80,80,80,80,80,80,80,80,80,56,56,56,56,56,56,56,56,56,56,56,56,49,49,49,49,49,49,49,49,49,49,49,49,49,49,49],"card_choices":[{"not_picked":["Metallicize","Clothesline","Sword Boomerang"],"picked":"SKIP","floor":1.0},{"not_picked":["Warcry","Blood for Blood"],"picked":"Twin Strike","floor":4.0},{"not_picked":["Pommel Strike","Limit Break"],"picked":"Spot Weakness","floor":6.0},{"not_picked":["Dual Wield","Thunderclap"],"picked":"Spot Weakness","floor":8.0},{"not_picked":["Anger","Headbutt","Sword Boomerang"],"picked":"SKIP","floor":10.0},{"not_picked":["Pommel Strike","Blood for Blood"],"picked":"Anger","floor":14.0},{"not_picked":["Berserk","Fiend Fire"],"picked":"Double Tap","floor":16.0},{"not_picked":["Carnage","Disarm"],"picked":"Infernal Blade+1","floor":18.0},{"not_picked":["Anger+1","Rage+1","Iron Wave+1"],"picked":"SKIP","floor":22.0},{"not_picked":["Headbutt+1","Searing Blow"],"picked":"Clash+1","floor":24.0},{"not_picked":["Infernal Blade+1","Spot Weakness"],"picked":"Whirlwind","floor":27.0},{"not_picked":["Anger","Battle Trance","Pommel Strike+1"],"picked":"SKIP","floor":29.0},{"not_picked":["Rage+1","Burning Pact","Spot Weakness"],"picked":"SKIP","floor":31.0},{"not_picked":["Berserk","Juggernaut"],"picked":"Offering","floor":33.0},{"not_picked":["Sever Soul+1","Pommel Strike+1"],"picked":"Infernal Blade+1","floor":35.0},{"not_picked":["Armaments","Perfected Strike+1"],"picked":"Bloodletting","floor":36.0},{"not_picked":["Perfected Strike+1","Intimidate+1","Anger"],"picked":"SKIP","floor":39.0},{"not_picked":["Entrench","Sword Boomerang","Power Through+1"],"picked":"SKIP","floor":40.0},{"not_picked":["True Grit","Corruption","Body Slam"],"picked":"SKIP","floor":41.0},{"not_picked":["Thunderclap","Shrug It Off","Sword Boomerang"],"picked":"SKIP","floor":44.0},{"not_picked":["Heavy Blade+1","Clothesline+1","Pommel Strike+1"],"picked":"SKIP","floor":45.0},{"not_picked":["Impervious","Warcry","Carnage+1"],"picked":"SKIP","floor":48.0}],"player_experience":28895,"relics_obtained":[{"floor":6.0,"key":"Oddly Smooth Stone"},{"floor":9.0,"key":"Meat on the Bone"},{"floor":26.0,"key":"Bag of Preparation"},{"floor":36.0,"key":"Ice Cream"},{"floor":40.0,"key":"Letter Opener"},{"floor":43.0,"key":"HornCleat"}],"event_choices":[{"damage_healed":0.0,"max_hp_gain":0.0,"max_hp_loss":0.0,"gold_gain":0.0,"event_name":"WeMeetAgain","player_choice":"Gave Potion","floor":3.0,"gold_loss":0.0,"damage_taken":0.0,"relics_obtained":["Nunchaku"]},{"damage_healed":0.0,"max_hp_gain":0.0,"max_hp_loss":0.0,"gold_gain":0.0,"event_name":"Golden Idol","player_choice":"Take Wound","floor":5.0,"gold_loss":0.0,"damage_taken":0.0,"relics_obtained":["Golden Idol"],"cards_obtained":["Injury"]},{"cards_removed":["Injury"],"damage_healed":0.0,"max_hp_gain":0.0,"max_hp_loss":0.0,"gold_gain":0.0,"event_name":"The Cleric","player_choice":"Card Removal","floor":11.0,"gold_loss":50.0,"damage_taken":0.0},{"damage_healed":20.0,"max_hp_gain":0.0,"max_hp_loss":0.0,"gold_gain":0.0,"event_name":"Mushrooms","player_choice":"Healed and dodged fight","floor":13.0,"gold_loss":0.0,"damage_taken":0.0,"cards_obtained":["Parasite"]},{"damage_healed":35.0,"max_hp_gain":0.0,"max_hp_loss":0.0,"gold_gain":0.0,"event_name":"Wheel of Change","player_choice":"Full Heal","floor":20.0,"gold_loss":0.0,"damage_taken":0.0},{"damage_healed":0.0,"max_hp_gain":0.0,"max_hp_loss":24.0,"gold_gain":0.0,"event_name":"Vampires","player_choice":"Became a vampire","floor":25.0,"gold_loss":0.0,"damage_taken":0.0,"cards_obtained":["Bite","Bite","Bite","Bite","Bite"]},{"damage_healed":0.0,"max_hp_gain":0.0,"max_hp_loss":0.0,"gold_gain":100.0,"event_name":"The Joust","player_choice":"Bet on Murderer","floor":30.0,"gold_loss":50.0,"damage_taken":0.0},{"damage_healed":0.0,"max_hp_gain":0.0,"max_hp_loss":0.0,"gold_gain":0.0,"event_name":"Mysterious Sphere","player_choice":"Fight","floor":36.0,"gold_loss":0.0,"damage_taken":0.0},{"damage_healed":49.0,"max_hp_gain":0.0,"max_hp_loss":7.0,"gold_gain":0.0,"event_name":"The Moai Head","player_choice":"Heal","floor":37.0,"gold_loss":0.0,"damage_taken":0.0},{"damage_healed":0.0,"max_hp_gain":0.0,"max_hp_loss":0.0,"gold_gain":0.0,"event_name":"Tomb of Lord Red Mask","player_choice":"Paid","floor":46.0,"gold_loss":45.0,"damage_taken":0.0,"relics_obtained":["Red Mask"]}],"is_beta":false,"boss_relics":[{"not_picked":["SlaversCollar","Velvet Choker"],"picked":"Astrolabe"},{"not_picked":["Snecko Eye","Runic Cube"],"picked":"Coffee Dripper"}],"items_purged_floors":[2,19,38,42],"is_endless":false,"potions_floor_spawned":[1,8,18,29,31,33,35,39,45],"killed_by":"Time Eater","ascension_level":0}}