{"host":"rkezzvf6da7mjjsm","time":1611524815,"event":{"mods":["BaseMod","Colored Map","Downfall","Minty Spire (QoL Compilation)","StSLib"],"gold_per_floor":[99,116,133,144,144,174,227,257,269,294,312,344,360,383,397,497,497,397,412,75,90,90,102,102,134,154,172,172,172,172,198,212,317,317,317,89,106,118,128,144,195,210,210,415,515,515,542,52,70,70],"floor_reached":51,"language":"ENG","playtime":4324,"items_purged":["downfall:Malfunctioning","champ:Strike","Pride","champ:Strike"],"score":878,"play_id":"dac5db52-36d5-45e8-8e6a-c728cd4384fa","local_time":"20210125084655","is_ascension_mode":false,"campfire_choices":[{"data":"champ:Taunt","floor":1,"key":"SMITH"},{"data":"champ:FanOfKnives","floor":18,"key":"SMITH"},{"data":"champ:Lariat","floor":30,"key":"SMITH"},{"data":"champ:ShieldWall","floor":35,"key":"SMITH"},{"data":"champ:BerserkerStyle","floor":46,"key":"SMITH"}],"circlet_count":0,"master_deck":["champ:Strike","champ:Strike","champ:Defend+1","champ:Defend","champ:Defend","champ:Defend+1","champ:Execute","champ:Taunt+1","champ:FanOfKnives+1","champ:Encircle","champ:StanceDance+1","champ:IgnorePain","champ:Duel","champ:Endure","champ:EnragedBash","champ:EnchantCrown","champ:Lariat+1","champ:CheapShot","champ:StanceDance+1","champ:FancyFootwork","champ:ArenaPreparation","champ:AdrenalArmor","champ:Endure","champ:ShieldWall+1","champ:GladiatorForm","champ:RageSigil","champ:ArenaPreparation+1","champ:BerserkerStyle+1","champ:CalledShot","expansioncontent:DashGenerateEvil+1"],"relics":["champ:ChampionCrown","PreservedInsect","Anchor","Centennial Puzzle","Oddly Smooth Stone","Darkstone Periapt","Potion Belt","Bag of Marbles","SlaversCollar","downfall:HeartBlessingGreen","Bottled Lightning","Dream Catcher","Letter Opener","Slimebound:StickyStick","Incense Burner","Molten Egg 2","Busted Crown","hexamod:BolsterEngine","Toy Ornithopter","Bag of Preparation","bronze:BronzeIdol"],"acts_visited":["Exordium","TheCity","TheBeyond"],"potions_floor_usage":[8,11,16,16,26,31,33,39,50,50],"damage_taken":[{"damage":10,"enemies":"2 Louse","floor":2,"turns":2},{"damage":16,"enemies":"Jaw Worm","floor":3,"turns":5},{"damage":11,"enemies":"Cultist","floor":4,"turns":3},{"damage":30,"enemies":"Lagavulin","floor":6,"turns":7},{"damage":5,"enemies":"3 Sentries","floor":8,"turns":3},{"damage":5,"enemies":"3 Louse","floor":9,"turns":2},{"damage":10,"enemies":"Gremlin Nob","floor":10,"turns":3},{"damage":19,"enemies":"Exordium Thugs","floor":11,"turns":4},{"damage":57,"enemies":"3 Sentries","floor":12,"turns":5},{"damage":10,"enemies":"2 Fungi Beasts","floor":13,"turns":3},{"damage":15,"enemies":"Red Slaver","floor":15,"turns":2},{"damage":97,"enemies":"DF_ARCHETYPE_STREAMLINE","floor":16,"turns":12},{"damage":40,"enemies":"Shell Parasite","floor":19,"turns":5},{"damage":20,"enemies":"downfall:FleeingMerchant","floor":20,"turns":4},{"damage":36,"enemies":"Shelled Parasite and Fungi","floor":21,"turns":5},{"damage":52,"enemies":"Snecko","floor":23,"turns":5},{"damage":37,"enemies":"Book of Stabbing","floor":25,"turns":5},{"damage":30,"enemies":"Centurion and Healer","floor":26,"turns":6},{"damage":40,"enemies":"Chosen and Byrds","floor":27,"turns":4},{"damage":45,"enemies":"Slavers","floor":31,"turns":3},{"damage":51,"enemies":"Sentry and Sphere","floor":32,"turns":6},{"damage":115,"enemies":"IC_MUSHROOM_ARCHETYPE","floor":33,"turns":8},{"damage":35,"enemies":"downfall:FleeingMerchant","floor":36,"turns":4},{"damage":26,"enemies":"3 Darklings","floor":37,"turns":3},{"damage":30,"enemies":"Orb Walker","floor":38,"turns":2},{"damage":89,"enemies":"Writhing Mass","floor":39,"turns":7},{"damage":45,"enemies":"4 Shapes","floor":40,"turns":2},{"damage":90,"enemies":"Transient","floor":42,"turns":5},{"damage":28,"enemies":"downfall:FleeingMerchant","floor":44,"turns":2},{"damage":127,"enemies":"downfall:LadyInBlue","floor":45,"turns":4},{"damage":59,"enemies":"Nemesis","floor":47,"turns":3},{"damage":107,"enemies":"Writhing Mass","floor":49,"turns":4},{"damage":102,"enemies":"WA_ARCHETYPE_DIVINITY","floor":50,"turns":7}],"seed_played":"-280137823238587740","potions_obtained":[{"floor":6,"key":"Energy Potion"},{"floor":9,"key":"AttackPotion"},{"floor":10,"key":"FearPotion"},{"floor":11,"key":"Weak Potion"},{"floor":23,"key":"BlessingOfTheForge"},{"floor":25,"key":"Weak Potion"},{"floor":26,"key":"Dexterity Potion"},{"floor":32,"key":"FairyPotion"},{"floor":33,"key":"EntropicBrew"},{"floor":37,"key":"Block Potion"},{"floor":38,"key":"CultistPotion"},{"floor":39,"key":"Swift Potion"},{"floor":42,"key":"BlessingOfTheForge"},{"floor":47,"key":"champ:OpenerPotion"}],"is_trial":false,"path_per_floor":["R","M","M","M","?","E","T","E","M","E","M","E","M","T","M","B",null,"R","M","$","M","?","M","T","E","M","M","?","T","R","E","M","B",null,"R","$","M","M","M","M","T","M","?","$","?","R","E","$","M","B",null],"character_chosen":"THE_CHAMP","items_purchased":["Bottled Lightning","champ:TechniquePotion","champ:RageSigil","bronze:BronzeIdol","expansioncontent:DashGenerateEvil"],"campfire_rested":0,"item_purchase_floors":[20,36,36,48,48],"current_hp_per_floor":[90,90,89,88,88,78,78,78,78,78,74,62,62,62,62,50,90,90,85,85,74,80,63,63,61,61,61,61,61,61,61,80,96,96,96,96,90,90,96,96,96,96,67,79,79,79,79,79,71,102],"gold":70,"neow_bonus":"RANDOM_COMMON_RELIC","is_daily":false,"chose_seed":false,"campfire_upgraded":5,"win_rate":0.0,"timestamp":1611524815,"path_taken":["R","M","M","M","?","E","T","E","M","E","M","E","M","?","M","BOSS","R","M","$","M","?","M","T","E","M","M","?","?","R","E","M","BOSS","R","$","?","M","M","M","T","M","?","?","?","R","E","$","M","BOSS"],"items_purchased_type":["Relic","Potion","Card","Relic","Card"],"build_version":"2020-12-22","purchased_purges":4,"victory":true,"max_hp_per_floor":[90,90,90,90,90,90,90,90,90,90,90,90,90,90,90,90,90,90,90,90,90,96,96,96,96,96,96,96,96,96,96,96,96,96,96,96,96,96,96,96,96,96,102,102,102,102,102,102,102,102],"card_choices":[{"not_picked":["champ:Shatter","champ:EnGarde"],"picked":"champ:FanOfKnives","floor":2},{"not_picked":["champ:EnragedBash","champ:FocusedDefense"],"picked":"champ:Encircle","floor":3},{"not_picked":["champ:BladeFlurry","champ:ShieldSigil"],"picked":"champ:StanceDance","floor":4},{"not_picked":["champ:RisingSlash","champ:TornadoPunch"],"picked":"champ:IgnorePain","floor":6},{"not_picked":["champ:BladeFlurry","champ:Lariat","champ:Shatter"],"picked":"SKIP","floor":8},{"not_picked":["champ:FlashCut","champ:RecklessLeap"],"picked":"champ:Duel","floor":9},{"not_picked":["champ:Haymaker","champ:RisingSlash"],"picked":"champ:Endure","floor":10},{"not_picked":["champ:DefensiveShout","champ:BerserkersShout","champ:Circumvent"],"picked":"SKIP","floor":11},{"not_picked":["champ:ShieldSigil","champ:FanOfKnives"],"picked":"champ:EnragedBash","floor":12},{"not_picked":["champ:CrownThrow","champ:GutPunch"],"picked":"champ:EnchantCrown","floor":13},{"not_picked":["champ:BerserkerStyle","champ:BerserkersShout"],"picked":"champ:Lariat","floor":15},{"not_picked":["champ:EnchantSword","champ:SteelEdge"],"picked":"champ:CheapShot","floor":16},{"not_picked":["champ:FlashCut","champ:StanceDance","champ:ShieldSigil"],"picked":"SKIP","floor":19},{"not_picked":["champ:Shatter+1","champ:TornadoPunch","champ:ShieldSigil"],"picked":"SKIP","floor":20},{"not_picked":["champ:Parry","champ:FanOfKnives"],"picked":"champ:StanceDance+1","floor":21},{"not_picked":["champ:PreciseThrust+1","champ:TornadoPunch","champ:GutPunch"],"picked":"SKIP","floor":23},{"not_picked":["champ:LastStand","champ:TornadoPunch"],"picked":"champ:FancyFootwork","floor":25},{"not_picked":["champ:EnragedBash","champ:PreemptiveStrike"],"picked":"champ:ArenaPreparation","floor":26},{"not_picked":["champ:CrownThrow","champ:RecklessLeap"],"picked":"champ:AdrenalArmor","floor":27},{"not_picked":["champ:ShieldSigil","champ:SetATrap"],"picked":"champ:Endure","floor":31},{"not_picked":["champ:Shatter+1","champ:FlashCut+1"],"picked":"champ:ShieldWall","floor":32},{"not_picked":["champ:LastStand","champ:EnchantSword"],"picked":"champ:GladiatorForm","floor":33},{"not_picked":["champ:FanOfKnives+1"],"picked":"SKIP","floor":36},{"not_picked":["champ:EnGarde"],"picked":"SKIP","floor":37},{"not_picked":["champ:BringItOn"],"picked":"SKIP","floor":38},{"not_picked":[],"picked":"champ:ArenaPreparation+1","floor":39},{"not_picked":[],"picked":"champ:BerserkerStyle","floor":40},{"not_picked":["champ:FlashCut+1"],"picked":"SKIP","floor":42},{"not_picked":[],"picked":"champ:CalledShot","floor":44},{"not_picked":["champ:Shatter+1"],"picked":"SKIP","floor":47},{"not_picked":["champ:ShieldSigil+1"],"picked":"SKIP","floor":49}],"player_experience":654901,"relics_obtained":[{"floor":6,"key":"Anchor"},{"floor":7,"key":"Centennial Puzzle"},{"floor":8,"key":"Oddly Smooth Stone"},{"floor":10,"key":"Darkstone Periapt"},{"floor":12,"key":"Potion Belt"},{"floor":14,"key":"Bag of Marbles"},{"floor":24,"key":"Letter Opener"},{"floor":25,"key":"Slimebound:StickyStick"},{"floor":29,"key":"Incense Burner"},{"floor":31,"key":"Molten Egg 2"},{"floor":41,"key":"hexamod:BolsterEngine"},{"floor":45,"key":"Toy Ornithopter"},{"floor":47,"key":"Bag of Preparation"}],"event_choices":[{"damage_healed":0,"gold_gain":0,"player_choice":"Stole Relic","damage_taken":0,"relics_obtained":["Dream Catcher"],"max_hp_gain":0,"max_hp_loss":0,"event_name":"Addict","floor":22,"gold_loss":0,"cards_obtained":["Pride"]}],"is_beta":false,"boss_relics":[{"not_picked":["Fusion Hammer","sneckomod:SneckoTalon"],"picked":"SlaversCollar"},{"not_picked":["Cursed Key","Runic Dome"],"picked":"Busted Crown"}],"items_purged_floors":[20,36,44,48],"is_endless":false,"potions_floor_spawned":[6,9,10,11,23,25,26,32,33,37,38,39,42,47],"ascension_level":0}}