{"host":"uld0x1f6or5rl385","time":1611523452,"event":{"mods":["BaseMod","Minty Spire (QoL Compilation)","Quick Restart","StSLib","Unceasing Turn Reminder"],"gold_per_floor":[111,14,14,14,34,63,73,73,99,49,60,91,91,106,106,209,209,221,221,23,40,139,139,139,139,166,166,178,178,211,228,228,329,329,348,348,59,77,27,61,74,74,74],"floor_reached":44,"language":"ZHS","playtime":1169,"items_purged":["Regret","Strike_R+1","Cleave"],"score":764,"play_id":"c30632e4-b3be-4ad2-812b-11b4eca92f3f","local_time":"20210125052412","is_ascension_mode":false,"campfire_choices":[{"data":"Rage","floor":13,"key":"SMITH"},{"data":"Shrug It Off","floor":15,"key":"SMITH"},{"data":"Juggernaut","floor":27,"key":"SMITH"},{"floor":32,"key":"REST"}],"circlet_count":0,"master_deck":["Strike_R+1","Strike_R+1","Strike_R+1","Strike_R+1","Defend_R+1","Defend_R+1","Defend_R+1","Defend_R+1","Bash","Shrug It Off+1","Cleave","Rage+1","Clash","Metallicize","Clash","Juggernaut+1","Metallicize","CurseOfTheBell","Clash+1","Warcry+1","Infernal Blade+1"],"relics":["Burning Blood","NeowsBlessing","Red Skull","Smiling Mask","Singing Bowl","Orichalcum","Blue Candle","SlaversCollar","DollysMirror","Enchiridion","InkBottle","PreservedInsect","Paper Frog","Bag of Marbles","Calling Bell","Art of War","Matryoshka","Incense Burner","Molten Egg 2","Pen Nib"],"acts_visited":["Exordium","TheCity","TheBeyond"],"potions_floor_usage":[12,28,33,33,43,43,43],"damage_taken":[{"damage":0,"enemies":"Jaw Worm","floor":1,"turns":1},{"damage":2,"enemies":"Small Slimes","floor":5,"turns":2},{"damage":0,"enemies":"Gremlin Nob","floor":6,"turns":1},{"damage":1,"enemies":"2 Louse","floor":7,"turns":2},{"damage":0,"enemies":"Exordium Wildlife","floor":11,"turns":3},{"damage":9,"enemies":"3 Sentries","floor":12,"turns":6},{"damage":0,"enemies":"Red Slaver","floor":14,"turns":4},{"damage":24,"enemies":"The Guardian","floor":16,"turns":14},{"damage":15,"enemies":"Spheric Guardian","floor":18,"turns":5},{"damage":6,"enemies":"Shell Parasite","floor":21,"turns":8},{"damage":12,"enemies":"Shelled Parasite and Fungi","floor":28,"turns":4},{"damage":22,"enemies":"Slavers","floor":30,"turns":3},{"damage":0,"enemies":"Cultist and Chosen","floor":31,"turns":3},{"damage":0,"enemies":"Automaton","floor":33,"turns":8},{"damage":11,"enemies":"3 Darklings","floor":35,"turns":5},{"damage":3,"enemies":"Orb Walker","floor":38,"turns":4},{"damage":5,"enemies":"Nemesis","floor":40,"turns":5},{"damage":16,"enemies":"Transient","floor":41,"turns":5},{"damage":14,"enemies":"Time Eater","floor":43,"turns":9}],"seed_played":"7531279806654069157","potions_obtained":[{"floor":6,"key":"Fire Potion"},{"floor":7,"key":"PowerPotion"},{"floor":11,"key":"GamblersBrew"},{"floor":12,"key":"EssenceOfSteel"},{"floor":28,"key":"Weak Potion"},{"floor":33,"key":"EssenceOfSteel"}],"is_trial":false,"path_per_floor":["M","$","?","?","M","E","M","?","T","$","M","E","R","M","R","B",null,"M","?","$","M","?","?","?","?","T","R","M","T","E","M","R","B",null,"M","?","$","M","$","E","M","?","B",null],"character_chosen":"IRONCLAD","items_purchased":["Shrug It Off","Cleave","DollysMirror","Molten Egg 2","FearPotion"],"campfire_rested":1,"item_purchase_floors":[2,2,20,37,37],"current_hp_per_floor":[80,80,80,64,68,74,79,76,76,76,82,79,79,82,82,64,82,75,75,75,77,77,61,61,61,61,61,57,57,43,51,78,84,92,87,102,102,104,104,104,94,94,86],"gold":74,"neow_bonus":"THREE_ENEMY_KILL","is_daily":false,"chose_seed":false,"campfire_upgraded":3,"win_rate":0.0,"timestamp":1611523452,"path_taken":["M","$","?","?","M","E","M","?","T","$","M","E","R","M","R","BOSS","M","?","$","M","?","?","?","?","T","R","M","?","E","M","R","BOSS","M","?","$","?","$","E","M","?","BOSS"],"items_purchased_type":["Card","Card","Relic","Relic","Potion"],"build_version":"2020-12-22","purchased_purges":3,"victory":true,"max_hp_per_floor":[80,80,80,80,80,80,80,80,80,80,82,82,82,82,82,82,82,84,84,84,86,86,86,86,86,86,86,88,88,90,92,92,92,92,92,102,102,104,104,104,104,104,104],"card_choices":[{"not_picked":["True Grit","Battle Trance"],"picked":"Cleave","floor":1},{"not_picked":["Iron Wave","Armaments"],"picked":"Rage","floor":5},{"not_picked":["Perfected Strike","Body Slam","Warcry"],"picked":"SKIP","floor":6},{"not_picked":["Sword Boomerang","Cleave"],"picked":"Clash","floor":7},{"not_picked":["Reckless Charge","Brutality","Carnage"],"picked":"Singing Bowl","floor":11},{"not_picked":["Feed","Heavy Blade"],"picked":"Metallicize","floor":12},{"not_picked":["Rage","Headbutt"],"picked":"Clash","floor":14},{"not_picked":["Barricade","Offering"],"picked":"Juggernaut","floor":16},{"not_picked":["Clothesline+1","Reckless Charge","Thunderclap"],"picked":"Singing Bowl","floor":18},{"not_picked":["Perfected Strike+1","Seeing Red","Body Slam"],"picked":"Singing Bowl","floor":21},{"not_picked":["True Grit","Searing Blow","Sword Boomerang"],"picked":"Singing Bowl","floor":28},{"not_picked":["Clothesline+1","Body Slam","Limit Break"],"picked":"Singing Bowl","floor":30},{"not_picked":["Warcry+1","Iron Wave","Second Wind+1"],"picked":"Singing Bowl","floor":31},{"not_picked":["Feed","Bludgeon"],"picked":"Impervious","floor":33},{"not_picked":["Dark Embrace","Entrench"],"picked":"Clash+1","floor":35},{"not_picked":["Pommel Strike+1","Cleave+1","Second Wind"],"picked":"Singing Bowl","floor":38},{"not_picked":["Evolve+1","Impervious"],"picked":"Warcry+1","floor":40},{"not_picked":["Flame Barrier+1","Intimidate"],"picked":"Infernal Blade+1","floor":41}],"player_experience":344264,"relics_obtained":[{"floor":6,"key":"Smiling Mask"},{"floor":9,"key":"Orichalcum"},{"floor":12,"key":"Blue Candle"},{"floor":23,"key":"Enchiridion"},{"floor":26,"key":"PreservedInsect"},{"floor":29,"key":"Paper Frog"},{"floor":30,"key":"Bag of Marbles"},{"floor":34,"key":"Art of War"},{"floor":34,"key":"Matryoshka"},{"floor":34,"key":"Incense Burner"},{"floor":40,"key":"Pen Nib"}],"event_choices":[{"damage_healed":0,"gold_gain":0,"player_choice":"Box","damage_taken":0,"relics_obtained":["Red Skull"],"max_hp_gain":0,"max_hp_loss":0,"event_name":"Big Fish","floor":3,"gold_loss":0,"cards_obtained":["Regret"]},{"damage_healed":0,"gold_gain":0,"player_choice":"Entered Light","damage_taken":16,"max_hp_gain":0,"max_hp_loss":0,"event_name":"Shining Light","floor":4,"gold_loss":0,"cards_upgraded":["Defend_R","Defend_R"]},{"damage_healed":0,"gold_gain":0,"player_choice":"Success","damage_taken":3,"relics_obtained":["Singing Bowl"],"max_hp_gain":0,"max_hp_loss":0,"event_name":"Scrap Ooze","floor":8,"gold_loss":0},{"damage_healed":0,"gold_gain":0,"player_choice":"Simplicity","damage_taken":0,"max_hp_gain":0,"max_hp_loss":0,"event_name":"Back to Basics","floor":19,"gold_loss":0,"cards_upgraded":["Strike_R","Strike_R","Strike_R","Strike_R","Strike_R","Defend_R","Defend_R"]},{"damage_healed":0,"gold_gain":99,"player_choice":"Stole From Cult","damage_taken":0,"max_hp_gain":0,"max_hp_loss":0,"event_name":"Nest","floor":22,"gold_loss":0},{"damage_healed":0,"gold_gain":0,"player_choice":"Obtained Book","damage_taken":16,"max_hp_gain":0,"max_hp_loss":0,"event_name":"Cursed Tome","floor":23,"gold_loss":0},{"damage_healed":0,"gold_gain":0,"player_choice":"Ignored","damage_taken":0,"max_hp_gain":0,"max_hp_loss":0,"event_name":"Ghosts","floor":24,"gold_loss":0},{"damage_healed":0,"gold_gain":0,"player_choice":"Opened","damage_taken":0,"relics_obtained":["InkBottle"],"max_hp_gain":0,"max_hp_loss":0,"event_name":"The Mausoleum","floor":25,"gold_loss":0},{"cards_removed":["Impervious"],"damage_healed":5,"gold_gain":0,"player_choice":"Offered Rare","damage_taken":0,"max_hp_gain":10,"max_hp_loss":0,"event_name":"Bonfire Elementals","floor":36,"gold_loss":0},{"damage_healed":0,"gold_gain":0,"player_choice":"Took Portal","damage_taken":0,"max_hp_gain":0,"max_hp_loss":0,"event_name":"SecretPortal","floor":42,"gold_loss":0}],"is_beta":false,"boss_relics":[{"not_picked":["Runic Dome","SacredBark"],"picked":"SlaversCollar"},{"not_picked":["Astrolabe","Black Blood"],"picked":"Calling Bell"}],"items_purged_floors":[10,20,39],"is_endless":false,"potions_floor_spawned":[6,7,11,12,28,30,33,38],"ascension_level":0}}