{"host":"h77azxdx0evtsxw5","time":1611530915,"event":{"mods":["AchievementEnabler","BaseMod","Better Vampires","Minty Spire (QoL Compilation)","Quick Restart","Rare Cards Sparkle","Relic Stats"],"gold_per_floor":[118,37,212,67,77,108,120,133,133,208,308,341,356,374,374,469,469,482,495,495,495],"floor_reached":20,"language":"ENG","playtime":815,"items_purged":["Doubt"],"score":274,"play_id":"3ffebaf7-2823-4dd4-9c36-605ed9bd780e","local_time":"20210124182835","is_ascension_mode":true,"campfire_choices":[{"data":"Heavy Blade","floor":15.0,"key":"SMITH"}],"circlet_count":0,"master_deck":["Strike_R","Strike_R+1","Strike_R","Strike_R","Strike_R","Defend_R","Defend_R","Defend_R","Defend_R","Bash+1","Spot Weakness","Inflame","Shrug It Off","Rage","Heavy Blade+1","Battle Trance"],"relics":["Burning Blood","NeowsBlessing","Whetstone","Boot","Question Card","Runic Cube"],"acts_visited":["Exordium","TheCity"],"potions_floor_usage":[19],"damage_taken":[{"damage":0.0,"enemies":"Cultist","floor":1.0,"turns":1.0},{"damage":0.0,"enemies":"Small Slimes","floor":5.0,"turns":1.0},{"damage":0.0,"enemies":"Gremlin Nob","floor":6.0,"turns":1.0},{"damage":0.0,"enemies":"Jaw Worm","floor":7.0,"turns":3.0},{"damage":3.0,"enemies":"3 Louse","floor":8.0,"turns":4.0},{"damage":14.0,"enemies":"Lagavulin","floor":12.0,"turns":4.0},{"damage":0.0,"enemies":"Exordium Wildlife","floor":13.0,"turns":3.0},{"damage":7.0,"enemies":"Looter","floor":14.0,"turns":3.0},{"damage":42.0,"enemies":"Hexaghost","floor":16.0,"turns":9.0},{"damage":34.0,"enemies":"2 Thieves","floor":18.0,"turns":4.0},{"damage":15,"enemies":"Chosen","floor":19,"turns":4},{"damage":47,"enemies":"Centurion and Healer","floor":20,"turns":4}],"seed_played":"8908389635756090598","potions_obtained":[{"floor":6.0,"key":"AttackPotion"},{"floor":7.0,"key":"EssenceOfSteel"},{"floor":12.0,"key":"EssenceOfSteel"},{"floor":14.0,"key":"LiquidMemories"},{"floor":18.0,"key":"PowerPotion"}],"is_trial":false,"path_per_floor":["M","$","?","$","M","E","M","M","T","?","?","E","M","M","R","B",null,"M","M","M"],"character_chosen":"IRONCLAD","items_purchased":["Spot Weakness","Inflame"],"campfire_rested":0,"item_purchase_floors":[2,4],"current_hp_per_floor":[78,78,78,78,80,80,80,80,80,69,69,61,67,66,66,30,68,40,31,0,0],"gold":495,"neow_bonus":"THREE_ENEMY_KILL","is_daily":false,"chose_seed":false,"campfire_upgraded":1,"win_rate":0.0,"timestamp":1611530915,"path_taken":["M","$","?","$","M","E","M","M","T","?","?","E","?","M","R","BOSS","M","M","M"],"items_purchased_type":["Card","Card"],"build_version":"2020-12-22","purchased_purges":1,"victory":false,"max_hp_per_floor":[80,80,80,80,80,80,80,80,80,80,80,80,80,80,80,80,80,80,80,80,80],"relic_stats":{"counters":[12,41],"Whetstone":["Strike_R","Bash"],"Boot":[1],"Question Card":5,"obtain_stats":[{"NeowsBlessing":0,"Whetstone":6,"Boot":9,"Question Card":12,"Burning Blood":0,"Runic Cube":17},{"NeowsBlessing":0,"Whetstone":3,"Boot":5,"Question Card":6,"Burning Blood":0,"Runic Cube":9},{"NeowsBlessing":0,"Whetstone":3,"Boot":10,"Question Card":14,"Burning Blood":0,"Runic Cube":29}],"Burning Blood":47,"Runic Cube":[10]},"card_choices":[{"not_picked":["Clash","Headbutt","Feel No Pain"],"picked":"SKIP","floor":1.0},{"not_picked":["Pommel Strike","Headbutt"],"picked":"Shrug It Off","floor":5.0},{"not_picked":["Iron Wave","Burning Pact"],"picked":"Rage","floor":6.0},{"not_picked":["Rage","Burning Pact","Wild Strike"],"picked":"SKIP","floor":7.0},{"not_picked":["Twin Strike","Shrug It Off"],"picked":"Heavy Blade","floor":8.0},{"not_picked":["Dropkick","Rupture","Second Wind"],"picked":"SKIP","floor":12.0},{"not_picked":["Perfected Strike","Impervious","Cleave"],"picked":"Battle Trance","floor":13.0},{"not_picked":["Body Slam","Clash","Cleave","Dropkick"],"picked":"SKIP","floor":14.0},{"not_picked":["Sword Boomerang","Burning Pact","Searing Blow","Pommel Strike"],"picked":"SKIP","floor":18.0},{"not_picked":["Dark Embrace+1","True Grit","Heavy Blade","Armaments"],"picked":"SKIP","floor":19}],"player_experience":281705,"relics_obtained":[{"floor":6.0,"key":"Whetstone"},{"floor":9.0,"key":"Boot"},{"floor":12.0,"key":"Question Card"}],"event_choices":[{"damage_healed":0.0,"max_hp_gain":0.0,"max_hp_loss":0.0,"gold_gain":175.0,"event_name":"Liars Game","player_choice":"AGREE","floor":3.0,"gold_loss":0.0,"damage_taken":0.0,"cards_obtained":["Doubt"]},{"damage_healed":0.0,"max_hp_gain":0.0,"max_hp_loss":0.0,"gold_gain":75.0,"event_name":"World of Goop","player_choice":"Gather Gold","floor":10.0,"gold_loss":0.0,"damage_taken":11.0},{"damage_healed":0.0,"max_hp_gain":0.0,"max_hp_loss":0.0,"gold_gain":100.0,"event_name":"Wheel of Change","player_choice":"Gold","floor":11.0,"gold_loss":0.0,"damage_taken":0.0}],"is_beta":false,"boss_relics":[{"not_picked":["Coffee Dripper","SacredBark"],"picked":"Runic Cube"}],"items_purged_floors":[4],"is_endless":false,"potions_floor_spawned":[6,7,12,14,18],"killed_by":"Centurion and Healer","ascension_level":6}}