{"host":"5td1gsj4mnrioltg","time":1611475970,"event":{"mods":["2.2 Compatiblity","AchievementEnabler","Act Like it!","Aspiration","BaseMod","Beaked The Cultist","Better Altar","Better Match","Better Note","Better Sensory Stone","Better Silent Start","Better Skull","Better Third Choice","Better Vampires","BetterRewards","Colored Map","Colored Powertips","Displayed Cursed Tome","Downfall","Emptier Cage","Evolution","Friendly Minions","GifTheSpireLib","Highlight Path","Ironclad Rager","Jedi Mod","JesterMod","Mad Scientist","Menagerie","Minty Spire (QoL Compilation)","Permanent Neow","Quick Restart","Reliquary","Replay The Spire","Reworked Bosses","Shade Mod","Spicy Shops","StSLib","The Blue Laboratory","The Dragon Tamer","The Dragonkin","The Druid","The Elementalist","The Marked","The Necromancer","The Runesmith","Thieving Mod","Transform Curses","Wandering Minibosses","vexMod"],"gold_per_floor":[213,138,155,175,175,175,208,208,208,208,108,139,153,163,163,260,260,260,260],"floor_reached":18,"language":"ENG","playtime":1032,"items_purged":["theDragonkin:Strike","theDragonkin:Strike"],"score":195,"play_id":"cd52c75c-b0bd-4459-ab8a-c4cf3c060696","local_time":"20210124001250","is_ascension_mode":false,"campfire_choices":[{"data":"theDragonkin:HolySmite","floor":6,"key":"SMITH"}],"circlet_count":0,"master_deck":["theDragonkin:Strike","theDragonkin:Defend","theDragonkin:Defend","theDragonkin:Defend","theDragonkin:HolySmite+1","theDragonkin:BlazingBreath","theDragonkin:HolyShock","theDragonkin:HallowedGround+1","theDragonkin:Subdue"],"relics":["theDragonkin:GarnetScale","EVO:Axolotl","Pondfish Scales","reliquary:JackalopeAntler","Akabeko"],"acts_visited":["Exordium","TheCity"],"potions_floor_usage":[14],"damage_taken":[{"damage":7,"enemies":"Small Slimes","floor":1,"turns":4},{"damage":0,"enemies":"2 Louse","floor":3,"turns":2},{"damage":0,"enemies":"Jaw Worm","floor":4,"turns":4},{"damage":8,"enemies":"Gremlin Nob","floor":7,"turns":4},{"damage":0,"enemies":"Replay:BlueRogue","floor":12,"turns":6},{"damage":0,"enemies":"Lots of Slimes","floor":13,"turns":1},{"damage":6,"enemies":"Large Slime","floor":14,"turns":5},{"damage":78,"enemies":"Slime Boss","floor":16,"turns":19},{"damage":0,"enemies":"Spheric Guardian","floor":18,"turns":2}],"seed_played":"734831640318825945","potions_obtained":[{"floor":4,"key":"blueLaboratory:BottledHope"},{"floor":7,"key":"theDragonkin:DragonkinCommonPotion"},{"floor":14,"key":"GamblersBrew"}],"is_trial":false,"path_per_floor":["M","$","M","M","?","R","E","?","T","?","$","E","M","M","R_BF","B",null,"M"],"character_chosen":"THE_DRAGONKIN","items_purchased":[],"campfire_rested":0,"item_purchase_floors":[],"current_hp_per_floor":[78,78,78,78,78,78,70,63,63,63,63,63,63,57,82,4,85,85,85],"gold":260,"neow_bonus":"HUNDRED_GOLD","is_daily":false,"chose_seed":false,"campfire_upgraded":1,"win_rate":0.0,"timestamp":1611475970,"path_taken":["M","$","M","M","?","R","E","?","T","?","?","E","?","M","R_BF","BOSS","M"],"items_purchased_type":[],"build_version":"2020-12-22","purchased_purges":2,"victory":false,"max_hp_per_floor":[85,85,85,85,85,85,85,85,85,85,85,85,85,85,85,85,85,85,85],"card_choices":[{"not_picked":["theDragonkin:DivineBreath","theDragonkin:Flashpoint"],"picked":"theDragonkin:HolyShock","floor":1},{"not_picked":["theDragonkin:FlameWard","theDragonkin:SlowBurn","theDragonkin:Ravage"],"picked":"SKIP","floor":3},{"not_picked":["theDragonkin:GooGrip","theDragonkin:MiasmicBreath","theDragonkin:CorrosiveBelch"],"picked":"SKIP","floor":4},{"not_picked":["theDragonkin:AcidRain","theDragonkin:FlameBreath","theDragonkin:SandBreath"],"picked":"SKIP","floor":7},{"not_picked":["theDragonkin:GooGrip","theDragonkin:AshenArmor"],"picked":"theDragonkin:HallowedGround","floor":12},{"not_picked":["theDragonkin:PlagueSwipe","theDragonkin:DivineJolt","theDragonkin:SandBreath"],"picked":"SKIP","floor":13},{"not_picked":["theDragonkin:DeepBreath","theDragonkin:DivineJolt","theDragonkin:HolyShock"],"picked":"SKIP","floor":14},{"not_picked":["theDragonkin:AshenArmor","theDragonkin:FlashofLight"],"picked":"theDragonkin:Subdue","floor":16}],"player_experience":1311455,"relics_obtained":[{"floor":7,"key":"Pondfish Scales"},{"floor":9,"key":"reliquary:JackalopeAntler"},{"floor":12,"key":"Akabeko"}],"event_choices":[{"cards_removed":["theDragonkin:Strike"],"damage_healed":0,"gold_gain":0,"player_choice":"Card Removal","damage_taken":7,"max_hp_gain":0,"max_hp_loss":0,"event_name":"Golden Wing","floor":8,"gold_loss":0}],"is_beta":false,"boss_relics":[{"not_picked":["aspiration:RunicSpoon","Honey Jar","vexMod:RockOfEvil"]}],"items_purged_floors":[2,11],"is_endless":false,"potions_floor_spawned":[4,7,14],"killed_by":"Spheric Guardian","ascension_level":0}}