{"host":"y76clbnovzmw9ubx","time":1611463696,"event":{"mods":["AchievementEnabler","BaseMod","Minty Spire (QoL Compilation)","Permanent Neow","Relic Stats"],"gold_per_floor":[115,127,4,22,22,22,22,22,48,48,74,86,103,118,118,196,196,210,222,222,239,28,54,66,91,103,115,127,127],"floor_reached":28,"language":"ENG","playtime":1072,"items_purged":["Strike_G"],"score":480,"play_id":"592eaddf-185b-466a-a0d2-9131ac7c04da","local_time":"20210123234816","is_ascension_mode":true,"campfire_choices":[{"data":"Catalyst","floor":6,"key":"SMITH"},{"data":"Well Laid Plans","floor":8,"key":"SMITH"},{"data":"Poisoned Stab","floor":10,"key":"SMITH"},{"floor":15,"key":"REST"},{"floor":24,"key":"REST"},{"floor":27,"key":"REST"}],"circlet_count":0,"master_deck":["AscendersBane","Strike_G+1","Defend_G","Defend_G","Defend_G","Defend_G","Defend_G","Survivor","Neutralize","Catalyst+1","Poisoned Stab+1","Well Laid Plans+1","Backstab","PiercingWail+1","Poisoned Stab","Backflip","Wraith Form v2","Night Terror","Storm of Steel+1","Predator+1","Night Terror+1","Caltrops+1","Deadly Poison","Footwork","Backflip","Footwork"],"relics":["Ring of the Snake","Pen Nib","Tiny Chest","Bronze Scales","Astrolabe","MawBank","Pocketwatch"],"acts_visited":["Exordium","TheCity"],"potions_floor_usage":[16,21],"damage_taken":[{"damage":1,"enemies":"Cultist","floor":1,"turns":4},{"damage":0,"enemies":"2 Louse","floor":2,"turns":3},{"damage":4,"enemies":"Jaw Worm","floor":4,"turns":2},{"damage":19,"enemies":"3 Sentries","floor":11,"turns":10},{"damage":5,"enemies":"Blue Slaver","floor":12,"turns":2},{"damage":1,"enemies":"Large Slime","floor":13,"turns":6},{"damage":1,"enemies":"Looter","floor":14,"turns":2},{"damage":16,"enemies":"The Guardian","floor":16,"turns":9},{"damage":7,"enemies":"2 Thieves","floor":18,"turns":4},{"damage":15,"enemies":"Shell Parasite","floor":19,"turns":5},{"damage":0,"enemies":"Snecko","floor":21,"turns":4},{"damage":44,"enemies":"Book of Stabbing","floor":23,"turns":5},{"damage":10,"enemies":"Snake Plant","floor":25,"turns":5},{"damage":48,"enemies":"Colosseum Slavers","floor":28,"turns":3}],"seed_played":"-2651482180776233747","potions_obtained":[{"floor":1,"key":"Strength Potion"},{"floor":2,"key":"AttackPotion"},{"floor":19,"key":"Swift Potion"}],"is_trial":false,"path_per_floor":["M","M","$","M","?","R","?","R","T","R","E","M","M","M","R","B",null,"M","M","?","M","$","E","R","M","T","R","?"],"character_chosen":"THE_SILENT","items_purchased":["Well Laid Plans","Backstab","Footwork","Backflip"],"campfire_rested":3,"item_purchase_floors":[3,3,22,22],"current_hp_per_floor":[58,58,58,54,59,59,38,38,38,38,19,14,13,12,33,17,58,51,36,50,50,50,6,27,17,17,38,0,0],"gold":127,"neow_bonus":"RANDOM_COMMON_RELIC","is_daily":false,"chose_seed":false,"campfire_upgraded":3,"win_rate":0.0,"timestamp":1611463696,"path_taken":["M","?","$","M","?","R","?","R","T","R","E","M","M","M","R","BOSS","M","M","?","M","$","E","R","M","T","R","?"],"items_purchased_type":["Card","Card","Card","Card"],"build_version":"2020-12-22","purchased_purges":1,"victory":false,"max_hp_per_floor":[66,66,66,66,71,71,71,71,71,71,71,71,71,71,71,71,71,71,71,71,71,71,71,71,71,71,71,71,71],"relic_stats":{"counters":[14,64],"Bronze Scales":[150],"Astrolabe":["Storm of Steel","Predator","Night Terror"],"Tiny Chest":0,"Pen Nib":[10],"MawBank":60,"obtain_stats":[{"Bronze Scales":11,"Astrolabe":17,"Tiny Chest":9,"Pen Nib":0,"MawBank":23,"Ring of the Snake":0,"Pocketwatch":26},{"Bronze Scales":4,"Astrolabe":8,"Tiny Chest":3,"Pen Nib":0,"MawBank":12,"Ring of the Snake":0,"Pocketwatch":13},{"Bronze Scales":19,"Astrolabe":38,"Tiny Chest":9,"Pen Nib":0,"MawBank":56,"Ring of the Snake":0,"Pocketwatch":61}],"Ring of the Snake":[28],"Pocketwatch":[3]},"card_choices":[{"not_picked":["Setup","Masterful Stab"],"picked":"Catalyst","floor":1},{"not_picked":["Cloak And Dagger","Quick Slash"],"picked":"Poisoned Stab","floor":2},{"not_picked":["Escape Plan","Eviscerate"],"picked":"PiercingWail","floor":4},{"not_picked":["Dash","Well Laid Plans","Setup"],"picked":"SKIP","floor":11},{"not_picked":["Slice","Acrobatics"],"picked":"Poisoned Stab","floor":12},{"not_picked":["Quick Slash","Slice"],"picked":"Backflip","floor":13},{"not_picked":["Sucker Punch","Expertise"],"picked":"Wraith Form v2","floor":14},{"not_picked":["Doppelganger","Malaise"],"picked":"Night Terror","floor":16},{"not_picked":["Riddle With Holes+1","Bane"],"picked":"Caltrops+1","floor":18},{"not_picked":["Acrobatics","Quick Slash","Masterful Stab"],"picked":"SKIP","floor":19},{"not_picked":["Concentrate","Prepared"],"picked":"Deadly Poison","floor":21},{"not_picked":["Dash","Terror+1","Heel Hook"],"picked":"SKIP","floor":23},{"not_picked":["Underhanded Strike","PiercingWail+1"],"picked":"Footwork","floor":25}],"player_experience":3112842,"relics_obtained":[{"floor":9,"key":"Tiny Chest"},{"floor":11,"key":"Bronze Scales"},{"floor":23,"key":"MawBank"},{"floor":26,"key":"Pocketwatch"}],"event_choices":[{"damage_healed":0,"gold_gain":0,"player_choice":"Donut","damage_taken":0,"max_hp_gain":5,"max_hp_loss":0,"event_name":"Big Fish","floor":5,"gold_loss":0},{"damage_healed":0,"gold_gain":0,"player_choice":"Entered Light","damage_taken":21,"max_hp_gain":0,"max_hp_loss":0,"event_name":"Shining Light","floor":7,"gold_loss":0,"cards_upgraded":["Strike_G","PiercingWail"]},{"damage_healed":14,"gold_gain":0,"player_choice":"Heal","damage_taken":0,"max_hp_gain":0,"max_hp_loss":0,"event_name":"The Library","floor":20,"gold_loss":0},{"damage_healed":0,"gold_gain":0,"player_choice":"Fight","damage_taken":0,"max_hp_gain":0,"max_hp_loss":0,"event_name":"Colosseum","floor":28,"gold_loss":0}],"is_beta":false,"boss_relics":[{"not_picked":["Tiny House","Black Star"],"picked":"Astrolabe"}],"items_purged_floors":[22],"is_endless":false,"potions_floor_spawned":[1,2,4,14,19],"killed_by":"Colosseum Slavers","ascension_level":20}}