{"host":"jfbo3eu2ui08ej1u","time":1611468459,"event":{"mods":["2.2 Compatiblity","AchievementEnabler","Act Like it!","Aspiration","BaseMod","Better Altar","Better Match","Better Note","Better Sensory Stone","Better Skull","Better Third Choice","Block Reminder","Colored Map","Colored Powertips","Conspire","DeckTracker","Displayed Cursed Tome","Energized Spire","Fox Events","GifTheSpireLib","Hubris","Infinite Spire","Marked Mod","Minty Spire (QoL Compilation)","Pale of the Ancients","Poor People Problems","Quick Restart","Relic Filter","Reorder Act Four","Replay The Spire","Shop Mod","Spicy Shops","Spire Arcade","StSLib","Stuff the Spire","The Blue Laboratory","The Disciple","The Forsaken","The Hierophant","The Marked","Uncapped","Unceasing Turn Reminder","Wandering Minibosses"],"gold_per_floor":[118,179,38,38,56,56,84,84,84,98,112,112,146,162,162,234,234,247,56,72,90,440,456,456],"floor_reached":23,"language":"ENG","playtime":855,"items_purged":["Pain"],"score":502,"play_id":"74dd7b46-6200-4f41-b797-4167f1f54073","local_time":"20210124010739","is_ascension_mode":true,"campfire_choices":[{"data":"Blasphemy","floor":6.0,"key":"SMITH"},{"data":"CrushJoints","floor":8.0,"key":"SMITH"},{"data":"Eruption","floor":12.0,"key":"SMITH"},{"data":"Wireheading","floor":15.0,"key":"SMITH"}],"circlet_count":0,"master_deck":["AscendersBane","Strike_P","Strike_P","Strike_P","Strike_P","Defend_P","Defend_P","Defend_P","Defend_P","Eruption+1","Vigilance","Blasphemy+1","EmptyFist","ThirdEye","CrushJoints+1","TalkToTheHand","TalkToTheHand","CutThroughFate","Wireheading+1","Replay:BluntJabs","FlurryOfBlows","Evolve+1","Pummel","Hallucinations","Overencumbered","Regret","Amnesia","Overencumbered","Hallucinations"],"relics":["PureWater","theForsaken:Lifeblossom","StuffTheSpire:Wildfire","Shuriken","StuffTheSpire:Barrel","aspiration:IroncladSkillbook","infinitespire:ShieldingShard","Ring of Greed","Old Coin","infinitespire:Midas Blood"],"acts_visited":["Exordium","TheCity"],"potions_floor_usage":[23],"damage_taken":[{"damage":0.0,"enemies":"conspire:RoseBush","floor":1.0,"turns":4.0},{"damage":10.0,"enemies":"Small Slimes","floor":5.0,"turns":4.0},{"damage":16.0,"enemies":"3 Sentries","floor":7.0,"turns":12.0},{"damage":0.0,"enemies":"2 Louse","floor":10.0,"turns":1.0},{"damage":9.0,"enemies":"Exordium Wildlife","floor":11.0,"turns":2.0},{"damage":8.0,"enemies":"Gremlin Nob","floor":13.0,"turns":3.0},{"damage":0.0,"enemies":"2 Fungi Beasts","floor":14.0,"turns":1.0},{"damage":17.0,"enemies":"Hexaghost","floor":16.0,"turns":9.0},{"damage":0.0,"enemies":"Chosen","floor":18.0,"turns":3.0},{"damage":17.0,"enemies":"3 Byrds","floor":20.0,"turns":6.0},{"damage":3.0,"enemies":"Cultist and Chosen","floor":21.0,"turns":4.0},{"damage":74,"enemies":"Slavers","floor":23,"turns":4}],"seed_played":"-1732524600219072346","potions_obtained":[{"floor":1.0,"key":"Dexterity Potion"},{"floor":11.0,"key":"Milkshake"},{"floor":14.0,"key":"Block Potion"},{"floor":18.0,"key":"Languid Potion"},{"floor":20.0,"key":"blueLaboratory:PressurePotion"}],"is_trial":false,"path_per_floor":["M","?","$","?","M","R","E","R","T","M","M","R","E","M","R","B",null,"M","$","M","M","?","E"],"character_chosen":"WATCHER","items_purchased":["TalkToTheHand","FlurryOfBlows","infinitespire:ShieldingShard"],"campfire_rested":0,"item_purchase_floors":[3,19,19],"current_hp_per_floor":[61,61,61,66,62,62,52,52,52,52,46,46,43,43,43,32,63,72,72,61,68,68,0,0],"gold":456,"neow_bonus":"ONE_RANDOM_RARE_CARD","is_daily":false,"chose_seed":false,"campfire_upgraded":4,"win_rate":0.0,"timestamp":1611468459,"path_taken":["M","?","$","?","?","R","E","R","T","M","M","R","E","M","R","BOSS","M","$","M","M","?","E"],"items_purchased_type":["Card","Card","Relic"],"build_version":"2020-12-22","purchased_purges":1,"victory":false,"max_hp_per_floor":[68,68,68,73,73,73,73,73,73,73,73,73,73,73,73,73,73,73,73,73,73,73,73,73],"card_choices":[{"not_picked":["Replay:AtTheReady","Tantrum"],"picked":"EmptyFist","floor":1.0},{"not_picked":["Evaluate","MentalFortress"],"picked":"ThirdEye","floor":2.0},{"not_picked":["ThirdEye","Worship"],"picked":"CrushJoints","floor":2.0},{"not_picked":["ThirdEye","SashWhip","MarkedMod:GentlePulse"],"picked":"SKIP","floor":5.0},{"not_picked":["Pray","Replay:ManipulateFuture","EmptyFist"],"picked":"SKIP","floor":7.0},{"not_picked":["ThirdEye","Evaluate"],"picked":"CutThroughFate","floor":10.0},{"not_picked":["SashWhip","JustLucky","Blasphemy"],"picked":"SKIP","floor":11.0},{"not_picked":["FlurryOfBlows","Replay:DivineShield"],"picked":"Wireheading","floor":13.0},{"not_picked":["Replay:AtTheReady","CrushJoints","Crescendo"],"picked":"SKIP","floor":14.0},{"not_picked":["Havoc","StuffTheSpire:BloodClot","Vengeance"],"picked":"Replay:BluntJabs","floor":18.0},{"not_picked":["Prostrate","True Grit","Replay:ManipulateFuture"],"picked":"Evolve+1","floor":20.0},{"not_picked":["Pray","JustLucky","MarkedMod:FirstStrike"],"picked":"Pummel","floor":21.0}],"player_experience":1218235,"relics_obtained":[{"floor":2.0,"key":"theForsaken:Lifeblossom"},{"floor":7.0,"key":"StuffTheSpire:Wildfire"},{"floor":9.0,"key":"Shuriken"},{"floor":13.0,"key":"StuffTheSpire:Barrel"},{"floor":22.0,"key":"Ring of Greed"},{"floor":22.0,"key":"Old Coin"},{"floor":22.0,"key":"infinitespire:Midas Blood"}],"event_choices":[{"damage_healed":0.0,"max_hp_gain":5.0,"max_hp_loss":0.0,"gold_gain":0.0,"event_name":"Big Fish","player_choice":"Donut","floor":4.0,"gold_loss":0.0,"damage_taken":0.0}],"is_beta":false,"boss_relics":[{"not_picked":["Snecko Eye","hubris:HollowSoul"],"picked":"aspiration:IroncladSkillbook"}],"items_purged_floors":[3],"is_endless":false,"potions_floor_spawned":[1,11,14,18,20],"killed_by":"Slavers","ascension_level":20}}