{"host":"61y0z9o9vf3ujftj","time":1611451390,"event":{"mods":["2.2 Compatiblity","BaseMod","Colored Map","Colored Powertips","GifTheSpireLib","HexUI Lib","Highlight Path","Minty Spire (QoL Compilation)","Relic Stats","StSLib","ojb\u0027s Info Mod"],"gold_per_floor":[117,128,147,162,178,178,207,207,207,207,207],"floor_reached":10,"language":"ENG","playtime":627,"items_purged":[],"score":133,"play_id":"f02d24c8-0334-4cff-8fb3-cf9442dd929c","local_time":"20210123192310","is_ascension_mode":true,"campfire_choices":[{"data":"Dagger Spray","floor":6.0,"key":"SMITH"},{"data":"Neutralize","floor":8.0,"key":"SMITH"}],"circlet_count":0,"master_deck":["AscendersBane","Strike_G","Strike_G","Strike_G","Strike_G","Strike_G","Defend_G","Defend_G","Defend_G","Defend_G","Defend_G","Survivor","Neutralize+1","Cloak And Dagger","Backflip","Backflip","Dagger Spray+1","Leg Sweep"],"relics":["Sozu","MealTicket"],"acts_visited":["Exordium"],"potions_floor_usage":[],"damage_taken":[{"damage":1.0,"enemies":"Small Slimes","floor":1.0,"turns":5.0},{"damage":0.0,"enemies":"2 Louse","floor":2.0,"turns":4.0},{"damage":2.0,"enemies":"Jaw Worm","floor":3.0,"turns":5.0},{"damage":6.0,"enemies":"Exordium Wildlife","floor":4.0,"turns":6.0},{"damage":5.0,"enemies":"Gremlin Gang","floor":5.0,"turns":7.0},{"damage":11.0,"enemies":"3 Sentries","floor":7.0,"turns":7.0},{"damage":34,"enemies":"Gremlin Nob","floor":10,"turns":5}],"seed_played":"1131652730988401048","potions_obtained":[],"is_trial":false,"path_per_floor":["M","M","M","M","M","R","E","R","T","E"],"character_chosen":"THE_SILENT","items_purchased":[],"campfire_rested":0,"item_purchase_floors":[],"current_hp_per_floor":[58,58,56,50,45,45,34,34,34,0,0],"gold":207,"neow_bonus":"BOSS_RELIC","is_daily":false,"chose_seed":false,"campfire_upgraded":2,"win_rate":0.0,"timestamp":1611451390,"path_taken":["M","M","M","M","M","R","E","R","T","E"],"items_purchased_type":[],"build_version":"2020-12-22","purchased_purges":0,"victory":false,"max_hp_per_floor":[66,66,66,66,66,66,66,66,66,66,66],"relic_stats":{"Sozu":4,"counters":[7,39],"MealTicket":0,"obtain_stats":[{"Sozu":0,"MealTicket":7,"Ring of the Snake":0},{"Sozu":0,"MealTicket":6,"Ring of the Snake":0},{"Sozu":0,"MealTicket":34,"Ring of the Snake":0}]},"card_choices":[{"not_picked":["Bane","Expertise"],"picked":"Cloak And Dagger","floor":1.0},{"not_picked":["Deflect","Setup"],"picked":"Backflip","floor":2.0},{"not_picked":["Quick Slash","Poisoned Stab"],"picked":"Backflip","floor":3.0},{"not_picked":["Catalyst","Eviscerate"],"picked":"Dagger Spray","floor":4.0},{"not_picked":["Sucker Punch","Quick Slash"],"picked":"Leg Sweep","floor":5.0},{"not_picked":["Infinite Blades","Setup","Tactician"],"picked":"SKIP","floor":7.0}],"player_experience":392719,"relics_obtained":[{"floor":7.0,"key":"MealTicket"}],"event_choices":[],"is_beta":false,"boss_relics":[],"items_purged_floors":[],"is_endless":false,"potions_floor_spawned":[3,4,5,7],"killed_by":"Gremlin Nob","ascension_level":18}}