{"host":"shb6fs4xkmgx64v4","time":1611464167,"event":{"mods":["AchievementEnabler","BaseMod","Colored Map","Downfall","Minty Spire (QoL Compilation)","StSLib"],"gold_per_floor":[99,114,125,125,137,12,12,38,38,54,54,88,88,88,107,207,207,7,21,106,123,140,140,140,171,191,91,42,56,6,6,18,120,120,120,136,136,148,160,210,210,224,224,109,109,51,65,65,85,85,85,119,0,0,0,0],"floor_reached":57,"language":"ENG","playtime":5415,"items_purged":["Normality","downfall:Aged"],"score":1149,"play_id":"bf639835-83ce-460d-a5de-69171e709da4","local_time":"20210123235607","is_ascension_mode":false,"campfire_choices":[{"floor":1.0,"key":"RECALL"},{"data":"Guardian:PiercingHide","floor":11.0,"key":"SMITH"},{"data":"Guardian:StasisField","floor":13.0,"key":"SMITH"},{"data":"Guardian:SentryBeam","floor":18.0,"key":"SMITH"},{"floor":23.0,"key":"REST"},{"floor":27.0,"key":"REST"},{"floor":35.0,"key":"REST"},{"floor":45.0,"key":"REST"},{"floor":54,"key":"REST"}],"circlet_count":0,"master_deck":["Guardian:Strike_Guardian","Guardian:Strike_Guardian","Guardian:Defend_Guardian","Guardian:Defend_Guardian","Guardian:CurlUp","Guardian:TwinSlam","Guardian:WalkerClaw","Guardian:SentryBeam+1","Guardian:Reroute","Guardian:Preprogram","Guardian:PiercingHide+1","Guardian:StasisField+1","Guardian:TimeSifter","Guardian:TemporalStrike","Guardian:Harden","Guardian:TimeCapacitor","Guardian:TemporalStrike","Guardian:Repulse","Guardian:Recover","RitualDagger","Guardian:FuturePlans","Guardian:PiercingHide","Guardian:FloatingOrbs","Guardian:PrimingBeam+1","Guardian:TemporalShield","Guardian:DecasProtection+1","Guardian:TimeSifter","expansioncontent:StudyTheSpire","Guardian:TimeCapacitor","Guardian:BronzeArmor+1","Guardian:AncientConstruct"],"relics":["Guardian:ModeShifter","Akabeko","Potion Belt","SlaversCollar","downfall:HeartBlessingRed","downfall:HeartBlessingBlue","Boot","Bag of Marbles","downfall:HeartBlessingGreen","Fusion Hammer","Guardian:StasisEgg","Calipers","StrikeDummy","downfall:ExtraCursedKey","Membership Card","Kunai","Toy Ornithopter","Ornamental Fan"],"acts_visited":["Exordium","TheCity","TheBeyond","TheEnding"],"potions_floor_usage":[50,56,56],"damage_taken":[{"damage":3.0,"enemies":"Cultist","floor":2.0,"turns":5.0},{"damage":0.0,"enemies":"2 Louse","floor":3.0,"turns":3.0},{"damage":6.0,"enemies":"Jaw Worm","floor":5.0,"turns":3.0},{"damage":0.0,"enemies":"downfall:FleeingMerchant","floor":6.0,"turns":4.0},{"damage":7.0,"enemies":"Blue Slaver","floor":10.0,"turns":3.0},{"damage":14.0,"enemies":"Gremlin Nob","floor":12.0,"turns":4.0},{"damage":0.0,"enemies":"Large Slime","floor":15.0,"turns":5.0},{"damage":45.0,"enemies":"SI_SHIV_ARCHETYPE","floor":16.0,"turns":11.0},{"damage":0.0,"enemies":"Shell Parasite","floor":19.0,"turns":5.0},{"damage":20.0,"enemies":"3 Byrds","floor":21.0,"turns":5.0},{"damage":11.0,"enemies":"Centurion and Healer","floor":22.0,"turns":8.0},{"damage":35.0,"enemies":"Slavers","floor":25.0,"turns":7.0},{"damage":5.0,"enemies":"Cultist and Chosen","floor":26.0,"turns":7.0},{"damage":0.0,"enemies":"downfall:FleeingMerchant","floor":28.0,"turns":4.0},{"damage":10.0,"enemies":"3 Cultists","floor":29.0,"turns":6.0},{"damage":10.0,"enemies":"Snake Plant","floor":32.0,"turns":4.0},{"damage":57.0,"enemies":"IC_MUSHROOM_ARCHETYPE","floor":33.0,"turns":14.0},{"damage":5.0,"enemies":"3 Shapes","floor":36.0,"turns":4.0},{"damage":21.0,"enemies":"3 Darklings","floor":38.0,"turns":7.0},{"damage":31.0,"enemies":"Writhing Mass","floor":39.0,"turns":7.0},{"damage":1.0,"enemies":"Writhing Mass","floor":40.0,"turns":8.0},{"damage":10.0,"enemies":"Transient","floor":42.0,"turns":5.0},{"damage":10.0,"enemies":"downfall:FleeingMerchant","floor":44.0,"turns":4.0},{"damage":16.0,"enemies":"downfall:FleeingMerchant","floor":46.0,"turns":3.0},{"damage":1.0,"enemies":"4 Shapes","floor":47.0,"turns":7.0},{"damage":10.0,"enemies":"Maw","floor":49.0,"turns":7.0},{"damage":21,"enemies":"DF_ARCHETYPE_ORBS","floor":50,"turns":18},{"damage":28,"enemies":"downfall:CharBossMerchant","floor":52,"turns":13},{"damage":15,"enemies":"downfall:NeowBoss","floor":55,"turns":26},{"damage":146,"enemies":"downfall:NeowBossFinal","floor":56,"turns":16}],"seed_played":"1713812255250212724","potions_obtained":[{"floor":2.0,"key":"Fire Potion"},{"floor":5.0,"key":"Swift Potion"},{"floor":10.0,"key":"FearPotion"},{"floor":16.0,"key":"DuplicationPotion"},{"floor":19.0,"key":"Fire Potion"},{"floor":22.0,"key":"Guardian:DefensiveModePotion"},{"floor":26.0,"key":"SkillPotion"},{"floor":40.0,"key":"Dexterity Potion"},{"floor":47.0,"key":"Regen Potion"},{"floor":49.0,"key":"Ancient Potion"}],"is_trial":false,"path_per_floor":["R","M","M","?","M","$","T","T","?","M","R","E","R","?","M","B",null,"R","M","?","M","M","R","T","E","M","R","$","M","?","?","M","B",null,"R","M","?","M","M","?","T","M","?","$","R","$","M","?","M","B",null,"E","$","R","B","B",null],"character_chosen":"GUARDIAN","items_purchased":["Guardian:Gem_Yellow","Guardian:Repulse","Membership Card","expansioncontent:StudyTheSpire","Kunai","Guardian:TimeCapacitor","Ornamental Fan"],"campfire_rested":5,"item_purchase_floors":[6,28,46,46,46,46,53],"current_hp_per_floor":[88,85,85,85,79,79,79,79,79,72,72,58,58,58,58,13,88,98,98,82,62,51,80,80,45,40,69,69,59,94,88,78,21,98,98,93,93,72,41,40,40,30,30,20,49,33,32,32,36,15,98,70,70,98,83,20],"gold":0,"neow_bonus":"TEN_PERCENT_HP_BONUS","is_daily":false,"chose_seed":false,"campfire_upgraded":3,"win_rate":0.0,"timestamp":1611464167,"path_taken":["R","M","?","?","?","$","T","?","?","M","R","E","R","?","M","BOSS","R","M","?","M","M","R","T","E","M","R","$","M","?","?","M","BOSS","R","M","?","M","M","?","T","M","?","$","R","?","M","?","M","BOSS","E","$","R","BOSS","BOSS"],"items_purchased_type":["Card","Card","Relic","Card","Relic","Card","Relic"],"build_version":"2020-12-22","purchased_purges":2,"victory":true,"max_hp_per_floor":[88,88,88,88,88,88,88,88,88,88,88,88,88,88,88,88,88,98,98,98,98,98,98,98,98,98,98,98,98,98,98,98,98,98,98,98,98,98,98,98,98,98,98,98,98,98,98,98,98,98,98,98,98,98,98,98],"card_choices":[{"not_picked":["Guardian:Gem_White","Guardian:PiercingHide"],"picked":"Guardian:WalkerClaw","floor":2.0},{"not_picked":["Guardian:PrimingBeam","Guardian:PrismaticBarrier"],"picked":"Guardian:SentryBeam","floor":3.0},{"not_picked":["Guardian:Harden","Guardian:Gem_Green"],"picked":"Guardian:Reroute","floor":5.0},{"not_picked":["Guardian:Harden","Guardian:ChargeCore"],"picked":"Guardian:Preprogram","floor":6.0},{"not_picked":["Guardian:PrimingBeam","Guardian:VentSteam"],"picked":"Guardian:PiercingHide","floor":10.0},{"not_picked":["Guardian:RollAttack","Guardian:ChargeCore"],"picked":"Guardian:StasisField","floor":12.0},{"not_picked":["Guardian:Suspension","Guardian:WalkerClaw","Guardian:RollAttack"],"picked":"SKIP","floor":15.0},{"not_picked":["Guardian:Suspension","Guardian:RollAttack"],"picked":"Guardian:WalkerClaw","floor":15.0},{"not_picked":["Guardian:StasisStrike","Guardian:BaubleBeam"],"picked":"Guardian:TimeSifter","floor":16.0},{"not_picked":["Guardian:Gem_Blue","Guardian:ChargeCore"],"picked":"Guardian:TemporalStrike","floor":19.0},{"not_picked":["Guardian:Gem_Green","Guardian:SentryBeam","Guardian:Harden"],"picked":"SKIP","floor":21.0},{"not_picked":["Guardian:Gem_Crimson","Guardian:RollAttack+1"],"picked":"Guardian:Harden","floor":22.0},{"not_picked":["Guardian:Recover","Guardian:ArmoredProtocol"],"picked":"Guardian:TimeCapacitor","floor":25.0},{"not_picked":["Guardian:Gem_Lightblue","Guardian:Reroute","Guardian:Incinerate"],"picked":"SKIP","floor":26.0},{"not_picked":["Guardian:StasisEngine","Guardian:RollAttack"],"picked":"Guardian:TemporalStrike","floor":28.0},{"not_picked":["Guardian:BronzeOrb","Guardian:ShieldCharger"],"picked":"Guardian:Recover","floor":29.0},{"not_picked":["Guardian:EvasiveProtocol+1","Guardian:Gem_Green","Guardian:Recover"],"picked":"SKIP","floor":32.0},{"not_picked":["Guardian:EvasiveProtocol+1","Guardian:Recover"],"picked":"Guardian:Gem_Green","floor":32.0},{"not_picked":["Guardian:GatlingBeam","Guardian:SphericShield"],"picked":"Guardian:Gem_Synthetic","floor":33.0},{"not_picked":["Guardian:Gem_Blue","Guardian:RefractedBeam"],"picked":"Guardian:FuturePlans","floor":36.0},{"not_picked":["Guardian:PolyBeam","Guardian:Suspension+1"],"picked":"Guardian:PiercingHide","floor":38.0},{"not_picked":["Guardian:VentSteam+1","Guardian:SentryBeam+1"],"picked":"Guardian:FloatingOrbs","floor":39.0},{"not_picked":["Guardian:ShieldCharger+1","Guardian:WalkerClaw+1"],"picked":"Guardian:PrimingBeam+1","floor":40.0},{"not_picked":["Guardian:SpikerProtocol+1","Guardian:Gem_Cyan"],"picked":"Guardian:TemporalShield","floor":42.0},{"not_picked":["Guardian:PrismaticBeam+1","Guardian:RefractedBeam"],"picked":"Guardian:DecasProtection+1","floor":44.0},{"not_picked":["Guardian:TemporalStrike","Guardian:ChargeCore+1"],"picked":"Guardian:TimeSifter","floor":46.0},{"not_picked":["Guardian:SentryBeam","Guardian:Gem_Blue","Guardian:RollAttack+1"],"picked":"SKIP","floor":47.0},{"not_picked":["Guardian:Recover+1","Guardian:WalkerClaw+1"],"picked":"Guardian:BronzeArmor+1","floor":49.0},{"not_picked":["Guardian:RollAttack","Guardian:TemporalShield"],"picked":"Guardian:AncientConstruct","floor":52}],"player_experience":266082,"relics_obtained":[{"floor":8.0,"key":"Akabeko"},{"floor":12.0,"key":"Potion Belt"},{"floor":24.0,"key":"Boot"},{"floor":25.0,"key":"Bag of Marbles"},{"floor":40.0,"key":"Calipers"},{"floor":41.0,"key":"StrikeDummy"},{"floor":52,"key":"Toy Ornithopter"}],"event_choices":[{"cards_removed":["Guardian:WalkerClaw"],"damage_healed":0.0,"max_hp_gain":0.0,"max_hp_loss":0.0,"gold_gain":0.0,"event_name":"Falling","player_choice":"Removed Attack","floor":48.0,"gold_loss":0.0,"damage_taken":0.0}],"is_beta":false,"boss_relics":[{"not_picked":["Black Star","Coffee Dripper"],"picked":"SlaversCollar"},{"not_picked":["Guardian:StasisSlotReductionRelic","Tiny House"],"picked":"Fusion Hammer"}],"items_purged_floors":[6,44],"is_endless":false,"potions_floor_spawned":[2,5,10,16,19,22,26,40,47,49],"ascension_level":0}}