{"host":"szp1d6dso4pv7ddl","time":1611462765,"event":{"mods":["AchievementEnabler","Alarm Clock","BaseMod","Bestiary","Block Reminder","Colored Map","Colored Powertips","Curses Come First","Dark Map","Displayed Cursed Tome","Highlight Path","Minty Spire (QoL Compilation)","Permanent Neow","Quick Restart","Relic Sorter","Relic Stats","StSLib","Synergy Search"],"gold_per_floor":[15,15,15,29,52,88,102,102,128,93,93,18,18,39,39,39,39],"floor_reached":16,"language":"ENG","playtime":800,"items_purged":["Strike_R"],"score":185,"play_id":"b7c0f384-b058-43ea-adb0-e4515648083e","local_time":"20210123203245","is_ascension_mode":true,"campfire_choices":[{"floor":8,"key":"REST"},{"floor":15,"key":"REST"}],"circlet_count":0,"master_deck":["AscendersBane","Strike_R","Strike_R","Strike_R","Strike_R+1","Defend_R","Defend_R","Defend_R","Defend_R","Bash+1","Headbutt","Headbutt","Offering","Uppercut","Pommel Strike"],"relics":["Burning Blood","Happy Flower","Golden Idol","Omamori","Red Skull"],"acts_visited":["Exordium"],"potions_floor_usage":[6,6,16],"damage_taken":[{"damage":6,"enemies":"Jaw Worm","floor":1,"turns":5},{"damage":11,"enemies":"Small Slimes","floor":4,"turns":4},{"damage":8,"enemies":"2 Louse","floor":5,"turns":3},{"damage":31,"enemies":"3 Sentries","floor":6,"turns":6},{"damage":20,"enemies":"Blue Slaver","floor":7,"turns":5},{"damage":10,"enemies":"Exordium Wildlife","floor":14,"turns":3},{"damage":48,"enemies":"The Guardian","floor":16,"turns":10}],"seed_played":"2354923119020603831","potions_obtained":[{"floor":4,"key":"ColorlessPotion"},{"floor":5,"key":"Fire Potion"},{"floor":14,"key":"AttackPotion"}],"is_trial":false,"path_per_floor":["M","?","?","M","M","E","M","R","T","?","?","$","?","M","R","B"],"character_chosen":"IRONCLAD","items_purchased":[],"campfire_rested":2,"item_purchase_floors":[],"current_hp_per_floor":[82,51,56,51,49,24,10,38,38,61,33,33,22,18,46,0,0],"gold":39,"neow_bonus":"TWENTY_PERCENT_HP_BONUS","is_daily":false,"chose_seed":false,"campfire_upgraded":0,"win_rate":0.0,"timestamp":1611462765,"path_taken":["M","?","?","M","?","E","M","R","T","?","?","?","?","M","R","BOSS"],"items_purchased_type":[],"build_version":"2020-12-22","purchased_purges":1,"victory":false,"max_hp_per_floor":[89,89,94,94,94,94,94,94,94,94,94,94,94,94,94,94,94],"relic_stats":{"Happy Flower":[6],"counters":[7,36],"Golden Idol":22,"obtain_stats":[{"Happy Flower":6,"Golden Idol":2,"Omamori":9,"Burning Blood":0,"Red Skull":13},{"Happy Flower":4,"Golden Idol":1,"Omamori":5,"Burning Blood":0,"Red Skull":5},{"Happy Flower":18,"Golden Idol":5,"Omamori":23,"Burning Blood":0,"Red Skull":23}],"Burning Blood":36},"card_choices":[{"not_picked":["Body Slam","Evolve"],"picked":"Headbutt","floor":1},{"not_picked":["Shockwave","Pommel Strike"],"picked":"Headbutt","floor":4},{"not_picked":["Pummel","Feel No Pain"],"picked":"Offering","floor":5},{"not_picked":["Battle Trance","Heavy Blade"],"picked":"Uppercut","floor":6},{"not_picked":["Inflame","Disarm"],"picked":"Pommel Strike","floor":7},{"not_picked":["Thunderclap","Second Wind","Pommel Strike"],"picked":"SKIP","floor":14}],"player_experience":1262714,"relics_obtained":[{"floor":6,"key":"Happy Flower"},{"floor":9,"key":"Omamori"}],"event_choices":[{"damage_healed":0,"gold_gain":0,"player_choice":"Take Damage","damage_taken":31,"relics_obtained":["Golden Idol"],"max_hp_gain":0,"max_hp_loss":0,"event_name":"Golden Idol","floor":2,"gold_loss":0},{"damage_healed":0,"gold_gain":0,"player_choice":"Donut","damage_taken":0,"max_hp_gain":5,"max_hp_loss":0,"event_name":"Big Fish","floor":3,"gold_loss":0},{"damage_healed":23,"gold_gain":0,"player_choice":"Healed","damage_taken":0,"max_hp_gain":0,"max_hp_loss":0,"event_name":"The Cleric","floor":10,"gold_loss":35},{"damage_healed":0,"gold_gain":0,"player_choice":"Entered Light","damage_taken":28,"max_hp_gain":0,"max_hp_loss":0,"event_name":"Shining Light","floor":11,"gold_loss":0,"cards_upgraded":["Bash","Strike_R"]},{"damage_healed":0,"gold_gain":0,"player_choice":"Success","damage_taken":11,"relics_obtained":["Red Skull"],"max_hp_gain":0,"max_hp_loss":0,"event_name":"Scrap Ooze","floor":13,"gold_loss":0}],"is_beta":false,"boss_relics":[],"items_purged_floors":[12],"is_endless":false,"potions_floor_spawned":[4,5,14],"killed_by":"The Guardian","ascension_level":17}}