{"host":"e5rkqgceakcp3dm7","time":1611513159,"event":{"mods":["A Magickal Journey","Act Like it!","Arknights The Spire","BaseMod","Better Vampires","Gensokyo","Hallownest","Lobotomy","LobotomyExtend","Minty Spire (QoL Compilation)","Remilia£®¿Ÿ√◊¿Ú—«£©","StSLib","The Bug Knight","The Wild Card","Youmu£®ªÍ∆«—˝√Œ£©"],"gold_per_floor":[111,40,40,54,67,92,17,17,43,43,43],"floor_reached":10,"language":"ZHS","playtime":1259,"items_purged":["ats:Strike C"],"score":66,"play_id":"0202b189-e2ae-4eab-bb51-32d0c7d69beb","local_time":"20210125023239","is_ascension_mode":false,"campfire_choices":[],"circlet_count":0,"master_deck":["ats:Strike G","ats:Strike S","ats:Strike V","ats:Armor Crushing Shot","ats:Defend","ats:Defend","ats:Defend","ats:Defend","ats:Emotion Absorption","ats:Composite Medical Shells","OSAHOGD","ats:Wolf Pack","Doubt","ats:Assault Order","MeatLantern","ats:Revitalization","QueenOfHatred","ats:Sashimi Platter","BeautyBeast"],"relics":["ats:Sanity","CogitoBucket","LetterFromLob","ats:Originium","Orichalcum","LaetitiaHeart","Juzu Bracelet"],"acts_visited":["Exordium"],"potions_floor_usage":[6,6,10],"damage_taken":[{"damage":0,"enemies":"Hallownest:monsterHuskWarrior","floor":1,"turns":5},{"damage":3,"enemies":"Hallownest:2_Baldur","floor":4,"turns":7},{"damage":5,"enemies":"2_ Uuma","floor":5,"turns":9},{"damage":30,"enemies":"Hallownest:eliteMossKnight","floor":6,"turns":44},{"damage":85,"enemies":"Hallownest:eliteVengeflyKing","floor":10,"turns":5}],"seed_played":"2342606681812524964","potions_obtained":[{"floor":4,"key":"Energy Potion"},{"floor":5,"key":"LiquidBronze"},{"floor":6,"key":"Ancient Potion"}],"is_trial":false,"path_per_floor":["M","$","?","M","M","E","$","M","T","E"],"character_chosen":"DOCTOR_CLASS","items_purchased":["ats:Wolf Pack"],"campfire_rested":0,"item_purchase_floors":[2],"current_hp_per_floor":[72,72,72,69,64,60,60,60,60,0,0],"gold":43,"neow_bonus":"","is_daily":false,"chose_seed":false,"campfire_upgraded":0,"win_rate":0.0,"timestamp":1611513159,"path_taken":["M","$","?","M","M","E","$","M","T","E"],"items_purchased_type":["Card"],"build_version":"2020-12-22","purchased_purges":1,"victory":false,"max_hp_per_floor":[72,72,72,72,72,72,72,72,72,72,72],"card_choices":[{"not_picked":["ats:Very Hot Blade","ats:Flame Of Heaven"],"picked":"ats:Composite Medical Shells","floor":1},{"not_picked":["Bloodbath","Scorched"],"picked":"OSAHOGD","floor":1},{"not_picked":["ats:Revitalization","ats:Flexible Camouflage"],"picked":"ats:Assault Order","floor":4},{"not_picked":["Bloodbath","WallGazer"],"picked":"MeatLantern","floor":4},{"not_picked":["ats:Poison Spread","ats:Support Order"],"picked":"ats:Revitalization","floor":5},{"not_picked":["Murderer","WallGazer"],"picked":"QueenOfHatred","floor":5},{"not_picked":["ats:Shell Defense","ats:Overload"],"picked":"ats:Sashimi Platter","floor":6},{"not_picked":["Laetitia","FairyFestival"],"picked":"BeautyBeast","floor":6}],"player_experience":195747,"relics_obtained":[{"floor":1,"key":"LetterFromLob"},{"floor":6,"key":"ats:Originium"},{"floor":6,"key":"Orichalcum"},{"floor":9,"key":"Juzu Bracelet"}],"event_choices":[],"is_beta":false,"boss_relics":[],"items_purged_floors":[7],"is_endless":false,"potions_floor_spawned":[4,5,6],"killed_by":"Hallownest:eliteVengeflyKing","ascension_level":0}}