{"host":"6p0attdrtjqaih7v","time":1611468846,"event":{"mods":["2.2 Compatiblity","AchievementEnabler","Bard","BaseMod","Better Skull","Better Third Choice","Colored Powertips","Hermit","Highlight Path","Jorbs\u0027s Wanderer Trilogy","Key Reminder","Minty Spire (QoL Compilation)","Permanent Neow","Quick Restart","Random Character Button","Relic Stats","Replay The Spire","Robot Space Explorer","StSLib"],"gold_per_floor":[112,124,134,134,134,134,147,176,222,58,85,104,114,131,131,203,203,215,233,18,28,98,117,117,117,117],"floor_reached":25,"language":"ENG","playtime":956,"items_purged":["RobotSpaceExplorer:Strike","RobotSpaceExplorer:Strike"],"score":494,"play_id":"b02233da-3b5f-4feb-a84b-c56b31d88343","local_time":"20210124011406","is_ascension_mode":true,"campfire_choices":[{"data":"RobotSpaceExplorer:SlimeMissile","floor":6,"key":"SMITH"},{"data":"RobotSpaceExplorer:MiniBoosters","floor":15,"key":"SMITH"},{"floor":24,"key":"REST"}],"circlet_count":0,"master_deck":["AscendersBane","RobotSpaceExplorer:Strike","RobotSpaceExplorer:Strike","RobotSpaceExplorer:Defend","RobotSpaceExplorer:Defend","RobotSpaceExplorer:Defend","RobotSpaceExplorer:Defend","RobotSpaceExplorer:Scan","RobotSpaceExplorer:MiniLasers+1","RobotSpaceExplorer:SlimeMissile+1","RobotSpaceExplorer:ScrapToss","RobotSpaceExplorer:MiniDrones","RobotSpaceExplorer:MiniBoosters+1","RobotSpaceExplorer:ShovelStrike","RobotSpaceExplorer:LuckyStrike","RobotSpaceExplorer:MiniDrones","RobotSpaceExplorer:Arsenal","RobotSpaceExplorer:ScrapToss","RobotSpaceExplorer:JunkDive","RobotSpaceExplorer:Pulsar+1","RobotSpaceExplorer:JunkDive","RobotSpaceExplorer:ShovelStrike","RobotSpaceExplorer:ExhaustFan","RobotSpaceExplorer:Fix","RobotSpaceExplorer:TrailblazerForm"],"relics":["RobotSpaceExplorer:RoboCore","Replay:Bottled Steam","Lantern","Blue Doll","ReplayTheSpireMod:DimensionalGlitch","CeramicFish"],"acts_visited":["Exordium","TheCity"],"potions_floor_usage":[11,14,16,25],"damage_taken":[{"damage":0,"enemies":"Jaw Worm","floor":1,"turns":5},{"damage":0,"enemies":"Cultist","floor":2,"turns":3},{"damage":0,"enemies":"Small Slimes","floor":3,"turns":2},{"damage":0,"enemies":"Blue Slaver","floor":7,"turns":3},{"damage":5,"enemies":"3 Sentries","floor":8,"turns":7},{"damage":20,"enemies":"Gremlin Nob","floor":11,"turns":4},{"damage":1,"enemies":"Large Slime","floor":12,"turns":6},{"damage":0,"enemies":"Gremlin Gang","floor":13,"turns":3},{"damage":8,"enemies":"Exordium Thugs","floor":14,"turns":4},{"damage":0,"enemies":"Slime Boss","floor":16,"turns":4},{"damage":0,"enemies":"Chosen","floor":18,"turns":2},{"damage":0,"enemies":"Spheric Guardian","floor":19,"turns":3},{"damage":5,"enemies":"Cultist and Chosen","floor":21,"turns":7},{"damage":11,"enemies":"Snecko","floor":23,"turns":3},{"damage":44,"enemies":"Gremlin Leader","floor":25,"turns":5}],"seed_played":"-4682263225049439508","potions_obtained":[{"floor":1,"key":"Reflective Coating"},{"floor":3,"key":"Energy Potion"},{"floor":14,"key":"RobotSpaceExplorer:RecyclePotion"},{"floor":16,"key":"Fire Potion"},{"floor":19,"key":"Explosive Potion"}],"is_trial":false,"path_per_floor":["M","M","M","?","$","R","M","E","T","$","E","M","M","M","R","B",null,"M","M","$","M","?","M","R","E"],"character_chosen":"RobotSpaceExplorer","items_purchased":["RobotSpaceExplorer:LuckyStrike","RobotSpaceExplorer:Pulsar+1","RobotSpaceExplorer:JunkDive"],"campfire_rested":1,"item_purchase_floors":[10,20,20],"current_hp_per_floor":[64,64,64,60,60,60,60,55,55,55,35,34,34,26,26,26,60,60,60,60,55,27,16,37,0,0],"gold":117,"neow_bonus":"UPGRADE_CARD","is_daily":false,"chose_seed":false,"campfire_upgraded":2,"win_rate":0.0,"timestamp":1611468846,"path_taken":["M","M","M","?","?","R","M","E","T","$","E","M","?","M","R","BOSS","M","M","$","M","?","M","R","E"],"items_purchased_type":["Card","Card","Card"],"build_version":"2020-12-22","purchased_purges":2,"victory":false,"max_hp_per_floor":[71,71,71,71,71,71,71,71,71,71,71,71,71,71,71,71,71,71,71,71,71,71,71,71,71,71],"relic_stats":{"counters":[15,61],"CeramicFish":27,"obtain_stats":[{"Lantern":9,"CeramicFish":22,"RobotSpaceExplorer:RoboCore":0,"Blue Doll":11,"ReplayTheSpireMod:DimensionalGlitch":17,"Replay:Bottled Steam":8},{"Lantern":5,"CeramicFish":13,"RobotSpaceExplorer:RoboCore":0,"Blue Doll":6,"ReplayTheSpireMod:DimensionalGlitch":10,"Replay:Bottled Steam":5},{"Lantern":20,"CeramicFish":53,"RobotSpaceExplorer:RoboCore":0,"Blue Doll":24,"ReplayTheSpireMod:DimensionalGlitch":41,"Replay:Bottled Steam":20}]},"card_choices":[{"not_picked":["RobotSpaceExplorer:MetalStrike","RobotSpaceExplorer:ShockKick"],"picked":"RobotSpaceExplorer:SlimeMissile","floor":1},{"not_picked":["RobotSpaceExplorer:PowerCollector","RobotSpaceExplorer:Probe"],"picked":"RobotSpaceExplorer:ScrapToss","floor":2},{"not_picked":["RobotSpaceExplorer:SlimeMissile","RobotSpaceExplorer:Probe"],"picked":"RobotSpaceExplorer:MiniDrones","floor":3},{"not_picked":["RobotSpaceExplorer:Scanner","RobotSpaceExplorer:Pulsar"],"picked":"RobotSpaceExplorer:MiniBoosters","floor":7},{"not_picked":["RobotSpaceExplorer:FreezingShield","RobotSpaceExplorer:Electroshield"],"picked":"RobotSpaceExplorer:ShovelStrike","floor":8},{"not_picked":["RobotSpaceExplorer:GlueShot","RobotSpaceExplorer:JunkDive"],"picked":"RobotSpaceExplorer:MiniDrones","floor":11},{"not_picked":["RobotSpaceExplorer:Electroshield","RobotSpaceExplorer:FranticSearch","RobotSpaceExplorer:ShockKick"],"picked":"SKIP","floor":12},{"not_picked":["RobotSpaceExplorer:MetalStrike","RobotSpaceExplorer:BigMissile","RobotSpaceExplorer:SlimeMissile"],"picked":"SKIP","floor":13},{"not_picked":["RobotSpaceExplorer:SwiftStep","RobotSpaceExplorer:FranticSearch"],"picked":"RobotSpaceExplorer:Arsenal","floor":14},{"not_picked":["RobotSpaceExplorer:SurgingShield","RobotSpaceExplorer:ImprovisedAttack"],"picked":"RobotSpaceExplorer:ScrapToss","floor":18},{"not_picked":["RobotSpaceExplorer:Electroshield","RobotSpaceExplorer:SlimeMissile+1"],"picked":"RobotSpaceExplorer:JunkDive","floor":19},{"not_picked":["RobotSpaceExplorer:SurgingShield","RobotSpaceExplorer:DoubleFind"],"picked":"RobotSpaceExplorer:ShovelStrike","floor":21},{"not_picked":["RobotSpaceExplorer:ScrapMissile","RobotSpaceExplorer:ShovelStrike"],"picked":"RobotSpaceExplorer:ExhaustFan","floor":22},{"not_picked":["RobotSpaceExplorer:ShovelStrike","RobotSpaceExplorer:Counterblock"],"picked":"RobotSpaceExplorer:Fix","floor":22},{"not_picked":["RobotSpaceExplorer:JunkDive","RobotSpaceExplorer:ShockKick"],"picked":"RobotSpaceExplorer:TrailblazerForm","floor":23}],"player_experience":932599,"relics_obtained":[{"floor":8,"key":"Replay:Bottled Steam"},{"floor":9,"key":"Lantern"},{"floor":11,"key":"Blue Doll"},{"floor":22,"key":"CeramicFish"}],"event_choices":[{"damage_healed":0,"gold_gain":0,"player_choice":"Bought 0 Potions","damage_taken":0,"max_hp_gain":0,"max_hp_loss":0,"event_name":"The Woman in Blue","floor":4,"gold_loss":0}],"is_beta":false,"boss_relics":[{"not_picked":["Replay:Ancient Bell","Kintsugi"],"picked":"ReplayTheSpireMod:DimensionalGlitch"}],"items_purged_floors":[10,20],"is_endless":false,"potions_floor_spawned":[1,3,7,14,16,19,23],"killed_by":"Gremlin Leader","ascension_level":17}}