{"host":"78zdngn0u28jm0pp","time":1611457905,"event":{"mods":["BaseMod","Jorbs\u0027s Wanderer Trilogy","Minty Spire (QoL Compilation)","Permanent Neow","Quick Restart","Relic Stats","StSLib","Unceasing Turn Reminder"],"gold_per_floor":[109,34,34,49,64,64,91,101,155,155,188,204,224,241,241,318,318,330,348,348,8,26,51,51,51,74,74,103,122,147,147,147,222,222,239,68,68,83,8,41,41,41,41,51,61,90,90,110,110,110,110],"floor_reached":50,"language":"ENG","playtime":2819,"items_purged":["Pain"],"score":1269,"play_id":"40c7ce98-621e-40b1-8399-ba76d477f671","local_time":"20210123201145","is_ascension_mode":true,"campfire_choices":[{"data":"Phantasmal Killer","floor":6.0,"key":"SMITH"},{"floor":10.0,"key":"REST"},{"floor":15.0,"key":"REST"},{"data":"Crippling Poison","floor":25,"key":"SMITH"},{"data":"Malaise","floor":27,"key":"SMITH"},{"data":"Flechettes","floor":32,"key":"SMITH"},{"data":"Crippling Poison","floor":41,"key":"SMITH"},{"floor":47,"key":"RECALL"},{"data":"Malaise","floor":49,"key":"SMITH"}],"circlet_count":0,"master_deck":["AscendersBane","Survivor","Neutralize","Phantasmal Killer+1","All Out Attack","PiercingWail","Dagger Throw","Blade Dance","Backstab","Crippling Poison+1","Blade Dance","Malaise+1","CurseOfTheBell","Blade Dance","Backstab","Terror","Backstab","After Image+1","Tools of the Trade+1","Flechettes+1","Well Laid Plans+1","Ghostly","Ghostly","Ghostly","Malaise+1","Caltrops+1","Prepared","Terror","Outmaneuver","Well Laid Plans+1","Crippling Poison+1","Skewer","Infinite Blades+1","Footwork+1","After Image+1","Blur+1","Cloak And Dagger","Deflect+1","Backflip+1"],"relics":["Ring of the Snake","Frozen Egg 2","Bronze Scales","Strawberry","Calling Bell","Bag of Preparation","Singing Bowl","Incense Burner","Eternal Feather","StoneCalendar","Regal Pillow","Bottled Flame","Pandora\u0027s Box","DollysMirror","WarpedTongs","Matryoshka","Orichalcum","Oddly Smooth Stone","Anchor"],"acts_visited":["Exordium","TheCity","TheBeyond"],"potions_floor_usage":[16,23,28,29,40,46,50],"damage_taken":[{"damage":1.0,"enemies":"Small Slimes","floor":1.0,"turns":3.0},{"damage":5.0,"enemies":"2 Louse","floor":4.0,"turns":2.0},{"damage":1.0,"enemies":"Jaw Worm","floor":5.0,"turns":3.0},{"damage":29.0,"enemies":"Gremlin Nob","floor":7.0,"turns":4.0},{"damage":0.0,"enemies":"Lots of Slimes","floor":8.0,"turns":3.0},{"damage":5.0,"enemies":"3 Sentries","floor":11.0,"turns":6.0},{"damage":6.0,"enemies":"Large Slime","floor":12.0,"turns":5.0},{"damage":13.0,"enemies":"Exordium Thugs","floor":13.0,"turns":4.0},{"damage":8.0,"enemies":"3 Louse","floor":14.0,"turns":3.0},{"damage":42,"enemies":"Slime Boss","floor":16,"turns":11},{"damage":17,"enemies":"Shell Parasite","floor":18,"turns":7},{"damage":0,"enemies":"3 Byrds","floor":19,"turns":3},{"damage":10,"enemies":"Snake Plant","floor":22,"turns":4},{"damage":15,"enemies":"Book of Stabbing","floor":23,"turns":4},{"damage":8,"enemies":"Slavers","floor":28,"turns":5},{"damage":21,"enemies":"Snecko","floor":29,"turns":7},{"damage":30,"enemies":"Gremlin Leader","floor":30,"turns":6},{"damage":11,"enemies":"Champ","floor":33,"turns":12},{"damage":2,"enemies":"3 Shapes","floor":35,"turns":5},{"damage":0,"enemies":"3 Darklings","floor":38,"turns":5},{"damage":0,"enemies":"Nemesis","floor":40,"turns":7},{"damage":0,"enemies":"Jaw Worm Horde","floor":44,"turns":5},{"damage":6,"enemies":"Sphere and 2 Shapes","floor":45,"turns":7},{"damage":0,"enemies":"Reptomancer","floor":46,"turns":7},{"damage":0,"enemies":"Maw","floor":48,"turns":7},{"damage":52,"enemies":"Awakened One","floor":50,"turns":3}],"seed_played":"8575412484225799474","potions_obtained":[{"floor":5.0,"key":"Poison Potion"},{"floor":8.0,"key":"FairyPotion"},{"floor":12.0,"key":"FearPotion"},{"floor":13.0,"key":"Dexterity Potion"},{"floor":16,"key":"SkillPotion"},{"floor":22,"key":"Explosive Potion"},{"floor":28,"key":"Swift Potion"},{"floor":33,"key":"PowerPotion"},{"floor":35,"key":"LiquidBronze"},{"floor":42,"key":"CunningPotion"},{"floor":42,"key":"DuplicationPotion"},{"floor":48,"key":"Strength Potion"}],"is_trial":false,"path_per_floor":["M","?","?","M","M","R","E","M","T","R","E","M","M","M","R","B",null,"M","M","?","$","M","E","?","R","T","R","E","M","E","?","R","B",null,"M","$","?","M","$","E","R","?","T","M","M","E","R","M","R","B"],"character_chosen":"THE_SILENT","items_purchased":["Eternal Feather","Terror","DollysMirror"],"campfire_rested":2,"item_purchase_floors":[21,21,36],"current_hp_per_floor":[58,58,51,46,45,45,16,16,16,35,37,31,18,10,31,15,59,42,42,73,73,63,50,50,65,65,75,67,46,16,16,34,23,34,32,32,32,34,34,34,39,39,39,39,35,35,41,41,41,0,0],"gold":110,"neow_bonus":"ONE_RANDOM_RARE_CARD","is_daily":false,"chose_seed":false,"campfire_upgraded":6,"win_rate":0.0,"timestamp":1611457905,"path_taken":["M","?","?","M","M","R","E","M","T","R","E","M","?","M","R","BOSS","M","?","?","?","M","E","?","R","T","R","E","M","E","?","R","BOSS","M","$","?","M","?","E","R","?","T","M","?","E","R","M","R","BOSS"],"items_purchased_type":["Relic","Card","Relic"],"build_version":"2020-12-22","purchased_purges":1,"victory":false,"max_hp_per_floor":[66,66,66,66,66,66,66,66,66,66,73,73,73,73,73,73,73,73,73,73,73,73,75,75,75,75,75,75,75,75,37,37,37,37,37,37,37,39,39,39,39,39,39,39,41,41,41,41,41,41,41],"relic_stats":{"Regal Pillow":0,"Singing Bowl":6,"counters":[26,138],"Bronze Scales":[411],"Eternal Feather":54,"StoneCalendar":[103],"Pandora\u0027s Box":["Caltrops","Prepared","Terror","Outmaneuver","Well Laid Plans","Crippling Poison","Skewer","Infinite Blades"],"Bag of Preparation":[25],"Orichalcum":[0],"obtain_stats":[{"Regal Pillow":28,"Singing Bowl":17,"Oddly Smooth Stone":43,"Eternal Feather":21,"StoneCalendar":23,"Bag of Preparation":17,"Incense Burner":17,"Frozen Egg 2":7,"Orichalcum":43,"WarpedTongs":37,"Calling Bell":17,"Bottled Flame":30,"Anchor":46,"Matryoshka":40,"DollysMirror":36,"Bronze Scales":9,"Strawberry":11,"Pandora\u0027s Box":34,"Ring of the Snake":0},{"Regal Pillow":15,"Singing Bowl":10,"Oddly Smooth Stone":21,"Eternal Feather":12,"StoneCalendar":14,"Bag of Preparation":10,"Incense Burner":10,"Frozen Egg 2":4,"Orichalcum":21,"WarpedTongs":19,"Calling Bell":10,"Bottled Flame":17,"Anchor":24,"Matryoshka":21,"DollysMirror":19,"Bronze Scales":5,"Strawberry":6,"Pandora\u0027s Box":18,"Ring of the Snake":0},{"Regal Pillow":67,"Singing Bowl":44,"Oddly Smooth Stone":109,"Eternal Feather":54,"StoneCalendar":62,"Bag of Preparation":44,"Incense Burner":44,"Frozen Egg 2":12,"Orichalcum":109,"WarpedTongs":97,"Calling Bell":44,"Bottled Flame":80,"Anchor":128,"Matryoshka":109,"DollysMirror":97,"Bronze Scales":15,"Strawberry":21,"Pandora\u0027s Box":92,"Ring of the Snake":0}],"Ring of the Snake":[52],"WarpedTongs":[41]},"card_choices":[{"not_picked":["PiercingWail","Poisoned Stab"],"picked":"All Out Attack","floor":1.0},{"not_picked":["Underhanded Strike","Concentrate","Sucker Punch"],"picked":"SKIP","floor":4.0},{"not_picked":["Reflex","Concentrate"],"picked":"PiercingWail","floor":5.0},{"not_picked":["Poisoned Stab","Underhanded Strike"],"picked":"Skewer","floor":7.0},{"not_picked":["Slice","Poisoned Stab"],"picked":"Dagger Throw","floor":8.0},{"not_picked":["Escape Plan","Finisher"],"picked":"Blade Dance","floor":11.0},{"not_picked":["Deadly Poison","Unload"],"picked":"Backstab","floor":12.0},{"not_picked":["Blade Dance","PiercingWail"],"picked":"Crippling Poison","floor":13.0},{"not_picked":["Riddle With Holes","Bane"],"picked":"Blade Dance","floor":14.0},{"not_picked":["Night Terror","Doppelganger"],"picked":"Malaise","floor":16},{"not_picked":["PiercingWail","Prepared"],"picked":"Blade Dance","floor":18},{"not_picked":["Predator","Distraction"],"picked":"Backstab","floor":19},{"not_picked":["Quick Slash","Flying Knee"],"picked":"Backstab","floor":22},{"not_picked":["Deadly Poison","Concentrate","Blur"],"picked":"Singing Bowl","floor":23},{"not_picked":["PiercingWail","Endless Agony+1"],"picked":"Tools of the Trade+1","floor":28},{"not_picked":["Eviscerate","Dagger Spray"],"picked":"Flechettes","floor":29},{"not_picked":["Eviscerate","Terror"],"picked":"Well Laid Plans+1","floor":30},{"not_picked":["Adrenaline","Corpse Explosion"],"picked":"Malaise","floor":33},{"not_picked":["Dagger Throw","Dash+1"],"picked":"Footwork+1","floor":35},{"not_picked":["Infinite Blades+1","Deadly Poison","Cloak And Dagger"],"picked":"Singing Bowl","floor":38},{"not_picked":["Dagger Throw","Sucker Punch"],"picked":"Blur+1","floor":40},{"not_picked":["Deadly Poison","Blade Dance"],"picked":"Cloak And Dagger","floor":44},{"not_picked":["Unload","Poisoned Stab+1","Quick Slash+1"],"picked":"Singing Bowl","floor":45},{"not_picked":["Infinite Blades+1","Outmaneuver"],"picked":"Deflect+1","floor":46},{"not_picked":["Cloak And Dagger+1","Slice"],"picked":"Backflip+1","floor":48}],"player_experience":794307,"relics_obtained":[{"floor":7.0,"key":"Frozen Egg 2"},{"floor":9.0,"key":"Bronze Scales"},{"floor":11.0,"key":"Strawberry"},{"floor":17,"key":"Bag of Preparation"},{"floor":17,"key":"Singing Bowl"},{"floor":17,"key":"Incense Burner"},{"floor":23,"key":"StoneCalendar"},{"floor":28,"key":"Regal Pillow"},{"floor":30,"key":"Bottled Flame"},{"floor":40,"key":"Matryoshka"},{"floor":43,"key":"Orichalcum"},{"floor":43,"key":"Oddly Smooth Stone"},{"floor":46,"key":"Anchor"}],"event_choices":[{"cards_removed":["Strike_G"],"damage_healed":0.0,"max_hp_gain":0.0,"max_hp_loss":0.0,"gold_gain":0.0,"event_name":"The Cleric","player_choice":"Card Removal","floor":2.0,"gold_loss":75.0,"damage_taken":0.0},{"cards_removed":["Defend_G"],"damage_healed":0.0,"max_hp_gain":0.0,"max_hp_loss":0.0,"gold_gain":0.0,"event_name":"Golden Wing","player_choice":"Card Removal","floor":3.0,"gold_loss":0.0,"damage_taken":7.0},{"cards_removed":["Skewer"],"damage_healed":31,"gold_gain":0,"player_choice":"Offered Uncommon","damage_taken":0,"max_hp_gain":0,"max_hp_loss":0,"event_name":"Bonfire Elementals","floor":20,"gold_loss":0},{"damage_healed":0,"gold_gain":0,"player_choice":"Read","damage_taken":0,"max_hp_gain":0,"max_hp_loss":0,"event_name":"The Library","floor":24,"gold_loss":0,"cards_obtained":["After Image"]},{"damage_healed":0,"gold_gain":0,"player_choice":"Became a Ghost","damage_taken":0,"max_hp_gain":0,"max_hp_loss":38,"event_name":"Ghosts","floor":31,"gold_loss":0,"cards_obtained":["Ghostly","Ghostly","Ghostly"]},{"damage_healed":0,"gold_gain":0,"player_choice":"Rummage","damage_taken":0,"relics_obtained":["WarpedTongs"],"max_hp_gain":0,"max_hp_loss":0,"event_name":"Accursed Blacksmith","floor":37,"gold_loss":0,"cards_obtained":["Pain"]},{"damage_healed":0,"gold_gain":0,"player_choice":"Got Potions","damage_taken":0,"max_hp_gain":0,"max_hp_loss":0,"event_name":"Lab","floor":42,"gold_loss":0}],"is_beta":false,"boss_relics":[{"not_picked":["Ring of the Serpent","HoveringKite"],"picked":"Calling Bell"},{"not_picked":["Runic Pyramid","Busted Crown"],"picked":"Pandora\u0027s Box"}],"items_purged_floors":[39],"is_endless":false,"potions_floor_spawned":[5,8,12,13,16,22,28,33,35,44,48],"killed_by":"Awakened One","ascension_level":20}}