{"host":"njo8qgvy2a57fcny","time":1611464145,"event":{"mods":["Ascension Unlocker","Aspiration","BaseMod","BetterRewards","CCEM","Colored Map","Colored Powertips","Conspire","Custom Start","Downfall","Energized Spire","GifTheSpireLib","Halation","Hermit","Hubris","Infinite Spire","Jedi Mod","Jorbs\u0027s Wanderer Trilogy","Mimic Mod","Minty Spire (QoL Compilation)","Quick Restart","Random Character Button","Random Character Mod","Rare Cards Sparkle","Relic Sorter","Replay The Spire","Shop Mod","StSLib","Stuff the Spire","The Animator","The Jungle","The Runesmith","The Servant 0.9.4","Unceasing Turn Reminder","thorton","vexMod"],"gold_per_floor":[116,116,116,116,116,116,20,25,25,25,25,35,65,65,24,57,57,57,57],"floor_reached":18,"language":"ENG","playtime":892,"items_purged":[],"score":348,"play_id":"c3f87497-b821-4ae5-9cbf-a8ddd1a63ebd","local_time":"20210124155545","is_ascension_mode":true,"campfire_choices":[{"data":"Barrier","floor":9,"key":"SMITH"},{"data":"GearUp","floor":14,"key":"SMITH"},{"data":"Luminosity","floor":17,"key":"SMITH"}],"circlet_count":0,"master_deck":["AscendersBane","conspire:GhostlyStrike","conspire:GhostlyStrike","conspire:GhostlyStrike","conspire:GhostlyStrike","conspire:GhostlyDefend","conspire:GhostlyDefend","conspire:GhostlyDefend","conspire:GhostlyDefend","KidneyShot","Exchange","Barrier+1","Foresight","Ricochet","GearUp+1","Moonlight","InstantArmor","Luminosity+1","WasteNot"],"relics":["hexamod:SpiritBrand","hubris:Icosahedron","NeowsBlessing","hubris:Towel","aspiration:HummingbirdHeart","infinitespire:Cubic Diamond","CCEMRelics:GrapeVine","aspiration:TomeofQuesting","Tiny Chest"],"acts_visited":["Exordium"],"potions_floor_usage":[13,16,18],"damage_taken":[{"damage":3,"enemies":"conspire:RoseBush","floor":1,"turns":1},{"damage":0,"enemies":"Lagavulin","floor":8,"turns":1},{"damage":0,"enemies":"Small Slimes","floor":12,"turns":2},{"damage":6,"enemies":"Gremlin Nob","floor":13,"turns":4},{"damage":8,"enemies":"3 Sentries","floor":16,"turns":11},{"damage":38,"enemies":"Slime Boss","floor":18,"turns":9}],"seed_played":"7108052224354551429","potions_obtained":[{"floor":8,"key":"SpeedPotion"},{"floor":13,"key":"SkillPotion"}],"is_trial":false,"path_per_floor":["M","?","?","?","PTL","PTL","$","E","R","?","T","M","E","R","$","E","R","B"],"character_chosen":"THE_SERVANT","items_purchased":["Foresight","Ricochet","Luminosity"],"campfire_rested":0,"item_purchase_floors":[7,7,15],"current_hp_per_floor":[51,51,51,51,51,51,51,51,51,51,51,51,45,45,45,37,37,0,0],"gold":57,"neow_bonus":"THREE_ENEMY_KILL","is_daily":false,"chose_seed":false,"campfire_upgraded":3,"win_rate":0.0,"timestamp":1611464145,"path_taken":["M","?","?","?","PTL","PTL","$","E","R","?","T","?","E","R","?","E","R","BOSS"],"items_purchased_type":["Card","Card","Card"],"build_version":"2020-12-22","purchased_purges":0,"victory":false,"max_hp_per_floor":[60,60,60,60,60,60,60,60,60,60,60,60,60,60,60,60,60,60,60],"card_choices":[{"not_picked":["TimeWarp","FanOfKnives"],"picked":"Barrier","floor":1},{"not_picked":["FastForward","WasteNot"],"picked":"GearUp","floor":8},{"not_picked":["Starlight","TimeWarp"],"picked":"Moonlight","floor":12},{"not_picked":["BestPractice","FanOfKnives"],"picked":"InstantArmor","floor":13},{"not_picked":["Advance","Replace"],"picked":"WasteNot","floor":16}],"player_experience":680452,"relics_obtained":[{"floor":8,"key":"aspiration:HummingbirdHeart"},{"floor":11,"key":"CCEMRelics:GrapeVine"},{"floor":13,"key":"aspiration:TomeofQuesting"},{"floor":16,"key":"Tiny Chest"}],"event_choices":[{"damage_healed":0,"gold_gain":0,"player_choice":"Agree","damage_taken":0,"max_hp_gain":0,"max_hp_loss":0,"event_name":"conspire:LoneGhost","floor":3,"gold_loss":0}],"is_beta":false,"boss_relics":[],"items_purged_floors":[],"is_endless":false,"potions_floor_spawned":[8,13],"killed_by":"Slime Boss","ascension_level":20}}