{"host":"8p5c6x4qt9411139","time":1611526547,"event":{"mods":["BaseMod","Infinite Spire","Minty Spire (QoL Compilation)","Replay The Spire","Shop Mod","StSLib","The Animator"],"gold_per_floor":[115,115,115,134,185,185,4,37,63,63,63,63,78,153,173,173,173,268,268,280,379,379,379,392,418,418,418,437,437,455,489,505,505,518,518,518,613,613,633,836,847,847,916,916,578,628,651,678,737,737,809,883,9,9,133,133,161,161,191,191,213,94,94],"floor_reached":62,"language":"ENG","playtime":2841,"items_purged":["Regret","Voices","Overencumbered"],"score":1048,"play_id":"be725f9f-4c3f-4851-8715-c484a8c49c7e","local_time":"20210124141547","is_ascension_mode":false,"campfire_choices":[{"data":"ReplayTheSpireMod:LeadingStrike","floor":6.0,"key":"SMITH"},{"data":"infinitespire:OneForAll","floor":11.0,"key":"SMITH"},{"data":"Bash","floor":16.0,"key":"SMITH"},{"data":"Battle Trance","floor":17.0,"key":"SMITH"},{"floor":26.0,"key":"REST"},{"data":"ReplayTheSpireMod:??????????????????????","floor":33.0,"key":"SMITH"},{"floor":35.0,"key":"DIG"},{"data":"Pummel","floor":36.0,"key":"SMITH"},{"floor":44.0,"key":"REST"},{"data":"Demonic Infusion","floor":50.0,"key":"SMITH"},{"floor":54.0,"key":"DIG"}],"circlet_count":0,"master_deck":["Strike_R","Strike_R","Strike_R","Strike_R","Strike_R","Defend_R","Defend_R","Defend_R","Defend_R","Bash+1","Shrug It Off","ReplayTheSpireMod:LeadingStrike+1","ReplayTheSpireMod:Stacked+1","infinitespire:OneForAll+1","Pummel+1","Battle Trance+1","Exhume+1","ReplayTheSpireMod:??????????????????????+1","Combust","Pommel Strike+1","Iron Wave+1","infinitespire:Collect+1","Demonic Infusion+1","Hallucinations","Double Tap+1","Exhume+1","Delirium"],"relics":["Burning Blood","NeowsBlessing","Oddly Smooth Stone","Membership Card","Akabeko","Red Skull","Busted Crown","Red Mask","Boot","Bag of Preparation","infinitespire:FocusingShard","Shuriken","Centennial Puzzle","Replay:Ancient Bell","MealTicket","infinitespire:EmpoweringShard","Replay:Multitool","infinitespire:EvilPickle","Bag of Marbles","Omamori","Cauldron","Ring of Greed","Golden Idol","The Courier","ReplayTheSpireMod:Ring of Exchange","Art of War","Replay:Baseball","Replay:Accelerometer","Pet Ghost","infinitespire:Lucky Rock","Gremlin Horn","Replay:Mystery Machine","Letter Opener","Ornamental Fan","Replay:Bottled Snecko","ReplayTheSpireMod:Shallot","infinitespire:Beetle Shell","Guide Book"],"acts_visited":["Exordium","TheCity","TheBeyond","Exordium"],"potions_floor_usage":[],"damage_taken":[{"damage":0.0,"enemies":"2 Louse","floor":1.0,"turns":1.0},{"damage":0.0,"enemies":"Jaw Worm","floor":4.0,"turns":1.0},{"damage":0.0,"enemies":"3 Sentries","floor":8.0,"turns":1.0},{"damage":6.0,"enemies":"Cultist","floor":13.0,"turns":3.0},{"damage":0.0,"enemies":"Looter","floor":15.0,"turns":1.0},{"damage":20.0,"enemies":"Slime Boss","floor":18.0,"turns":11.0},{"damage":14.0,"enemies":"2 Thieves","floor":20.0,"turns":3.0},{"damage":17.0,"enemies":"3 Byrds","floor":24.0,"turns":4.0},{"damage":28.0,"enemies":"Slavers","floor":25.0,"turns":4.0},{"damage":0.0,"enemies":"Snecko","floor":28.0,"turns":2.0},{"damage":2.0,"enemies":"Chosen and Byrds","floor":30.0,"turns":3.0},{"damage":10.0,"enemies":"Nightmare","floor":31.0,"turns":4.0},{"damage":0.0,"enemies":"Centurion and Healer","floor":32.0,"turns":2.0},{"damage":11.0,"enemies":"Snake Plant","floor":34.0,"turns":3.0},{"damage":63.0,"enemies":"Pondfish","floor":37.0,"turns":11.0},{"damage":18.0,"enemies":"Orb Walker","floor":39.0,"turns":2.0},{"damage":45.0,"enemies":"3 Shapes","floor":41.0,"turns":3.0},{"damage":7.0,"enemies":"Sphere and 2 Shapes","floor":43.0,"turns":3.0},{"damage":0.0,"enemies":"Spire Growth","floor":49.0,"turns":1.0},{"damage":1.0,"enemies":"4 Shapes","floor":51.0,"turns":2.0},{"damage":1.0,"enemies":"Sphere and 2 Shapes","floor":52.0,"turns":2.0},{"damage":38.0,"enemies":"Donu and Deca","floor":55.0,"turns":5.0},{"damage":0.0,"enemies":"Jaw Worm","floor":57.0,"turns":1.0},{"damage":0.0,"enemies":"Cultist","floor":59.0,"turns":1.0},{"damage":0.0,"enemies":"2 Louse","floor":61.0,"turns":1.0},{"damage":93,"enemies":"Nightmare","floor":62,"turns":4}],"seed_played":"-4109382132194865649","potions_obtained":[{"floor":1.0,"key":"Toxic Potion"},{"floor":8.0,"key":"Fire Potion"},{"floor":18.0,"key":"Toxic Potion"},{"floor":24.0,"key":"Fire Potion"},{"floor":30.0,"key":"Adrenaline Potion"},{"floor":31.0,"key":"Dexterity Potion"},{"floor":41.0,"key":"SpeedPotion"},{"floor":45.0,"key":"Cursed Concoction"},{"floor":45.0,"key":"Explosive Potion"},{"floor":45.0,"key":"ColorlessPotion"}],"is_trial":false,"path_per_floor":["M","?","?","M","T","R","$","E","T","T","R","$","M","?","M","R","R","B",null,"M","?","?","?","M","E","R","?","M","T","M","NM","M","R","M","R","R","B",null,"M","?","M","AVR","M","R","$","R","T","T","M","R","M","M","$","R","B",null,"M","?","M","?","M","NM"],"character_chosen":"IRONCLAD","items_purchased":["Membership Card","ReplayTheSpireMod:Stacked+1","Bag of Marbles","Omamori","Demonic Infusion","Cauldron","Replay:Accelerometer","Pet Ghost","infinitespire:Lucky Rock","Gremlin Horn","Replay:Mystery Machine","Letter Opener","Ornamental Fan","Replay:Bottled Snecko","ReplayTheSpireMod:Shallot","Double Tap+1"],"campfire_rested":2,"item_purchase_floors":[7,7,45,45,45,45,53,53,53,53,53,53,53,53,53,53],"current_hp_per_floor":[80,85,85,85,85,85,85,85,85,85,85,85,85,74,80,80,80,66,85,77,77,77,77,66,44,69,69,75,75,79,75,81,81,76,76,76,19,85,73,52,13,13,12,37,52,52,52,52,58,58,63,68,83,83,51,85,85,85,85,85,85,0,0],"gold":94,"neow_bonus":"THREE_ENEMY_KILL","is_daily":false,"chose_seed":false,"campfire_upgraded":7,"win_rate":0.0,"timestamp":1611526547,"path_taken":["M","?","?","M","?","R","$","E","T","T","R","$","?","?","M","R","R","BOSS","M","?","?","?","M","E","R","?","M","T","?","NM","M","R","M","R","R","BOSS","M","?","?","AVR","?","R","?","R","T","T","M","R","?","M","$","R","BOSS","M","?","?","?","M","NM"],"items_purchased_type":["Relic","Card","Relic","Relic","Card","Relic","Relic","Relic","Relic","Relic","Relic","Relic","Relic","Relic","Relic","Card"],"build_version":"2020-12-22","purchased_purges":3,"victory":false,"max_hp_per_floor":[80,85,85,85,85,85,85,85,85,85,85,85,85,85,85,85,85,85,85,85,85,85,85,85,85,85,85,85,85,85,85,85,85,85,85,85,85,85,85,85,85,85,85,85,85,85,85,85,85,85,85,85,85,85,85,85,85,85,85,85,85,85,85],"card_choices":[{"not_picked":["Abandon","Twin Strike"],"picked":"Shrug It Off","floor":1.0},{"not_picked":["Twin Strike","Flex"],"picked":"ReplayTheSpireMod:LeadingStrike","floor":4.0},{"not_picked":["True Grit","Pommel Strike"],"picked":"infinitespire:OneForAll","floor":8.0},{"not_picked":["Twin Strike","Clothesline"],"picked":"Pummel","floor":13.0},{"not_picked":["Disarm","Anger"],"picked":"Battle Trance","floor":15.0},{"not_picked":["Reaper","Juggernaut"],"picked":"Exhume","floor":18.0},{"not_picked":["Armaments"],"picked":"SKIP","floor":20.0},{"not_picked":["ReplayTheSpireMod:Black Plague","Replay:Fractal Strike"],"picked":"ReplayTheSpireMod:??????????????????????","floor":22.0},{"not_picked":["Cleave+1"],"picked":"SKIP","floor":24.0},{"not_picked":[],"picked":"Combust","floor":25.0},{"not_picked":["Clothesline"],"picked":"SKIP","floor":28.0},{"not_picked":["Sword Boomerang+1"],"picked":"SKIP","floor":30.0},{"not_picked":[],"picked":"Pommel Strike+1","floor":31.0},{"not_picked":["Warcry"],"picked":"SKIP","floor":32.0},{"not_picked":["Clash+1"],"picked":"SKIP","floor":34.0},{"not_picked":[],"picked":"Regret","floor":38.0},{"not_picked":[],"picked":"Voices","floor":38.0},{"not_picked":[],"picked":"Overencumbered","floor":38.0},{"not_picked":["Pommel Strike"],"picked":"SKIP","floor":39.0},{"not_picked":[],"picked":"Iron Wave+1","floor":40.0},{"not_picked":["Disarm"],"picked":"SKIP","floor":41.0},{"not_picked":["Body Slam"],"picked":"SKIP","floor":43.0},{"not_picked":["Burning Pact+1"],"picked":"SKIP","floor":49.0},{"not_picked":["True Grit"],"picked":"SKIP","floor":51.0},{"not_picked":["ReplayTheSpireMod:Strike From Hell+1"],"picked":"SKIP","floor":52.0},{"not_picked":[],"picked":"Exhume","floor":55.0},{"not_picked":["Power Through"],"picked":"SKIP","floor":57.0},{"not_picked":["Armaments"],"picked":"SKIP","floor":59.0},{"not_picked":["ReplayTheSpireMod:Corrosion Curse"],"picked":"SKIP","floor":61.0}],"player_experience":387984,"relics_obtained":[{"floor":5.0,"key":"Oddly Smooth Stone"},{"floor":8.0,"key":"Gambling Chip"},{"floor":9.0,"key":"Akabeko"},{"floor":10.0,"key":"Red Skull"},{"floor":22.0,"key":"Red Mask"},{"floor":25.0,"key":"Boot"},{"floor":29.0,"key":"infinitespire:FocusingShard"},{"floor":31.0,"key":"Shuriken"},{"floor":35.0,"key":"Centennial Puzzle"},{"floor":46.0,"key":"Ring of Greed"},{"floor":46.0,"key":"Golden Idol"},{"floor":46.0,"key":"The Courier"},{"floor":46.0,"key":"ReplayTheSpireMod:Ring of Exchange"},{"floor":47.0,"key":"Art of War"},{"floor":48.0,"key":"Replay:Baseball"},{"floor":54.0,"key":"infinitespire:Beetle Shell"}],"event_choices":[{"damage_healed":0.0,"max_hp_gain":5.0,"max_hp_loss":0.0,"gold_gain":0.0,"event_name":"Big Fish","player_choice":"Donut","floor":2.0,"gold_loss":0.0,"damage_taken":0.0},{"damage_healed":0.0,"max_hp_gain":0.0,"max_hp_loss":0.0,"gold_gain":75.0,"event_name":"World of Goop","player_choice":"Gather Gold","floor":14.0,"gold_loss":0.0,"damage_taken":11.0},{"damage_healed":0.0,"max_hp_gain":0.0,"max_hp_loss":0.0,"gold_gain":99.0,"event_name":"Nest","player_choice":"Stole From Cult","floor":21.0,"gold_loss":0.0,"damage_taken":0.0},{"damage_healed":0.0,"max_hp_gain":0.0,"max_hp_loss":0.0,"gold_gain":0.0,"event_name":"Ghosts","player_choice":"Ignored","floor":23.0,"gold_loss":0.0,"damage_taken":0.0},{"damage_healed":0.0,"max_hp_gain":0.0,"max_hp_loss":0.0,"gold_gain":0.0,"event_name":"The Mausoleum","player_choice":"Opened","floor":27.0,"gold_loss":0.0,"damage_taken":0.0,"relics_obtained":["Bag of Preparation"]},{"damage_healed":0.0,"max_hp_gain":0.0,"max_hp_loss":0.0,"gold_gain":0.0,"event_name":"Accursed Blacksmith","player_choice":"Forge","floor":58.0,"gold_loss":0.0,"damage_taken":0.0,"cards_upgraded":["infinitespire:Collect"]}],"is_beta":false,"boss_relics":[{"not_picked":["Electric Blood","Calling Bell"],"picked":"Busted Crown"},{"not_picked":["Painkiller Herb","Runic Dome"],"picked":"Replay:Ancient Bell"},{"not_picked":["Nunchaku","CeramicFish"],"picked":"MealTicket"},{"not_picked":["Toxic Egg 2","Pear"],"picked":"infinitespire:EmpoweringShard"},{"not_picked":["Magic Flower","Lizard Tail"],"picked":"Replay:Multitool"},{"not_picked":["Black Star","PrismaticShard"],"picked":"Guide Book"}],"items_purged_floors":[42,45,53],"is_endless":true,"potions_floor_spawned":[1,8,18,24,30,31,34,41,49,52,57],"killed_by":"Nightmare","ascension_level":0}}