{"host":"5s7sm4h73jkd9266","time":1611489559,"event":{"mods":["AchievementEnabler","Bartender","BaseMod","Better Vampires","BetterRewards","Colored Map","Colored Powertips","Conspire","Downfall","Energized Spire","Hermit","Hubris","Magitek Elite","Minty Spire (QoL Compilation)","Potion Indicator Mod","Rare Cards Sparkle","Shop Mod","StSLib","The Blue Laboratory","The Necromancer","The Witch","Virulent Crown","everything is the same but u backflip on backflip","slay the spire mod where everything is the same but ironclad has a cowboy hat","vexMod"],"gold_per_floor":[118,118,134,34,95,162,179,179,179,202,102,121,143,318,318,432,432,469,419,453,21,52,52,52],"floor_reached":23,"language":"ENG","playtime":2384,"items_purged":["conspire:Blindness"],"score":193,"play_id":"a77a8b6d-69fb-4253-a579-e505a8b150ed","local_time":"20210124065919","is_ascension_mode":false,"campfire_choices":[{"floor":8.0,"key":"REST"},{"floor":15.0,"key":"REST"}],"circlet_count":0,"master_deck":["Strike_B","Strike_B","Strike_B","Strike_B+1","Defend_B","Defend_B","Defend_B","Defend_B","Zap","Dualcast","Self Repair","Defragment","Apotheosis","Glacier","Defragment","Ball Lightning","Darkness","conspire:SpireCoStock","conspire:SpireCoStock","Ball Lightning+1","Scrape","Glacier","Ghostly","Gash","Leap","All For One","Defragment","Conserve Battery","White Noise","Cold Snap","Creative AI","Loop+1"],"relics":["Cracked Core","hubris:BallOfYels","Membership Card","Omamori","Whetstone","vexMod:BerryBomb","Inserter","conspire:Flyswatter","Medical Kit","Matryoshka"],"acts_visited":["Exordium","TheCity"],"potions_floor_usage":[22,22],"damage_taken":[{"damage":0.0,"enemies":"Jaw Worm","floor":1.0,"turns":4.0},{"damage":0.0,"enemies":"2 Louse","floor":3.0,"turns":2.0},{"damage":6.0,"enemies":"Cultist","floor":5.0,"turns":4.0},{"damage":28.0,"enemies":"3 Sentries","floor":6.0,"turns":7.0},{"damage":10.0,"enemies":"Exordium Thugs","floor":7.0,"turns":4.0},{"damage":1.0,"enemies":"Looter","floor":12.0,"turns":3.0},{"damage":0.0,"enemies":"Blue Slaver","floor":13.0,"turns":4.0},{"damage":35.0,"enemies":"Slime Boss","floor":16.0,"turns":12.0},{"damage":35.0,"enemies":"2 Thieves","floor":18.0,"turns":4.0},{"damage":12,"enemies":"Spheric Guardian","floor":20,"turns":5},{"damage":26,"enemies":"Chosen and Byrds","floor":22,"turns":7},{"damage":40,"enemies":"Book of Stabbing","floor":23,"turns":9}],"seed_played":"-1690456891565555408","potions_obtained":[{"floor":3.0,"key":"blueLaboratory:HeartbeatPotion"},{"floor":5.0,"key":"blueLaboratory:BottledHope"},{"floor":12.0,"key":"blueLaboratory:TrueEctoplasm"},{"floor":16.0,"key":"blueLaboratory:BubblePotion"}],"is_trial":false,"path_per_floor":["M","?","M","?","M","E","M","R","T","T","?","M","M","?","R","B",null,"M","?","M","$","M","E"],"character_chosen":"DEFECT","items_purchased":["hubris:BallOfYels","Self Repair","Membership Card","Defragment","Apotheosis","Glacier","Defragment","conspire:Flyswatter","Medical Kit","Matryoshka","White Noise","Cold Snap","Creative AI"],"campfire_rested":2,"item_purchase_floors":[0,0,0,0,0,0,0,21,21,21,21,21,21],"current_hp_per_floor":[47,35,35,35,39,11,8,30,36,36,36,35,45,45,69,41,81,56,56,54,54,35,0,0],"gold":52,"neow_bonus":"","is_daily":false,"chose_seed":false,"campfire_upgraded":0,"win_rate":0.0,"timestamp":1611489559,"path_taken":["M","?","M","?","M","E","?","R","T","?","?","M","M","?","R","BOSS","M","?","M","?","M","E"],"items_purchased_type":["Relic","Card","Relic","Card","Card","Card","Card","Relic","Relic","Relic","Card","Card","Card"],"build_version":"2020-12-22","purchased_purges":1,"victory":false,"max_hp_per_floor":[75,75,75,75,75,75,75,75,81,81,81,81,81,81,81,81,81,81,81,81,81,81,81,81],"card_choices":[{"not_picked":["Turbo","Barrage"],"picked":"Ball Lightning","floor":1.0},{"not_picked":["Conserve Battery","Sweeping Beam"],"picked":"Darkness","floor":3.0},{"not_picked":["Conserve Battery","Streamline"],"picked":"Ball Lightning","floor":5.0},{"not_picked":["Rip and Tear","Compile Driver"],"picked":"Scrape","floor":6.0},{"not_picked":["Double Energy","Ball Lightning"],"picked":"Glacier","floor":7.0},{"not_picked":["hubris:PowerSurge","Beam Cell"],"picked":"Gash","floor":12.0},{"not_picked":["hubris:SpecializedCircuitry","Go for the Eyes"],"picked":"Leap","floor":13.0},{"not_picked":["Amplify","Hyperbeam"],"picked":"All For One","floor":16.0},{"not_picked":["Conserve Battery","Redo"],"picked":"Defragment","floor":18.0},{"not_picked":["Turbo","Scrape+1"],"picked":"Conserve Battery","floor":20},{"not_picked":["Beam Cell","conspire:SharedLibrary"],"picked":"Loop+1","floor":22}],"player_experience":5493943,"relics_obtained":[{"floor":6.0,"key":"Whetstone"},{"floor":9.0,"key":"vexMod:BerryBomb"}],"event_choices":[{"damage_healed":0.0,"max_hp_gain":0.0,"max_hp_loss":0.0,"gold_gain":0.0,"event_name":"Scrap Ooze","player_choice":"Success","floor":2.0,"gold_loss":0.0,"damage_taken":12.0,"relics_obtained":["Omamori"]},{"damage_healed":0.0,"max_hp_gain":0.0,"max_hp_loss":0.0,"gold_gain":0.0,"event_name":"conspire:Investor","player_choice":"Invest 2","floor":4.0,"gold_loss":0.0,"damage_taken":0.0},{"damage_healed":0.0,"max_hp_gain":0.0,"max_hp_loss":0.0,"gold_gain":0.0,"event_name":"conspire:LoneGhost","player_choice":"Argue","floor":11.0,"gold_loss":0.0,"damage_taken":0.0},{"damage_healed":0.0,"max_hp_gain":0.0,"max_hp_loss":0.0,"gold_gain":175.0,"event_name":"Liars Game","player_choice":"AGREE","floor":14.0,"gold_loss":0.0,"damage_taken":0.0,"cards_obtained":["Doubt"]},{"damage_healed":0,"gold_gain":0,"player_choice":"Bet on Owner","damage_taken":0,"max_hp_gain":0,"max_hp_loss":0,"event_name":"The Joust","floor":19,"gold_loss":50}],"is_beta":false,"boss_relics":[{"not_picked":["Astrolabe","Ectoplasm"],"picked":"Inserter"}],"items_purged_floors":[0],"is_endless":false,"potions_floor_spawned":[3,5,12,16],"killed_by":"Book of Stabbing","ascension_level":0}}