{"host":"e5rkqgceakcp3dm7","time":1611509995,"event":{"mods":["A Magickal Journey","Act Like it!","Arknights The Spire","BaseMod","Better Vampires","Gensokyo","Hallownest","Lobotomy","LobotomyExtend","Minty Spire (QoL Compilation)","Remilia£®¿Ÿ√◊¿Ú—«£©","StSLib","The Bug Knight","The Wild Card","Youmu£®ªÍ∆«—˝√Œ£©"],"gold_per_floor":[119,133,148,78,3,3,20,20,20,46,56,84,99,11,11,110,110,128,128,144,144,160,191,191,210,210,225,243,277,277,277],"floor_reached":13,"language":"ZHS","playtime":3248,"items_purged":["ats:Strike C"],"score":154,"play_id":"c5cc41fc-b5eb-46e0-9bf2-d3178e78a5eb","local_time":"20210125013955","is_ascension_mode":false,"campfire_choices":[{"data":"ats:Emotion Absorption","floor":6,"key":"SMITH"},{"data":"ats:Blood Oath","floor":8,"key":"SMITH"},{"floor":15,"key":"REST"},{"data":"ats:Roar Of Ursus","floor":7,"key":"SMITH"}],"circlet_count":0,"master_deck":["ats:Strike G","ats:Strike S+1","ats:Strike V","ats:Armor Crushing Shot+1","ats:Defend","ats:Defend","ats:Defend+1","ats:Emotion Absorption+1","ats:Composite Medical Shells","SpiderBud","ats:Assault Order+1","ats:Closed Bolt Burst Fire","ats:Blood Oath+1","CrumblingArmor","ats:Serious Mode","ats:Hook Shot","ats:Literary Storm","ats:Healing Strengthening","ats:Revitalization","ats:Disruption Kick","ShyLook","ats:Roar Of Ursus+1","MeatLantern","ats:Closed Bolt Burst Fire","Laetitia","ats:Hammer On","CherryBlossoms","ats:Magnetic Hammer","Freischutz","ats:Magnetic Hammer","PunishingBird"],"relics":["ats:Sanity","CogitoBucket","ats:Originium","Singing Bowl","LuminousBracelet","Whetstone","Philosopher\u0027s Stone","LetterFromLob","BehaviorAdjustment","Letter Opener","HollowMod:LifeEnderRelic","AtMidnight","Smiling Mask"],"acts_visited":["Exordium","Gensokyo:Gensokyo"],"potions_floor_usage":[12,13,3,3,3,3,3,3,3,3,11,12],"damage_taken":[{"damage":0,"enemies":"Gensokyo:3_Fairies","floor":1,"turns":4},{"damage":6,"enemies":"Gensokyo:2_Kodama","floor":2,"turns":4},{"damage":10,"enemies":"Gensokyo:Gryphon","floor":3,"turns":5},{"damage":8,"enemies":"Gensokyo:VengefulSpirit","floor":7,"turns":5},{"damage":18,"enemies":"Gensokyo:Cirno","floor":10,"turns":7},{"damage":23,"enemies":"Gensokyo:LivingMonolith","floor":11,"turns":4},{"damage":28,"enemies":"Gensokyo:Cirno","floor":12,"turns":5},{"damage":14,"enemies":"Gensokyo:Kitsune","floor":13,"turns":2},{"damage":47,"enemies":"Gensokyo:Reimu","floor":16,"turns":8},{"damage":18,"enemies":"2 Louse","floor":1,"turns":3},{"damage":41,"enemies":"Cultist","floor":3,"turns":7},{"damage":13,"enemies":"Jaw Worm","floor":5,"turns":3},{"damage":14,"enemies":"HollowMod:MossKnight","floor":6,"turns":5},{"damage":13,"enemies":"Exordium Wildlife","floor":8,"turns":2},{"damage":0,"enemies":"Gremlin Gang","floor":10,"turns":3},{"damage":237,"enemies":"3 Louse","floor":11,"turns":17},{"damage":14,"enemies":"3 Sentries","floor":12,"turns":4},{"damage":114,"enemies":"Exordium Thugs","floor":13,"turns":4}],"seed_played":"1593438388389567272","potions_obtained":[{"floor":3,"key":"GamblersBrew"},{"floor":7,"key":"SpeedPotion"},{"floor":11,"key":"EntropicBrew"},{"floor":13,"key":"Fire Potion"},{"floor":16,"key":"Explosive Potion"},{"floor":1,"key":"Ancient Potion"},{"floor":8,"key":"DistilledChaos"},{"floor":11,"key":"DistilledChaos"},{"floor":12,"key":"ats:Top Emergency Sanity Potion"}],"is_trial":false,"path_per_floor":["M","M","M","?","$","R","M","R","T","?","M","E","M","$","R","B",null,"M","M","?","M","?","M","E","R","M","T","M","M","E","M"],"character_chosen":"DOCTOR_CLASS","items_purchased":["ats:Healing Strengthening","ats:Revitalization"],"campfire_rested":1,"item_purchase_floors":[14,14],"current_hp_per_floor":[72,66,56,56,56,56,48,48,48,45,47,41,27,27,53,26,89,84,84,88,88,78,82,82,69,69,77,95,95,0,0],"gold":277,"neow_bonus":"","is_daily":false,"chose_seed":false,"campfire_upgraded":3,"win_rate":0.0,"timestamp":1611509995,"path_taken":["M","M","M","?","?","R","?","R","T","?","M","E","M","$","R","BOSS","M","M","?","?","?","M","E","R","M","T","M","M","E","M"],"items_purchased_type":["Card","Card"],"build_version":"2020-12-22","purchased_purges":1,"victory":false,"max_hp_per_floor":[72,72,72,72,72,72,72,72,72,72,87,89,89,89,89,89,89,91,91,91,91,91,93,93,93,93,93,95,95,95,95],"card_choices":[{"not_picked":["ats:Ignite","ats:Revitalization"],"picked":"ats:Composite Medical Shells","floor":1},{"not_picked":["OSAHOGD","UniverseFragment"],"picked":"SpiderBud","floor":1},{"not_picked":["ats:Wolf Pack","ats:Closed Bolt Burst Fire"],"picked":"ats:Assault Order","floor":2},{"not_picked":["ats:Rapid Magazine","ats:Thermite Blade"],"picked":"ats:Closed Bolt Burst Fire","floor":3},{"not_picked":["Murderer","PunishingBird","CENSORED"],"picked":"Singing Bowl","floor":3},{"not_picked":["ats:Hammer On","ats:Explosion Area Strengthen"],"picked":"ats:Blood Oath","floor":7},{"not_picked":["Yin","UniverseFragment"],"picked":"CrumblingArmor","floor":7},{"not_picked":["ats:Absolute Focus","ats:Red Shift"],"picked":"ats:Serious Mode","floor":10},{"not_picked":["ats:Explosion Area Strengthen","ats:Absolute Focus"],"picked":"ats:Hook Shot","floor":11},{"not_picked":["ats:Mental Burst","ats:Demon Strength","ats:Very Hot Blade"],"picked":"Singing Bowl","floor":12},{"not_picked":["ats:Hook Shot","ats:Guardian Obelisk"],"picked":"ats:Literary Storm","floor":13},{"not_picked":["ats:Volcano","ats:Calcification"],"picked":"ats:Disruption Kick","floor":16},{"not_picked":["Alriune","BlackSwan"],"picked":"ShyLook","floor":16},{"not_picked":["ats:Closed Bolt Burst Fire","ats:Powerful Strike","ats:Burning Ground"],"picked":"Singing Bowl","floor":1},{"not_picked":["ats:Flexible Camouflage","ats:Cat Scratch"],"picked":"ats:Roar Of Ursus","floor":3},{"not_picked":["RedShoes","GalaxyChild"],"picked":"MeatLantern","floor":3},{"not_picked":["ats:Sunburst","ats:Chain Hook"],"picked":"ats:Closed Bolt Burst Fire","floor":5},{"not_picked":["ats:Leaping Hammer","ats:Durian","ats:Powerful Strike"],"picked":"Singing Bowl","floor":6},{"not_picked":["MHz","FairyFestival"],"picked":"Laetitia","floor":6},{"not_picked":["ats:Healing Strengthening","ats:Assault Order"],"picked":"ats:Hammer On","floor":8},{"not_picked":["FairyFestival","PunishingBird"],"picked":"CherryBlossoms","floor":8},{"not_picked":["ats:Shell Defense","ats:Explosion Area Strengthen"],"picked":"ats:Magnetic Hammer","floor":10},{"not_picked":["ats:Apocalypse","ats:Flexible Camouflage","ats:Flame Of Heaven"],"picked":"Singing Bowl","floor":11},{"not_picked":["Rudolta","UniverseFragment"],"picked":"Freischutz","floor":11},{"not_picked":["ats:Counter Healing Mode","ats:Nebulous Foxfire"],"picked":"ats:Magnetic Hammer","floor":12},{"not_picked":["OldLady","Wellcheers"],"picked":"PunishingBird","floor":12}],"player_experience":190677,"relics_obtained":[{"floor":1,"key":"LetterFromLob"},{"floor":10,"key":"ats:Originium"},{"floor":10,"key":"Singing Bowl"},{"floor":12,"key":"ats:Originium"},{"floor":12,"key":"Whetstone"},{"floor":1,"key":"LetterFromLob"},{"floor":6,"key":"ats:Originium"},{"floor":6,"key":"Letter Opener"},{"floor":9,"key":"HollowMod:LifeEnderRelic"},{"floor":11,"key":"AtMidnight"},{"floor":12,"key":"ats:Originium"},{"floor":12,"key":"Smiling Mask"}],"event_choices":[{"cards_removed":["ats:Defend"],"damage_healed":0,"gold_gain":0,"player_choice":"Offered Basic","damage_taken":0,"max_hp_gain":0,"max_hp_loss":0,"event_name":"Bonfire Elementals","floor":2,"gold_loss":0}],"is_beta":false,"boss_relics":[{"not_picked":["Tiny House","Empty Cage"],"picked":"Philosopher\u0027s Stone"}],"items_purged_floors":[5],"is_endless":false,"potions_floor_spawned":[3,7,11,13,16,1,8,11,12],"killed_by":"Exordium Thugs","ascension_level":0}}