{"host":"v0dnu0zs4qo0v13s","time":1611522474,"event":{"mods":["BaseMod","Colored Map","Colored Powertips","Minty Spire (QoL Compilation)","Relic Stats","StSLib","SuperFastMode","everything is the same but u backflip on backflip"],"gold_per_floor":[112,112,122,47,63,89,105,105,129,155,155,155,169,186,186,284,284,303,126,146,157,171,171,196,196,271,284,384,384,412,426,426,530,530,549,569,358,377,428,458,458,508,508,15,26,45,78,98,98,98],"floor_reached":51,"language":"ENG","playtime":4321,"items_purged":["Strike_B","Strike_B","Strike_B","Defend_B"],"score":1203,"play_id":"d26a5f83-6d92-4f20-9595-c454bcf51182","local_time":"20210124160754","is_ascension_mode":true,"campfire_choices":[{"floor":8.0,"key":"REST"},{"floor":12.0,"key":"REST"},{"data":"Sunder","floor":15.0,"key":"SMITH"},{"data":"Electrodynamics","floor":23.0,"key":"SMITH"},{"floor":25.0,"key":"REST"},{"floor":32.0,"key":"REST"},{"floor":41.0,"key":"REST"},{"data":"Buffer","floor":49.0,"key":"SMITH"}],"circlet_count":0,"master_deck":["Defend_B","Defend_B","Defend_B","Zap","Dualcast","Sweeping Beam","Ball Lightning","Sunder+1","Streamline","Seek","Coolheaded","Electrodynamics+1","Biased Cognition","Double Energy","Conserve Battery","Blizzard","Core Surge+1","Reinforced Body","Decay","Undo","Buffer+1","Capacitor","Bandage Up","Glacier+1","Recycle","Stack","Heatsinks+1","Defragment","White Noise"],"relics":["Velvet Choker","Lantern","Toy Ornithopter","Regal Pillow","Nunchaku","Snecko Eye","Shuriken","Molten Egg 2","Girya","Bottled Flame","Emotion Chip","Philosopher\u0027s Stone","Dead Branch","Symbiotic Virus","Turnip","Gremlin Horn","Frozen Egg 2"],"acts_visited":["Exordium","TheCity","TheBeyond"],"potions_floor_usage":[50,50],"damage_taken":[{"damage":0.0,"enemies":"Small Slimes","floor":1.0,"turns":4.0},{"damage":1.0,"enemies":"Cultist","floor":3.0,"turns":3.0},{"damage":4.0,"enemies":"Jaw Worm","floor":5.0,"turns":3.0},{"damage":25.0,"enemies":"3 Sentries","floor":6.0,"turns":8.0},{"damage":0.0,"enemies":"2 Fungi Beasts","floor":7.0,"turns":1.0},{"damage":30.0,"enemies":"Lagavulin","floor":10.0,"turns":5.0},{"damage":8.0,"enemies":"Blue Slaver","floor":13.0,"turns":2.0},{"damage":2.0,"enemies":"Exordium Thugs","floor":14.0,"turns":3.0},{"damage":18.0,"enemies":"The Guardian","floor":16.0,"turns":13.0},{"damage":10.0,"enemies":"Chosen","floor":18.0,"turns":3.0},{"damage":6.0,"enemies":"Spheric Guardian","floor":20.0,"turns":3.0},{"damage":0.0,"enemies":"3 Cultists","floor":21.0,"turns":2.0},{"damage":5.0,"enemies":"Chosen and Byrds","floor":22.0,"turns":4.0},{"damage":37.0,"enemies":"Slavers","floor":24.0,"turns":4.0},{"damage":0.0,"enemies":"Snake Plant","floor":27.0,"turns":2.0},{"damage":18.0,"enemies":"Colosseum Slavers","floor":28.0,"turns":3.0},{"damage":35.0,"enemies":"Colosseum Nobs","floor":28.0,"turns":4.0},{"damage":16.0,"enemies":"Book of Stabbing","floor":30.0,"turns":4.0},{"damage":11.0,"enemies":"Snecko","floor":31.0,"turns":4.0},{"damage":13.0,"enemies":"Automaton","floor":33.0,"turns":6.0},{"damage":20.0,"enemies":"3 Darklings","floor":35.0,"turns":4.0},{"damage":3.0,"enemies":"Orb Walker","floor":36.0,"turns":3.0},{"damage":0.0,"enemies":"Jaw Worm Horde","floor":38.0,"turns":3.0},{"damage":61.0,"enemies":"2 Orb Walkers","floor":39.0,"turns":4.0},{"damage":10.0,"enemies":"Nemesis","floor":40.0,"turns":9.0},{"damage":4.0,"enemies":"Mind Bloom Boss Battle","floor":42.0,"turns":6.0},{"damage":7.0,"enemies":"Spire Growth","floor":45.0,"turns":4.0},{"damage":4.0,"enemies":"3 Darklings","floor":46.0,"turns":2.0},{"damage":0.0,"enemies":"Reptomancer","floor":47.0,"turns":6.0},{"damage":14.0,"enemies":"Jaw Worm Horde","floor":48.0,"turns":4.0},{"damage":44,"enemies":"Time Eater","floor":50,"turns":14}],"seed_played":"-5393652147303466961","potions_obtained":[{"floor":3.0,"key":"PotionOfCapacity"},{"floor":5.0,"key":"SkillPotion"},{"floor":10.0,"key":"ColorlessPotion"},{"floor":13.0,"key":"CultistPotion"},{"floor":20.0,"key":"Weak Potion"},{"floor":22.0,"key":"FairyPotion"},{"floor":28.0,"key":"Strength Potion"},{"floor":31.0,"key":"FairyPotion"},{"floor":36.0,"key":"AttackPotion"},{"floor":39.0,"key":"Weak Potion"},{"floor":40.0,"key":"FearPotion"},{"floor":42.0,"key":"FearPotion"}],"is_trial":false,"path_per_floor":["M","?","M","$","M","E","M","R","T","E","?","R","M","M","R","B",null,"M","$","M","M","M","R","E","R","T","M","?","?","E","M","R","B",null,"M","M","$","M","?","E","R","?","T","$","M","M","E","M","R","B",null],"character_chosen":"DEFECT","items_purchased":["Biased Cognition","Bandage Up","FocusPotion","Gremlin Horn","Stack"],"campfire_rested":5,"item_purchase_floors":[19,37,44,44,44],"current_hp_per_floor":[68,61,60,60,56,31,31,53,53,23,23,60,52,50,50,32,64,54,54,48,48,48,48,11,48,48,48,5,5,15,4,41,28,63,48,45,45,54,22,21,58,54,54,54,51,56,60,50,50,20],"gold":98,"neow_bonus":"BOSS_RELIC","is_daily":false,"chose_seed":false,"campfire_upgraded":3,"win_rate":0.0,"timestamp":1611522474,"path_taken":["M","?","M","$","M","E","M","R","T","E","?","R","?","M","R","BOSS","M","$","M","M","M","R","E","R","T","M","?","?","E","M","R","BOSS","M","M","$","M","?","E","R","?","T","$","M","M","E","?","R","BOSS"],"items_purchased_type":["Card","Card","Potion","Relic","Card"],"build_version":"2020-12-22","purchased_purges":4,"victory":true,"max_hp_per_floor":[75,75,75,75,75,75,75,75,75,75,75,75,75,75,75,75,75,75,75,75,75,75,75,75,75,75,75,75,75,75,75,75,75,75,75,75,75,75,75,75,75,75,75,75,75,75,75,75,75,75],"relic_stats":{"Regal Pillow":60,"Nunchaku":[15],"Emotion Chip":[61,39,13,9,0],"Gremlin Horn":[9,9],"counters":[31,140],"Shuriken":[17],"Dead Branch":[27],"Snecko Eye":[154,166,186,175],"Turnip":[0],"obtain_stats":[{"Girya":28,"Lantern":6,"Regal Pillow":10,"Gremlin Horn":44,"Dead Branch":39,"Velvet Choker":0,"Frozen Egg 2":47,"Nunchaku":11,"Bottled Flame":28,"Emotion Chip":30,"Shuriken":24,"Snecko Eye":17,"Molten Egg 2":26,"Philosopher\u0027s Stone":34,"Turnip":42,"Cracked Core":0,"Symbiotic Virus":40,"Toy Ornithopter":9},{"Girya":17,"Lantern":4,"Regal Pillow":6,"Gremlin Horn":26,"Dead Branch":24,"Velvet Choker":0,"Frozen Egg 2":29,"Nunchaku":6,"Bottled Flame":17,"Emotion Chip":18,"Shuriken":14,"Snecko Eye":9,"Molten Egg 2":14,"Philosopher\u0027s Stone":20,"Turnip":26,"Cracked Core":0,"Symbiotic Virus":25,"Toy Ornithopter":5},{"Girya":67,"Lantern":18,"Regal Pillow":24,"Gremlin Horn":110,"Dead Branch":95,"Velvet Choker":0,"Frozen Egg 2":122,"Nunchaku":24,"Bottled Flame":67,"Emotion Chip":71,"Shuriken":58,"Snecko Eye":42,"Molten Egg 2":58,"Philosopher\u0027s Stone":81,"Turnip":110,"Cracked Core":0,"Symbiotic Virus":104,"Toy Ornithopter":19}],"Toy Ornithopter":45},"card_choices":[{"not_picked":["Turbo","Rebound"],"picked":"Sweeping Beam","floor":1.0},{"not_picked":["Sweeping Beam","Scrape"],"picked":"Ball Lightning","floor":3.0},{"not_picked":["Rip and Tear","FTL","Lockon"],"picked":"SKIP","floor":5.0},{"not_picked":["Rip and Tear","FTL","Lockon"],"picked":"SKIP","floor":5.0},{"not_picked":["Lockon","Beam Cell"],"picked":"Sunder","floor":6.0},{"not_picked":["Undo","Heatsinks"],"picked":"Streamline","floor":7.0},{"not_picked":["Barrage","Leap"],"picked":"Seek","floor":10.0},{"not_picked":["Beam Cell","Sweeping Beam"],"picked":"Coolheaded","floor":13.0},{"not_picked":["Leap","Sunder","Cold Snap"],"picked":"SKIP","floor":14.0},{"not_picked":["Biased Cognition","All For One"],"picked":"Electrodynamics","floor":16.0},{"not_picked":["Fusion+1","Gash","Rebound"],"picked":"SKIP","floor":18.0},{"not_picked":["Conserve Battery","Barrage","Compile Driver"],"picked":"SKIP","floor":20.0},{"not_picked":["Gash","Go for the Eyes"],"picked":"Double Energy","floor":21.0},{"not_picked":["Ball Lightning+1","Turbo"],"picked":"Conserve Battery","floor":22.0},{"not_picked":["Stack+1","Sweeping Beam"],"picked":"Blizzard","floor":24.0},{"not_picked":["Blizzard+1","Rebound+1"],"picked":"Core Surge+1","floor":27.0},{"not_picked":["Defragment","Steam Power"],"picked":"Reinforced Body","floor":28.0},{"not_picked":["Compile Driver+1","Steam"],"picked":"Undo","floor":30.0},{"not_picked":["Gash+1","BootSequence","Hologram"],"picked":"SKIP","floor":31.0},{"not_picked":["Seek","Biased Cognition"],"picked":"Buffer","floor":33.0},{"not_picked":["Conserve Battery+1","Leap+1","Streamline+1"],"picked":"SKIP","floor":35.0},{"not_picked":["Undo+1","Gash+1"],"picked":"Capacitor","floor":36.0},{"not_picked":["Chill","Machine Learning","Coolheaded+1"],"picked":"SKIP","floor":38.0},{"not_picked":["Barrage+1","Force Field+1"],"picked":"Glacier+1","floor":39.0},{"not_picked":["Go for the Eyes+1","Stack+1","Doom and Gloom+1"],"picked":"SKIP","floor":40.0},{"not_picked":["Streamline+1","Turbo+1"],"picked":"Recycle","floor":42.0},{"not_picked":["Rebound+1","Gash+1"],"picked":"Heatsinks+1","floor":45.0},{"not_picked":["Sweeping Beam+1","Go for the Eyes+1"],"picked":"Defragment","floor":46.0},{"not_picked":["Barrage+1","Steam+1"],"picked":"White Noise","floor":47.0},{"not_picked":["Steam","Coolheaded","Compile Driver+1"],"picked":"SKIP","floor":48.0}],"player_experience":706870,"relics_obtained":[{"floor":6.0,"key":"Lantern"},{"floor":9.0,"key":"Toy Ornithopter"},{"floor":10.0,"key":"Regal Pillow"},{"floor":24.0,"key":"Shuriken"},{"floor":26.0,"key":"Molten Egg 2"},{"floor":28.0,"key":"Girya"},{"floor":28.0,"key":"Bottled Flame"},{"floor":30.0,"key":"Emotion Chip"},{"floor":39.0,"key":"Dead Branch"},{"floor":40.0,"key":"Symbiotic Virus"},{"floor":42.0,"key":"Turnip"},{"floor":47.0,"key":"Frozen Egg 2"}],"event_choices":[{"cards_removed":["Strike_B"],"damage_healed":0.0,"max_hp_gain":0.0,"max_hp_loss":0.0,"gold_gain":0.0,"event_name":"Golden Wing","player_choice":"Card Removal","floor":2.0,"gold_loss":0.0,"damage_taken":7.0},{"damage_healed":0.0,"max_hp_gain":0.0,"max_hp_loss":0.0,"gold_gain":0.0,"event_name":"WeMeetAgain","player_choice":"Gave Potion","floor":11.0,"gold_loss":0.0,"damage_taken":0.0,"relics_obtained":["Nunchaku"]},{"damage_healed":0.0,"max_hp_gain":0.0,"max_hp_loss":0.0,"gold_gain":0.0,"event_name":"Colosseum","player_choice":"Fight","floor":28.0,"gold_loss":0.0,"damage_taken":0.0},{"damage_healed":0.0,"max_hp_gain":0.0,"max_hp_loss":0.0,"gold_gain":0.0,"event_name":"Colosseum","player_choice":"Fought Nobs","floor":28.0,"gold_loss":0.0,"damage_taken":0.0},{"damage_healed":0.0,"max_hp_gain":0.0,"max_hp_loss":0.0,"gold_gain":0.0,"event_name":"Forgotten Altar","player_choice":"Smashed Altar","floor":29.0,"gold_loss":0.0,"damage_taken":0.0,"cards_obtained":["Decay"]},{"damage_healed":0.0,"max_hp_gain":0.0,"max_hp_loss":0.0,"gold_gain":0.0,"event_name":"Mysterious Sphere","player_choice":"Fight","floor":39.0,"gold_loss":0.0,"damage_taken":0.0},{"damage_healed":0.0,"max_hp_gain":0.0,"max_hp_loss":0.0,"gold_gain":0.0,"event_name":"MindBloom","player_choice":"Fight","floor":42.0,"gold_loss":0.0,"damage_taken":0.0}],"is_beta":false,"boss_relics":[{"not_picked":["Runic Pyramid","Ectoplasm"],"picked":"Snecko Eye"},{"not_picked":["Sozu","Tiny House"],"picked":"Philosopher\u0027s Stone"}],"items_purged_floors":[4,19,37,44],"is_endless":false,"potions_floor_spawned":[3,5,10,13,20,22,24,27,28,31,36,39,40,42],"ascension_level":9}}