{"host":"nlt3cun66idbuazp","time":1611456604,"event":{"mods":["2.2 Compatiblity","Act Like it!","Aspiration","BaseMod","Better Altar","Better Match","Better Skull","Better Third Choice","BetterRewards","Downfall","Evolution","Grow up Mod","Halation","Hermit","Hubris","Jorbs\u0027s Wanderer Trilogy","Koishi","Minty Spire (QoL Compilation)","MostiFishMod","Prisma Mod","Rare Cards Sparkle","Remove Card Discount Mod","Shade Mod","Spicy Shops","StSLib","The Animator","The Construct","The Disciple","The Gatherer","The Marked","WarShipGirlsR/战舰少女R mod","vexMod"],"gold_per_floor":[118,118,118,8810,7658,7683,7709,7740,7815,7815,6469,6484,6444,6457,6457,6584,6584],"floor_reached":16,"language":"ENG","playtime":1076,"items_purged":["Writhe","Regret","Shame"],"score":466,"play_id":"42cfa7ab-5742-47a3-8165-ab5fdb9b0fd8","local_time":"20210123215004","daily_mods":["Vintage","Allstar","Heirloom","Time Dilation","Flight"],"is_ascension_mode":false,"campfire_choices":[{"data":"MostiFishMod:PerfectForm","floor":10,"key":"SMITH"},{"data":"MostiFishMod:ButterFly","floor":15,"key":"SMITH"}],"circlet_count":0,"master_deck":["Demon Form","Wraith Form v2+1","Echo Form","DevaForm","Gatherer:BomberForm+1","bronze:Verify","stsjorbsmod:ArcaneForm","construct:SiegeForm","OracleForm","sneckomod:SerpentMind+1","Guardian:ConstructionForm","stsjorbsmod:WastingForm","Slimebound:DuplicatedForm","hexamod:HexaLevel+1","champ:GladiatorForm","MostiFishMod:OneDayCity","MostiFishMod:PerfectForm+1","PanicButton+1","Thinking Ahead","MostiFishMod:ButterFly+1","rmod:mineteam+1","rmod:chargemoney","rmod:slowdown","rmod:luckystar+1","rmod:timeschanged+1","rmod:aviationdawn","MostiFishMod:ForestofLight+1","rmod:generalist","rmod:steelsupply+1"],"relics":["rmod:firstchargereward","DaveBox","MostiFishMod:Haymaker","DSteel32","Thread and Needle","SynthV:TestCard","halation:PinkSoulGem","ArrowTower","halation:SwordOfLegend","Dream Catcher","Ying","Strawberry","construct:Cogwheel","aspiration:StickyExplosives","sneckomod:BlankCard","halation:Thesaurus","BrkXgEgg","Meat on the Bone","vexMod:Spyglass","ImprovedEquipment","bronze:BronzeIdol","hubris:DeckOfHolding","halation:IllGainedPizza","Sundial","Pantograph","vexMod:MemoryStick","halation:LostSnail","ClockworkSouvenir","Toxic Egg 2","StrikeDummy","Omamori","Pen Nib"],"acts_visited":["Exordium"],"potions_floor_usage":[16],"damage_taken":[{"damage":0,"enemies":"Small Slimes","floor":1,"turns":2},{"damage":0,"enemies":"Gremlin Nob","floor":6,"turns":1},{"damage":0,"enemies":"Lagavulin","floor":7,"turns":1},{"damage":7,"enemies":"Gremlin Nob","floor":8,"turns":4},{"damage":0,"enemies":"Jaw Worm","floor":12,"turns":1},{"damage":0,"enemies":"Cultist","floor":14,"turns":2},{"damage":0,"enemies":"Hexaghost","floor":16,"turns":2}],"seed_played":"-8979550775835867416","potions_obtained":[{"floor":7,"key":"Energy Potion"},{"floor":12,"key":"AttackPotion"}],"is_trial":true,"path_per_floor":["M","?","?","$","$","E","E","E","T","R","$","M","?","M","R","B"],"character_chosen":"PRAEFECT","items_purchased":["ArrowTower","halation:SwordOfLegend","Dream Catcher","Ying","Strawberry","aspiration:Nostalgia","rmod:mineteam","champ:CounterPotion","aspiration:StickyExplosives","sneckomod:BlankCard","halation:Thesaurus","Meat on the Bone","vexMod:Spyglass","ImprovedEquipment","rmod:chargemoney","rmod:slowdown","Pantograph","vexMod:MemoryStick","halation:LostSnail","ClockworkSouvenir","Toxic Egg 2","StrikeDummy","Slimebound:ThreeZeroPotion","DistilledChaos","MostiFishMod:ForestofLight+1","rmod:generalist","rmod:steelsupply+1"],"campfire_rested":0,"item_purchase_floors":[4,4,4,4,4,4,4,4,5,5,5,5,5,5,5,5,11,11,11,11,11,11,11,11,11,11,11],"current_hp_per_floor":[95,105,115,132,142,152,162,165,175,192,202,212,222,232,242,242,242],"gold":6584,"neow_bonus":"","is_daily":false,"chose_seed":false,"campfire_upgraded":2,"win_rate":0.0,"timestamp":1611456604,"path_taken":["M","?","?","$","$","E","E","E","T","R","$","?","?","?","R","BOSS"],"items_purchased_type":["Relic","Relic","Relic","Relic","Relic","Relic","Card","Potion","Relic","Relic","Relic","Relic","Relic","Relic","Card","Card","Relic","Relic","Relic","Relic","Relic","Relic","Potion","Potion","Card","Card","Card"],"build_version":"2020-12-22","purchased_purges":3,"victory":false,"max_hp_per_floor":[95,105,115,132,142,152,162,172,182,192,202,212,222,232,242,242,242],"card_choices":[{"not_picked":["rmod:fletcherpendant","rmod:unsinkable","rmod:spoils","rmod:slowdown"],"picked":"rmod:luckystar","floor":6},{"not_picked":["rmod:sl","rmod:wolves","rmod:firesupport","rmod:circuitoustactics"],"picked":"rmod:timeschanged+1","floor":7},{"not_picked":["rmod:unsinkable","rmod:supportescort","rmod:diamondstrike","rmod:luckystar"],"picked":"rmod:aviationdawn","floor":8}],"player_experience":168682,"relics_obtained":[{"floor":1,"key":"Thread and Needle"},{"floor":1,"key":"SynthV:TestCard"},{"floor":6,"key":"bronze:BronzeIdol"},{"floor":7,"key":"hubris:DeckOfHolding"},{"floor":8,"key":"halation:IllGainedPizza"},{"floor":9,"key":"Sundial"},{"floor":12,"key":"Omamori"},{"floor":14,"key":"Pen Nib"}],"event_choices":[{"damage_healed":0,"gold_gain":0,"player_choice":"Ignored","damage_taken":0,"max_hp_gain":0,"max_hp_loss":0,"event_name":"NoteForYourself","floor":3,"gold_loss":0},{"damage_healed":0,"gold_gain":0,"player_choice":"Bought 3 Potions","damage_taken":0,"max_hp_gain":0,"max_hp_loss":0,"event_name":"The Woman in Blue","floor":13,"gold_loss":0}],"is_beta":false,"boss_relics":[],"items_purged_floors":[4,5,11],"is_endless":true,"potions_floor_spawned":[7,12,14],"killed_by":"Hexaghost","ascension_level":0}}