{"host":"ees9py5fbpv5lclk","time":1611474998,"event":{"mods":["AchievementEnabler","BaseMod","Challenge The Spire","Colored Map","Colored Powertips","Conspire","Downfall","Hermit","Infinite Spire","Minty Spire (QoL Compilation)","Replay The Spire","Shop Mod","StSLib","SuperFastMode","The Bug Knight","The Cursed","The Servant 0.9.4"],"gold_per_floor":[112,132,132,132,132,132,152,152,152,162,162,187,187,34,34,137,137,118,62,62,90,137,137,169,169,169,183,175,175,190,209,209,311,411,427,427,460,560,510,510,510,524,547,547,459,459,459,497,497,497],"floor_reached":51,"language":"ENG","playtime":4737,"items_purged":["conspire:GhostlyStrike","conspire:GhostlyStrike","conspire:GhostlyDefend","conspire:GhostlyDefend"],"score":835,"play_id":"c62f7f60-3c03-4de6-aeda-a6b0e431b971","local_time":"20210124025638","daily_mods":["Heirloom","Flight","DeadlyEvents"],"is_ascension_mode":false,"campfire_choices":[{"data":"Rewind","floor":6,"key":"SMITH"},{"data":"MoonPhase","floor":8,"key":"SMITH"},{"data":"Luminosity","floor":11,"key":"SMITH"},{"data":"KidneyShot","floor":13,"key":"SMITH"},{"floor":15,"key":"REST"},{"data":"FlawlessForm","floor":23,"key":"SMITH"},{"data":"DoubleEdge","floor":25,"key":"SMITH"},{"data":"Spin","floor":29,"key":"SMITH"},{"data":"BottledTime","floor":32,"key":"SMITH"},{"data":"Unruled","floor":40,"key":"SMITH"},{"data":"Spin","floor":41,"key":"SMITH"},{"data":"Alleviate","floor":44,"key":"SMITH"},{"data":"TimeWarp","floor":46,"key":"SMITH"},{"data":"Gouge","floor":47,"key":"SMITH"},{"data":"Hightail","floor":49,"key":"SMITH"}],"circlet_count":0,"master_deck":["conspire:GhostlyStrike","conspire:GhostlyStrike","conspire:GhostlyDefend+1","conspire:GhostlyDefend+1","KidneyShot+1","Exchange+1","BottledTime+1","Rewind+1","MoonPhase+1","Luminosity+1","Starlight","Gouge+1","FlawlessForm+1","Ricochet+1","ShatteredReality","Alleviate+1","DoubleEdge+1","Spin+1","Spin+1","Potential+1","ShatteredReality","Unruled+1","Dilation","TimeWarp+1","Hightail+1"],"relics":["Uniform","Guardian:GemstoneGun","Replay:Bottled Steam","PocketWatch","Boot","MerchantsRug","StoneMask","Strawberry","Smiling Mask","Omamori","Sundial","Replay:Wanted Poster","Matryoshka","ReplayTheSpireMod:CursedCoin","CeramicFish","War Paint","Slimebound:StickyStick"],"acts_visited":["Exordium","TheCity","TheBeyond"],"potions_floor_usage":[],"damage_taken":[{"damage":0,"enemies":"Small Slimes","floor":1,"turns":3},{"damage":0,"enemies":"Jaw Worm","floor":2,"turns":5},{"damage":0,"enemies":"2 Louse","floor":7,"turns":5},{"damage":28,"enemies":"Exordium Thugs","floor":10,"turns":7},{"damage":9,"enemies":"3 Sentries","floor":12,"turns":11},{"damage":31,"enemies":"Hexaghost","floor":16,"turns":11},{"damage":18,"enemies":"2 Thieves","floor":18,"turns":4},{"damage":18,"enemies":"conspire:SneckoGhost","floor":21,"turns":11},{"damage":0,"enemies":"HollowMod:Nosk","floor":24,"turns":6},{"damage":5,"enemies":"3 Byrds","floor":27,"turns":4},{"damage":8,"enemies":"Centurion and Healer","floor":30,"turns":5},{"damage":6,"enemies":"Cultist and Chosen","floor":31,"turns":4},{"damage":42,"enemies":"Automaton","floor":33,"turns":10},{"damage":8,"enemies":"Orb Walker","floor":35,"turns":2},{"damage":0,"enemies":"R_Hoarder","floor":37,"turns":7},{"damage":0,"enemies":"3 Darklings","floor":42,"turns":4},{"damage":35,"enemies":"Nemesis","floor":48,"turns":6},{"damage":0,"enemies":"Time Eater","floor":50,"turns":13}],"seed_played":"7450564435653979244","potions_obtained":[{"floor":7,"key":"champ:CounterPotion"},{"floor":12,"key":"Explosive Potion"},{"floor":16,"key":"hexamod:SoulburnPotion"},{"floor":24,"key":"Regen Potion"},{"floor":27,"key":"BlessingOfTheForge"},{"floor":31,"key":"Energy Potion"},{"floor":35,"key":"DistilledChaos"}],"is_trial":true,"path_per_floor":["M","M","?","?","?","R","M","R","T","M","R","E","R","$","R","B",null,"M","$","?","E","T","R","E","R","T","M","$","R","M","M","R","B",null,"M","?","E","$","$","R","R","M","T","R","$","R","R","E","R","B",null],"character_chosen":"THE_SERVANT","items_purchased":["MerchantsRug","Gouge","ShatteredReality","Alleviate","ReplayTheSpireMod:CursedCoin","TimeWarp"],"campfire_rested":1,"item_purchase_floors":[14,14,19,19,38,45],"current_hp_per_floor":[65,65,53,53,53,53,53,53,53,25,25,16,16,16,35,4,65,50,50,50,42,42,42,45,45,45,49,49,49,47,47,47,8,83,78,78,81,81,81,81,81,84,84,84,84,84,84,52,52,55],"gold":497,"neow_bonus":"","is_daily":false,"chose_seed":false,"campfire_upgraded":14,"win_rate":0.0,"timestamp":1611474998,"path_taken":["M","M","?","?","?","R","M","R","T","?","R","?","R","$","R","BOSS","M","?","?","?","?","R","?","R","T","M","$","R","?","M","R","BOSS","M","?","?","$","$","R","R","?","T","R","?","R","R","?","R","BOSS"],"items_purchased_type":["Relic","Card","Card","Card","Relic","Card"],"build_version":"2020-12-22","purchased_purges":4,"victory":true,"max_hp_per_floor":[65,65,65,65,65,65,65,65,65,65,65,65,65,65,65,65,65,66,66,66,74,74,74,75,75,75,78,78,78,80,82,82,83,83,84,84,85,85,85,85,85,86,86,86,86,86,86,87,87,88],"card_choices":[{"not_picked":["Starlight","Shuttle"],"picked":"BottledTime","floor":1},{"not_picked":["Luminosity","Defy"],"picked":"Rewind","floor":2},{"not_picked":["ShiftingGears","Starlight"],"picked":"MoonPhase","floor":7},{"not_picked":["Moondial","Rewind"],"picked":"Luminosity","floor":10},{"not_picked":["StarChef","Ricochet"],"picked":"Starlight","floor":12},{"not_picked":["Sunlight","PendulumOfEternity"],"picked":"FlawlessForm","floor":16},{"not_picked":["WasteNot","Revamp+1"],"picked":"Ricochet+1","floor":18},{"not_picked":["Foresight+1","Rewind"],"picked":"Spin","floor":21},{"not_picked":["InstantArmor","Duplication"],"picked":"Spin","floor":24},{"not_picked":["BottledTime+1","ShatteredReality"],"picked":"Potential+1","floor":27},{"not_picked":["FastForward+1","Defy"],"picked":"ShatteredReality","floor":30},{"not_picked":["BottledTime","Snipe+1"],"picked":"Unruled","floor":31},{"not_picked":["LightFlow","MurderousAura"],"picked":"Dilation","floor":33},{"not_picked":["Spin+1","ShatteredReality","Rearm"],"picked":"SKIP","floor":35},{"not_picked":["Rewind+1","MurderousAura","Defy"],"picked":"SKIP","floor":37},{"not_picked":["Alleviate","DoubleEdge","Defy"],"picked":"SKIP","floor":42},{"not_picked":["SurpressingFire","Barrier+1"],"picked":"Hightail","floor":48}],"player_experience":115231,"relics_obtained":[{"floor":9,"key":"PocketWatch"},{"floor":12,"key":"Boot"},{"floor":21,"key":"Strawberry"},{"floor":22,"key":"Smiling Mask"},{"floor":24,"key":"Omamori"},{"floor":26,"key":"Sundial"},{"floor":37,"key":"Matryoshka"},{"floor":43,"key":"CeramicFish"},{"floor":43,"key":"War Paint"},{"floor":48,"key":"Slimebound:StickyStick"}],"event_choices":[{"damage_healed":0,"gold_gain":0,"player_choice":"Success","damage_taken":12,"relics_obtained":["Replay:Bottled Steam"],"max_hp_gain":0,"max_hp_loss":0,"event_name":"Scrap Ooze","floor":3,"gold_loss":0},{"damage_healed":0,"gold_gain":0,"player_choice":"Grow","damage_taken":0,"max_hp_gain":0,"max_hp_loss":0,"event_name":"Living Wall","floor":4,"gold_loss":0,"cards_upgraded":["Exchange"]},{"damage_healed":0,"gold_gain":0,"player_choice":"Agree","damage_taken":0,"max_hp_gain":0,"max_hp_loss":0,"event_name":"conspire:LoneGhost","floor":5,"gold_loss":0},{"damage_healed":0,"gold_gain":0,"player_choice":"Read","damage_taken":0,"max_hp_gain":0,"max_hp_loss":0,"event_name":"The Library","floor":20,"gold_loss":0,"cards_obtained":["DoubleEdge"]},{"damage_healed":0,"gold_gain":0,"player_choice":"Ignored","damage_taken":0,"max_hp_gain":0,"max_hp_loss":0,"event_name":"SecretPortal","floor":36,"gold_loss":0}],"is_beta":false,"boss_relics":[{"not_picked":["conspire:SlowCooker","SplendidAttire"],"picked":"StoneMask"},{"not_picked":["Replay:Drink Me","Pandora\u0027s Box"],"picked":"Replay:Wanted Poster"}],"items_purged_floors":[28,38,39,45],"is_endless":false,"potions_floor_spawned":[7,12,16,24,27,31,35],"ascension_level":0}}