{"host":"kiczkwpc36uxnkg8","time":1611448502,"event":{"mods":["AchievementEnabler","Act Like it!","Aspiration","BaseMod","Colored Powertips","Energized Spire","GifTheSpireLib","Hubris","Infinite Spire","Koishi","Minty Spire (QoL Compilation)","Pale of the Ancients","Permanent Neow","Quick Restart","Relic Filter","Remilia??????","Replay The Spire","Spicy Shops","StSLib","Stuff the Spire","The Bug Knight","The Servant 0.9.4","Wandering Minibosses"],"gold_per_floor":[118,118,68,14,29,29,54,66,78,90,119,146,158,95,95,190,190,202,218,109,109,9,9,25,36,86,136,195,237,272,336,336,483,483,516,546,546,546,595,686,686,418,418,418,515,604,604,604,702,776,776,830,935,1073,1073,376,376,417,417,180,180,180,180],"floor_reached":62,"language":"ENG","playtime":3440,"items_purged":["Strike_S","Strike_S","Initiator+1","Foresight","hubris:InfiniteBlow+41","Solidify","Sunlight+1","FloweringNight+1"],"score":1492,"play_id":"02523166-27e1-48e9-94bf-86c5f7d2304e","local_time":"20210124003502","is_ascension_mode":true,"campfire_choices":[{"data":"SilverBlades","floor":6,"key":"SMITH"},{"floor":13,"key":"REST"},{"floor":15,"key":"REST"},{"data":"Initiator","floor":23,"key":"SMITH"},{"data":"Ricochet","floor":32,"key":"SMITH"},{"data":"Sunlight","floor":41,"key":"SMITH"},{"data":"KidneyShot","floor":51,"key":"SMITH"},{"data":"FloweringNight","floor":57,"key":"SMITH"},{"data":"InstantArmor","floor":59,"key":"SMITH"}],"circlet_count":0,"master_deck":["KidneyShot+1","Exchange+1","SilverBlades+1","SilverBlades+1","FanOfKnives+1","Ricochet+1","InstantArmor+1","ShiftingGears","SurpressingFire+1","Contraction+1","SurpressingFire+1"],"relics":["Uniform","MawBank","hubris:BottledRain","StuffTheSpire:RunicHypercube","Torii","Tiny House","hubris:BundleOfHerbs","Replay:Rubber Ducky","Pandora\u0027s Box","hubris:CuriousFeather","Sozu","infinitespire:EvilPickle","Incense Burner","Lee\u0027s Waffle","infinitespire:Lucky Rock","hubris:ToyBattleship","Bag of Marbles","paleoftheancients:Timepiece","paleoftheancients:SoulOfTheSilent","Membership Card","Whetstone","hubris:FunFungus","DollysMirror","StuffTheSpire:Expresso","StuffTheSpire:RubySignet"],"acts_visited":["Exordium","TheCity","TheBeyond","paleoftheancients:PaleOfTheAncients"],"potions_floor_usage":[12,12,31,52,52],"damage_taken":[{"damage":0,"enemies":"Cultist","floor":1,"turns":3},{"damage":0,"enemies":"2 Louse","floor":5,"turns":3},{"damage":31,"enemies":"Lagavulin","floor":7,"turns":6},{"damage":3,"enemies":"Jaw Worm","floor":11,"turns":3},{"damage":0,"enemies":"Large Slime","floor":12,"turns":3},{"damage":25,"enemies":"Fading Forest","floor":16,"turns":11},{"damage":0,"enemies":"Spheric Guardian","floor":18,"turns":1},{"damage":0,"enemies":"3 Byrds","floor":19,"turns":2},{"damage":4,"enemies":"Snake Plant","floor":24,"turns":3},{"damage":0,"enemies":"Centurion and Healer","floor":25,"turns":3},{"damage":0,"enemies":"Book of Stabbing","floor":28,"turns":4},{"damage":0,"enemies":"Shelled Parasite and Fungi","floor":29,"turns":2},{"damage":0,"enemies":"Snecko","floor":30,"turns":3},{"damage":13,"enemies":"Gremlin Leader","floor":31,"turns":4},{"damage":0,"enemies":"Pondfish","floor":33,"turns":6},{"damage":0,"enemies":"Orb Walker","floor":35,"turns":3},{"damage":2,"enemies":"3 Shapes","floor":36,"turns":2},{"damage":0,"enemies":"Maw","floor":39,"turns":1},{"damage":0,"enemies":"R_Hoarder","floor":40,"turns":3},{"damage":0,"enemies":"HollowMod:StalkingDevout","floor":45,"turns":3},{"damage":0,"enemies":"Transient","floor":46,"turns":5},{"damage":0,"enemies":"Reptomancer","floor":49,"turns":3},{"damage":0,"enemies":"4 Shapes","floor":50,"turns":1},{"damage":23,"enemies":"infinitespire:MassOfShapes","floor":52,"turns":5},{"damage":0,"enemies":"infinitespire:MassOfShapes","floor":53,"turns":8},{"damage":0,"enemies":"infinitespire:MassOfShapes","floor":54,"turns":4},{"damage":0,"enemies":"infinitespire:MassOfShapes","floor":58,"turns":5},{"damage":226,"enemies":"paleoftheancients:N","floor":62,"turns":18}],"seed_played":"-5289423014944018739","potions_obtained":[{"floor":1,"key":"BlessingOfTheForge"},{"floor":5,"key":"Adrenaline Potion"},{"floor":7,"key":"Toxic Potion"},{"floor":19,"key":"Dexterity Potion"},{"floor":24,"key":"SteroidPotion"},{"floor":30,"key":"Fruit Juice"},{"floor":35,"key":"EntropicBrew"}],"is_trial":false,"path_per_floor":["M","?","?","$","M","R","E","?","T","?","M","M","R","$","R","B",null,"M","M","?","?","$","R","M","M","T","AVR","E","M","M","E","R","B",null,"M","M","AVR","?","M","E","R","$","T","?","E","M","PTL","PTL","E","M","R","B","M","M","?","$","R","M","R","$","?","B"],"character_chosen":"THE_SERVANT","items_purchased":["SilverBlades","Lee\u0027s Waffle","Membership Card","Whetstone","hubris:FunFungus","FloweringNight","DollysMirror","StuffTheSpire:Expresso","StuffTheSpire:RubySignet"],"campfire_rested":2,"item_purchase_floors":[4,42,56,56,56,56,60,60,60],"current_hp_per_floor":[47,47,47,47,47,47,16,16,16,16,13,13,32,32,51,36,65,65,65,65,65,65,65,61,61,61,66,66,66,66,58,58,64,75,75,73,73,71,71,71,71,78,78,78,78,78,78,78,78,78,78,81,81,81,81,81,81,81,81,81,81,0,0],"gold":180,"neow_bonus":"REMOVE_TWO","is_daily":false,"chose_seed":false,"campfire_upgraded":7,"win_rate":0.0,"timestamp":1611448502,"path_taken":["M","?","?","?","?","R","E","?","T","?","M","?","R","$","R","BOSS","M","M","?","?","$","R","M","M","T","AVR","E","M","M","E","R","BOSS","M","M","AVR","?","M","E","R","$","T","?","E","M","PTL","PTL","E","?","R","BOSS","M","M","?","$","R","M","R","$","?","BOSS"],"items_purchased_type":["Card","Relic","Relic","Relic","Relic","Card","Relic","Relic","Relic"],"build_version":"2020-12-22","purchased_purges":8,"victory":false,"max_hp_per_floor":[65,65,65,65,65,65,65,65,65,65,65,65,65,65,65,65,65,65,65,65,65,65,65,65,65,65,70,70,70,70,75,75,75,75,75,75,75,71,71,71,71,78,78,78,78,78,78,78,78,78,78,81,81,81,81,81,81,81,81,81,81,81,81],"card_choices":[{"not_picked":["Revamp","Sabotage","Alleviate"],"picked":"SKIP","floor":1},{"not_picked":["Defy","BottledTime"],"picked":"FanOfKnives","floor":5},{"not_picked":["Revamp","Potential"],"picked":"Ricochet","floor":7},{"not_picked":["Revamp","Defy"],"picked":"InstantArmor","floor":11},{"not_picked":["Defy","Unruled","Comet"],"picked":"SKIP","floor":12},{"not_picked":["SoulSculpture","FlawlessForm"],"picked":"Initiator","floor":16},{"not_picked":["BestPractice+1","Rearm","Unruled"],"picked":"SKIP","floor":18},{"not_picked":["BottledTime","Comet","ReturningBlade"],"picked":"SKIP","floor":19},{"not_picked":["Potential+1","Barrier","TimeWarp"],"picked":"SKIP","floor":24},{"not_picked":["Starlight","Moondial","Potential"],"picked":"SKIP","floor":25},{"not_picked":["Alleviate","Rewind","Luminosity"],"picked":"SKIP","floor":28},{"not_picked":["Spin","Revamp","BestPractice"],"picked":"SKIP","floor":29},{"not_picked":["DoubleEdge","Advance+1","Ricochet"],"picked":"SKIP","floor":30},{"not_picked":["Ricochet","Initiator","FastForward"],"picked":"SKIP","floor":31},{"not_picked":["Initiator","PendulumOfEternity"],"picked":"Solidify","floor":33},{"not_picked":["DoubleEdge","FastForward+1"],"picked":"SurpressingFire+1","floor":35},{"not_picked":["Defy+1","ShatteredReality+1","Spin"],"picked":"SKIP","floor":36},{"not_picked":["Foresight","Revamp"],"picked":"Sunlight","floor":39},{"not_picked":["Rewind","StarChef","DoubleEdge"],"picked":"SKIP","floor":40},{"not_picked":["Revamp+1","DoubleEdge+1","Ricochet"],"picked":"SKIP","floor":45},{"not_picked":["Spin+1","DualDimension+1"],"picked":"Contraction+1","floor":46},{"not_picked":["Misdirection","SoulSculpture","Read+1"],"picked":"SKIP","floor":49},{"not_picked":["Comet","DoubleEdge","Alleviate+1"],"picked":"SKIP","floor":50},{"not_picked":["TimeWarp","FastForward","Alleviate+1"],"picked":"SKIP","floor":53},{"not_picked":["BottledTime","Moonlight","Comet+1"],"picked":"SKIP","floor":54},{"not_picked":["BottledTime+1","Replace","TimeWarp"],"picked":"SKIP","floor":58}],"player_experience":625766,"relics_obtained":[{"floor":7,"key":"MawBank"},{"floor":9,"key":"hubris:BottledRain"},{"floor":26,"key":"Replay:Bandana"},{"floor":28,"key":"hubris:BundleOfHerbs"},{"floor":31,"key":"Replay:Rubber Ducky"},{"floor":40,"key":"Incense Burner"},{"floor":43,"key":"infinitespire:Lucky Rock"},{"floor":45,"key":"hubris:ToyBattleship"},{"floor":49,"key":"Bag of Marbles"},{"floor":53,"key":"paleoftheancients:SoulOfTheSilent"}],"event_choices":[{"cards_removed":["Defend_S"],"damage_healed":0,"gold_gain":0,"player_choice":"Card Removal","damage_taken":0,"max_hp_gain":0,"max_hp_loss":0,"event_name":"The Cleric","floor":3,"gold_loss":50},{"damage_healed":0,"gold_gain":0,"player_choice":"Ignored","damage_taken":0,"max_hp_gain":0,"max_hp_loss":0,"event_name":"Golden Idol","floor":8,"gold_loss":0},{"damage_healed":0,"gold_gain":0,"player_choice":"Bought 0 Potions","damage_taken":0,"max_hp_gain":0,"max_hp_loss":0,"event_name":"The Woman in Blue","floor":10,"gold_loss":0},{"damage_healed":0,"gold_gain":0,"player_choice":"Max HP","damage_taken":0,"max_hp_gain":0,"max_hp_loss":4,"event_name":"Winding Halls","floor":38,"gold_loss":0},{"damage_healed":0,"gold_gain":0,"player_choice":"Ignored","damage_taken":0,"max_hp_gain":0,"max_hp_loss":0,"event_name":"SecretPortal","floor":44,"gold_loss":0}],"is_beta":false,"boss_relics":[{"not_picked":["energizedSpire:EnergizedDie","hubris:HollowSoul"],"picked":"StuffTheSpire:RunicHypercube"},{"not_picked":["StuffTheSpire:ModemDavis","ReplayTheSpireMod:SealedPack"],"picked":"Pandora\u0027s Box"}],"items_purged_floors":[14,22,27,37,42,56,56,60],"is_endless":false,"potions_floor_spawned":[1,5,7,19,24,25,30,35,36,45,46,49,54],"killed_by":"paleoftheancients:N","ascension_level":1}}