{"host":"9jkzatiwan7o33sr","time":1611520640,"event":{"mods":["AchievementEnabler","Act Like it!","Aspiration","BaseMod","Colored Map","Colored Powertips","Conspire","Downfall","GifTheSpireLib","Hallownest","Hermit","Hubris","Infinite Spire","Jorbs\u0027s Wanderer Trilogy","Mad Scientist","Mimic Mod","Minty Spire (QoL Compilation)","Permanent Neow","Shade Mod","StSLib","Stuff the Spire","Td1madao Mod","The Bladedancer","The Bug Knight","The Cursed","The Forsaken","The Hierophant","The Jungle","The Mystic","The Necromancer","The Poker Player","The Servant 0.9.4","The Witch","[IsaacMod]????"],"gold_per_floor":[213,288,302,302,316,316,330,25,25,39,39,53,4,18,18,115,115,132,144,144,159,159,159],"floor_reached":22,"language":"ENG","playtime":1746,"items_purged":["Injury"],"score":198,"play_id":"782e509c-6a95-49ed-9a18-8303c87a5571","local_time":"20210124213720","is_ascension_mode":true,"campfire_choices":[{"data":"Eruption","floor":6.0,"key":"SMITH"},{"floor":15,"key":"REST"}],"circlet_count":0,"master_deck":["Strike_P+1","Strike_P","Strike_P","Strike_P","Defend_P","Defend_P","Defend_P","Defend_P","Eruption+1","Vigilance","Consecrate","LikeWater","FollowUp+1","BowlingBash+1","WheelKick+1","EmptyBody","Protect","Nirvana","Worship","ReachHeaven+1","Prostrate","BattleHymn","SashWhip+1","LessonLearned+1","CutThroughFate+1","Wallop+1","Pray"],"relics":["PureWater","HushsDoor","SteamSale","Molten Egg 2","OrangePellets","Potion Belt","Yang","Busted Crown","hubris:Towel"],"acts_visited":["Exordium","TheCity"],"potions_floor_usage":[19],"damage_taken":[{"damage":0.0,"enemies":"Small Slimes","floor":1.0,"turns":3.0},{"damage":3.0,"enemies":"2 Louse","floor":3.0,"turns":3.0},{"damage":5.0,"enemies":"conspire:RoseBush","floor":5.0,"turns":6.0},{"damage":18.0,"enemies":"conspire:2 RoseBushes","floor":7.0,"turns":6.0},{"damage":1.0,"enemies":"Large Slime","floor":10.0,"turns":4.0},{"damage":0,"enemies":"Blue Slaver","floor":12,"turns":5},{"damage":1,"enemies":"Looter","floor":14,"turns":4},{"damage":17,"enemies":"The Guardian","floor":16,"turns":8},{"damage":19,"enemies":"Spheric Guardian","floor":18,"turns":4},{"damage":17,"enemies":"3 Byrds","floor":19,"turns":5},{"damage":26,"enemies":"Snake Plant","floor":21,"turns":5},{"damage":5,"enemies":"3 Cultists","floor":22,"turns":4}],"seed_played":"8268289460629497143","potions_obtained":[{"floor":5.0,"key":"sneckomod:MuddlingPotion"},{"floor":7.0,"key":"AttackPotion"},{"floor":12,"key":"StancePotion"},{"floor":14,"key":"LiquidBronze"},{"floor":21,"key":"SpeedPotion"}],"is_trial":false,"path_per_floor":["M","?","M","?","M","R","M","$","T","M","?","M","$","M","R","B",null,"M","M","?","M","M"],"character_chosen":"WATCHER","items_purchased":["OrangePellets","WheelKick+1","EmptyBody","Protect","Nirvana","Potion Belt","Prostrate","BattleHymn"],"campfire_rested":1,"item_purchase_floors":[8,8,8,8,8,8,13,13],"current_hp_per_floor":[72,61,58,58,53,53,35,35,35,34,37,37,37,36,58,41,75,56,39,39,13,8,8],"gold":159,"neow_bonus":"HUNDRED_GOLD","is_daily":false,"chose_seed":false,"campfire_upgraded":1,"win_rate":0.0,"timestamp":1611520640,"path_taken":["M","?","M","?","M","R","M","$","T","M","?","M","$","M","R","BOSS","M","M","?","M","?"],"items_purchased_type":["Relic","Card","Card","Card","Card","Relic","Card","Card"],"build_version":"2020-12-22","purchased_purges":1,"victory":false,"max_hp_per_floor":[72,72,72,72,72,72,72,72,72,72,75,75,75,75,75,75,75,75,75,75,75,75,75],"card_choices":[{"not_picked":["JustLucky","Protect"],"picked":"Consecrate","floor":1.0},{"not_picked":["SignatureMove","ReachHeaven"],"picked":"LikeWater","floor":3.0},{"not_picked":["ThirdEye","Evaluate"],"picked":"FollowUp+1","floor":5.0},{"not_picked":["CrushJoints+1","Indignation"],"picked":"BowlingBash+1","floor":7.0},{"not_picked":["Collect","ThirdEye"],"picked":"Worship","floor":10},{"not_picked":["WindmillStrike+1","EmptyBody"],"picked":"ReachHeaven+1","floor":12},{"not_picked":["Halt","EmptyBody"],"picked":"SashWhip+1","floor":14},{"not_picked":["MasterReality","SpiritShield"],"picked":"LessonLearned+1","floor":16},{"not_picked":[],"picked":"CutThroughFate+1","floor":18},{"not_picked":[],"picked":"Wallop+1","floor":19},{"not_picked":[],"picked":"Pray","floor":21}],"player_experience":608211,"relics_obtained":[{"floor":9.0,"key":"Yang"}],"event_choices":[{"damage_healed":0.0,"max_hp_gain":0.0,"max_hp_loss":0.0,"gold_gain":75.0,"event_name":"World of Goop","player_choice":"Gather Gold","floor":2.0,"gold_loss":0.0,"damage_taken":11.0}],"is_beta":false,"boss_relics":[{"not_picked":["Ectoplasm","aspiration:IroncladSkillbook"],"picked":"Busted Crown"},{"not_picked":[]}],"items_purged_floors":[8],"is_endless":false,"potions_floor_spawned":[5,7,12,14,21],"killed_by":"3 Cultists","ascension_level":2}}