{"host":"qgrlfjrqk9z96gfi","time":1611526405,"event":{"mods":["BaseMod","Block Reminder","Colored Map","Custom Start","DeckTracker","Minty Spire (QoL Compilation)"],"gold_per_floor":[12,28,28,28,28,28,41,54,81,81,115,115,149,224,224,317,317,317,232,232,232,72,72,52,52,52,52,52,52,52,52,52,52,52],"floor_reached":33,"language":"ENG","playtime":832,"items_purged":["Strike_G"],"score":578,"play_id":"ef1f8d99-a6d7-42ed-a1b2-f5df68b97802","local_time":"20210124121325","is_ascension_mode":true,"campfire_choices":[{"data":"A Thousand Cuts","floor":6.0,"key":"SMITH"},{"data":"Poisoned Stab","floor":10.0,"key":"SMITH"},{"floor":12.0,"key":"REST"},{"floor":15.0,"key":"REST"},{"floor":23,"key":"REST"},{"floor":27,"key":"REST"},{"floor":29,"key":"REST"},{"floor":32,"key":"REST"}],"circlet_count":0,"master_deck":["AscendersBane","Strike_G","Strike_G","Strike_G","Strike_G","Defend_G","Defend_G","Defend_G","Defend_G","Defend_G","Survivor","Neutralize","A Thousand Cuts+1","Crippling Poison","Infinite Blades","Neutralize","Poisoned Stab+1","Bane","Dash","Terror","Adrenaline","Riddle With Holes+1","Noxious Fumes","Acrobatics+1","Backflip"],"relics":["Ring of the Snake","Golden Idol","Centennial Puzzle","Happy Flower","CaptainsWheel","Ectoplasm","Ice Cream","Nilry\u0027s Codex","Ninja Scroll","Bottled Flame","Torii"],"acts_visited":["Exordium","TheCity"],"potions_floor_usage":[25,28,33],"damage_taken":[{"damage":5.0,"enemies":"Cultist","floor":1.0,"turns":4.0},{"damage":0.0,"enemies":"2 Louse","floor":2.0,"turns":4.0},{"damage":1.0,"enemies":"Small Slimes","floor":7.0,"turns":4.0},{"damage":3.0,"enemies":"Looter","floor":8.0,"turns":4.0},{"damage":25.0,"enemies":"Lagavulin","floor":11.0,"turns":5.0},{"damage":17.0,"enemies":"3 Sentries","floor":13.0,"turns":4.0},{"damage":5.0,"enemies":"Slime Boss","floor":16.0,"turns":4.0},{"damage":4,"enemies":"3 Byrds","floor":18,"turns":3},{"damage":5,"enemies":"Shell Parasite","floor":21,"turns":4},{"damage":24,"enemies":"Book of Stabbing","floor":25,"turns":5},{"damage":11,"enemies":"Shelled Parasite and Fungi","floor":28,"turns":3},{"damage":31,"enemies":"Slavers","floor":30,"turns":4},{"damage":48,"enemies":"Champ","floor":33,"turns":8}],"seed_played":"-7745374156059263566","potions_obtained":[{"floor":2.0,"key":"Poison Potion"},{"floor":8.0,"key":"Fire Potion"},{"floor":16.0,"key":"Energy Potion"},{"floor":21,"key":"LiquidMemories"},{"floor":24,"key":"Explosive Potion"},{"floor":30,"key":"SteroidPotion"}],"is_trial":false,"path_per_floor":["M","M","$","?","?","R","M","M","T","R","E","R","E","?","R","B",null,"M","?","?","M","$","R","?","E","T","R","M","R","E","$","R","B"],"character_chosen":"THE_SILENT","items_purchased":["Noxious Fumes"],"campfire_rested":6,"item_purchase_floors":[22],"current_hp_per_floor":[54,54,54,54,54,54,53,50,50,50,25,43,26,15,33,28,52,48,48,27,22,22,40,40,16,16,34,23,41,10,10,28,0,0],"gold":52,"neow_bonus":"THREE_RARE_CARDS","is_daily":false,"chose_seed":false,"campfire_upgraded":2,"win_rate":0.0,"timestamp":1611526405,"path_taken":["M","M","$","?","?","R","M","?","T","R","E","R","E","?","R","BOSS","M","?","?","M","$","R","?","E","T","R","M","R","E","$","R","BOSS"],"items_purchased_type":["Card"],"build_version":"2020-12-22","purchased_purges":1,"victory":false,"max_hp_per_floor":[66,66,66,60,60,60,60,60,60,60,60,60,60,60,60,60,60,60,60,60,60,60,60,60,60,60,60,60,60,60,60,60,60,60],"card_choices":[{"not_picked":["Night Terror","Bullet Time"],"picked":"A Thousand Cuts","floor":0.0},{"not_picked":["PiercingWail","Prepared"],"picked":"Crippling Poison","floor":1.0},{"not_picked":["Bane","Flechettes"],"picked":"Infinite Blades","floor":2.0},{"not_picked":["PiercingWail","Deflect"],"picked":"Poisoned Stab","floor":7.0},{"not_picked":["Masterful Stab","Quick Slash"],"picked":"Bane","floor":8.0},{"not_picked":["Dodge and Roll","Setup"],"picked":"Dash","floor":11.0},{"not_picked":["Heel Hook","Skewer"],"picked":"Terror","floor":13.0},{"not_picked":["A Thousand Cuts","Doppelganger"],"picked":"Adrenaline","floor":16.0},{"not_picked":["Prepared","Catalyst","Quick Slash"],"picked":"SKIP","floor":18},{"not_picked":["Dagger Throw","Slice"],"picked":"Riddle With Holes+1","floor":21},{"not_picked":["Dash","Riddle With Holes","Catalyst"],"picked":"SKIP","floor":25},{"not_picked":["Backflip","Deflect"],"picked":"Acrobatics+1","floor":28},{"not_picked":["Acrobatics","Venomology"],"picked":"Backflip","floor":30}],"player_experience":1052755,"relics_obtained":[{"floor":9.0,"key":"Centennial Puzzle"},{"floor":11.0,"key":"Happy Flower"},{"floor":13.0,"key":"CaptainsWheel"},{"floor":20,"key":"Nilry\u0027s Codex"},{"floor":25,"key":"Ninja Scroll"},{"floor":26,"key":"Bottled Flame"},{"floor":30,"key":"Torii"}],"event_choices":[{"damage_healed":0.0,"max_hp_gain":0.0,"max_hp_loss":6.0,"gold_gain":0.0,"event_name":"Golden Idol","player_choice":"Lose Max HP","floor":4.0,"gold_loss":0.0,"damage_taken":0.0,"relics_obtained":["Golden Idol"]},{"damage_healed":0.0,"max_hp_gain":0.0,"max_hp_loss":0.0,"gold_gain":0.0,"event_name":"Match and Keep!","player_choice":"1 cards matched","floor":5.0,"gold_loss":0.0,"damage_taken":0.0,"cards_obtained":["Neutralize"]},{"damage_healed":0.0,"max_hp_gain":0.0,"max_hp_loss":0.0,"gold_gain":75.0,"event_name":"World of Goop","player_choice":"Gather Gold","floor":14.0,"gold_loss":0.0,"damage_taken":11.0},{"damage_healed":0,"gold_gain":0,"player_choice":"Obtained Relic","damage_taken":0,"relics_obtained":["Ice Cream"],"max_hp_gain":0,"max_hp_loss":0,"event_name":"Addict","floor":19,"gold_loss":85},{"damage_healed":0,"gold_gain":0,"player_choice":"Obtained Book","damage_taken":21,"max_hp_gain":0,"max_hp_loss":0,"event_name":"Cursed Tome","floor":20,"gold_loss":0},{"damage_healed":0,"gold_gain":0,"player_choice":"Bought 1 Potion","damage_taken":0,"max_hp_gain":0,"max_hp_loss":0,"event_name":"The Woman in Blue","floor":24,"gold_loss":0}],"is_beta":false,"boss_relics":[{"not_picked":["Velvet Choker","WristBlade"],"picked":"Ectoplasm"}],"items_purged_floors":[22],"is_endless":false,"potions_floor_spawned":[2,8,16,21,30],"killed_by":"Champ","ascension_level":20}}