{"host":"me6mz5vfpl3z3a3z","time":1611511795,"event":{"mods":["ATMod(°¢èªMod)","Act Like it!","Aspiration","BaseMod","CapriCore","Downfall","Energized Spire","Friendly Minions","Gensokyo","Hallownest","Koishi","Luminous","Marisa£¨ìFÓê¡¡Ä§ÀíÉ³£©","Minty Spire (QoL Compilation)","MostiFishMod","Reimu£¨²©ÀöÁéÃÎ£©","Relic Filter Mod","RumiaBox-Â¶Ã×æ«µÄÉñÃØºÐ×Ó","Spicy Shops","StSLib","The Alterego","The Blackbeard","The Bug Knight","The Cursed","The Gatherer","The Marked","The Runesmith","The Showman","Yakumo Yukari mod","Yuyuko","[IsaacMod]ÒÔÈö¼âËþ","¡¾¹¦ÄÜMod¡¿»ìãçÖ®»·ÐÞ¸´²¹¶¡"],"gold_per_floor":[99,116,132,117,131,144,221,231,259,259,574,586,601,611,626,726,726,426,441,456,52,71,82,108,108,136,136,171,188,188,206,217,419,419,419,419,435,435,447,575,575,444,444,594,720,413,413,424,442,542,542,675,564,564,564,564],"floor_reached":55,"language":"ZHS","playtime":3767,"items_purged":[],"score":1050,"play_id":"975dc475-c2a9-4dbb-850c-2c6c42633dde","local_time":"20210125020955","is_ascension_mode":false,"campfire_choices":[{"floor":1,"key":"RECALL"},{"data":"theMarked:SoldierOfQuellstein","floor":18,"key":"SMITH"},{"data":"theMarked:Vacuum","floor":30,"key":"SMITH"},{"data":"theMarked:ComboAttacks","floor":35,"key":"SMITH"},{"data":"AT_FamilyPortrait","floor":43,"key":"SMITH"},{"data":"expansioncontent:StudyTheSpire","floor":47,"key":"SMITH"},{"data":"theMarked:TakeOffHeels","floor":54,"key":"SMITH"}],"circlet_count":0,"master_deck":["theMarked:Strike","theMarked:Strike","theMarked:Strike+1","theMarked:Strike","theMarked:Strike","theMarked:Defend","theMarked:Defend","theMarked:Defend","theMarked:Defend+1","theMarked:SoldierOfQuellstein+1","AT_FamilyPortrait+1","theMarked:ResourceFulStrike+1","theMarked:ContemptForTheProud","theMarked:TakeOffHeels+1","theMarked:Levitate+1","theMarked:Heritage","theMarked:Vacuum+1","MostiFishMod:FrostNova","theMarked:Panic+1","theMarked:ComboAttacks+1","theMarked:SelfDefenseTraining","theMarked:FavorableWinds","theMarked:Pokerface+1","expansioncontent:StudyTheSpire+1","Runesmith:Grindstone+1","theMarked:ComboAttacks+1"],"relics":["theMarked:ArtifactOfAir","HushsDoor","AT_ATBox","DaveBox","DeadEye","ShadowXiaoBlade","Whetstone","FrostBlade","downfall:HeartBlessingRed","downfall:HeartBlessingGreen","downfall:HeartBlessingBlue","AT_ImmortalShieldbow","Civilization","Vajra","Happy Flower","CaptainsWheel","AT_TheCollector","aspiration:RunesmithSkillbook","MealTicket","Toxic Egg 2","Blue Candle","StoneCalendar","Oddly Smooth Stone","AT_ArchangelStaff","SteamSale","AT_BladeRuinedKing","BFFS","War Paint"],"acts_visited":["Exordium","TheCity","TheBeyond","TheEnding"],"potions_floor_usage":[8,16,26,33,44,55,55,55],"damage_taken":[{"damage":0,"enemies":"Small Slimes","floor":2,"turns":1},{"damage":0,"enemies":"2 Louse","floor":3,"turns":2},{"damage":0,"enemies":"downfall:FleeingMerchant","floor":4,"turns":4},{"damage":0,"enemies":"Cultist","floor":5,"turns":2},{"damage":0,"enemies":"2 Fungi Beasts","floor":6,"turns":2},{"damage":0,"enemies":"Gremlin Gang","floor":8,"turns":2},{"damage":13,"enemies":"3 Sentries","floor":9,"turns":3},{"damage":8,"enemies":"downfall:FleeingMerchant","floor":11,"turns":4},{"damage":10,"enemies":"Large Slime","floor":12,"turns":2},{"damage":8,"enemies":"Exordium Wildlife","floor":13,"turns":3},{"damage":0,"enemies":"3 Louse","floor":14,"turns":2},{"damage":0,"enemies":"Large Slime","floor":15,"turns":3},{"damage":28,"enemies":"IC_STATUS_ARCHETYPE","floor":16,"turns":5},{"damage":4,"enemies":"Chosen","floor":19,"turns":2},{"damage":4,"enemies":"Chosen and Byrds","floor":20,"turns":4},{"damage":0,"enemies":"Shelled Parasite and Fungi","floor":22,"turns":2},{"damage":0,"enemies":"3 Cultists","floor":23,"turns":2},{"damage":18,"enemies":"Slavers","floor":26,"turns":3},{"damage":0,"enemies":"HollowMod:Nosk","floor":28,"turns":4},{"damage":0,"enemies":"Snake Plant","floor":29,"turns":2},{"damage":0,"enemies":"Shelled Parasite and Fungi","floor":31,"turns":2},{"damage":0,"enemies":"3 Cultists","floor":32,"turns":2},{"damage":0,"enemies":"DF_ARCHETYPE_CLAW","floor":33,"turns":4},{"damage":3,"enemies":"3 Darklings","floor":37,"turns":2},{"damage":0,"enemies":"Orb Walker","floor":39,"turns":2},{"damage":0,"enemies":"Nemesis","floor":40,"turns":3},{"damage":0,"enemies":"Nemesis","floor":44,"turns":3},{"damage":0,"enemies":"Giant Head","floor":45,"turns":5},{"damage":0,"enemies":"Spire Growth","floor":48,"turns":2},{"damage":0,"enemies":"Writhing Mass","floor":49,"turns":2},{"damage":0,"enemies":"WA_ARCHETYPE_DIVINITY","floor":50,"turns":3},{"damage":0,"enemies":"downfall:CharBossMerchant","floor":52,"turns":5},{"damage":13,"enemies":"downfall:NeowBoss","floor":55,"turns":21}],"seed_played":"7722125504281637279","potions_obtained":[{"floor":2,"key":"Dexterity Potion"},{"floor":5,"key":"Dexterity Potion"},{"floor":6,"key":"Explosive Potion"},{"floor":9,"key":"LiquidBronze"},{"floor":12,"key":"DistilledChaos"},{"floor":19,"key":"champ:CounterPotion"},{"floor":26,"key":"SneckoOil"},{"floor":29,"key":"BlessingOfTheForge"},{"floor":39,"key":"SkillPotion"},{"floor":44,"key":"LiquidBronze"}],"is_trial":false,"path_per_floor":["R","M","M","$","M","M","T","M","E","?","$","M","M","M","M","B",null,"R","M","M","$","M","M","T","$","E","?","E","M","R","M","M","B",null,"R","?","M","?","M","E","T","$","R","?","E","$","R","M","M","B",null,"E","$","R","B"],"character_chosen":"THE_DEFAULT","items_purchased":["AT_ImmortalShieldbow","Civilization","Blue Candle","AT_ArchangelStaff","SteamSale","expansioncontent:StudyTheSpire","BFFS","War Paint"],"campfire_rested":0,"item_purchase_floors":[21,21,42,46,46,46,53,53],"current_hp_per_floor":[77,77,77,77,77,77,77,77,64,69,61,51,43,43,43,15,82,92,88,84,84,86,91,91,91,78,68,73,78,78,83,88,93,129,129,129,131,131,136,141,141,144,144,149,154,154,154,159,164,169,169,174,174,174,161,161],"gold":564,"neow_bonus":"TEN_PERCENT_HP_BONUS","is_daily":false,"chose_seed":false,"campfire_upgraded":6,"win_rate":0.0,"timestamp":1611511795,"path_taken":["R","M","M","$","M","M","T","M","E","?","$","?","M","M","M","BOSS","R","M","M","$","M","M","T","$","E","?","E","M","R","?","M","BOSS","R","?","M","?","M","E","T","$","R","?","E","?","R","M","M","BOSS","E","$","R","BOSS"],"items_purchased_type":["Relic","Relic","Relic","Relic","Relic","Card","Relic","Relic"],"build_version":"2020-12-22","purchased_purges":0,"victory":false,"max_hp_per_floor":[77,77,77,77,77,77,77,77,77,82,82,82,82,82,82,82,82,92,92,92,92,94,99,99,99,104,104,109,114,114,119,124,129,129,129,129,134,134,139,144,144,144,144,149,154,154,154,159,164,169,169,174,174,174,174,174],"card_choices":[{"not_picked":["theMarked:Polarize","theMarked:StartUp","theMarked:Static"],"picked":"SKIP","floor":2},{"not_picked":["theMarked:TwofoldDefense","theMarked:Static"],"picked":"theMarked:ResourceFulStrike","floor":3},{"not_picked":["theMarked:SelfDefenseTraining","theMarked:Parkour"],"picked":"theMarked:ContemptForTheProud","floor":4},{"not_picked":["theMarked:TakeCover","theMarked:RogueSparks","theMarked:Improvise"],"picked":"SKIP","floor":5},{"not_picked":["theMarked:TunnelVision","theMarked:Static","theMarked:LightningStrikesTwice"],"picked":"SKIP","floor":6},{"not_picked":["theMarked:Memento","theMarked:BanishingStrike","theMarked:RepellingDischarge"],"picked":"SKIP","floor":8},{"not_picked":["theMarked:BanishingWave","theMarked:SwordAndMagic"],"picked":"theMarked:TakeOffHeels","floor":9},{"not_picked":["theMarked:WastefulAttack","theMarked:WardOff","theMarked:TakeCover"],"picked":"SKIP","floor":11},{"not_picked":["theMarked:Static","theMarked:SwordAndMagic"],"picked":"theMarked:Levitate","floor":12},{"not_picked":["theMarked:ElectricStrings","theMarked:Static"],"picked":"Bomb","floor":13},{"not_picked":["theMarked:Friction","theMarked:Snap","theMarked:BanishingStrike"],"picked":"SKIP","floor":14},{"not_picked":["theMarked:Aftermath","theMarked:Panic"],"picked":"theMarked:Heritage","floor":15},{"not_picked":["theMarked:TakeOffHeels","theMarked:FavorableWinds"],"picked":"theMarked:Vacuum","floor":16},{"not_picked":["theMarked:ElectricStrings+1","theMarked:WardOff","theMarked:BanishingWave"],"picked":"SKIP","floor":19},{"not_picked":["theMarked:TakeCover","theMarked:WastefulAttack+1","theMarked:ChainLightning"],"picked":"SKIP","floor":20},{"not_picked":["theMarked:AttractMetal","theMarked:WardOff"],"picked":"theMarked:Panic+1","floor":22},{"not_picked":["theMarked:ChainLightning","theMarked:Static","theMarked:Electrocute"],"picked":"SKIP","floor":23},{"not_picked":["theMarked:EnhanceMovement","theMarked:TwofoldDefense","theMarked:ContemptForTheProud"],"picked":"SKIP","floor":26},{"not_picked":["theMarked:ShockingTouch","theMarked:EnhanceMovement","theMarked:SwordAndMagic"],"picked":"SKIP","floor":28},{"not_picked":["theMarked:Improvise","theMarked:Memento","theMarked:Abjuration"],"picked":"SKIP","floor":29},{"not_picked":["theMarked:SwordAndMagic","theMarked:Reabsorb"],"picked":"theMarked:ComboAttacks","floor":31},{"not_picked":["theMarked:ResourceFulStrike+1","theMarked:Indomitable"],"picked":"theMarked:SelfDefenseTraining","floor":32},{"not_picked":["theMarked:ThrowWeapon","theMarked:ChannelForce"],"picked":"theMarked:FavorableWinds","floor":33},{"not_picked":["theMarked:SwordAndMagic+1","theMarked:EnhanceMovement+1","Runesmith:ChargedHammer","theMarked:OneWithTheBlade+1"],"picked":"SKIP","floor":37},{"not_picked":["theMarked:Opportunist","Runesmith:BackupBattery+1","theMarked:Static","theMarked:EmpowerWeapon"],"picked":"SKIP","floor":39},{"not_picked":["Runesmith:CraftSpiculum","theMarked:ContemptForTheProud+1","theMarked:RepellingDischarge","Runesmith:Superposition"],"picked":"SKIP","floor":40},{"not_picked":["Runesmith:ShiftingStrike","Runesmith:HammerThrow","theMarked:Overcharge+1"],"picked":"theMarked:Pokerface+1","floor":45},{"not_picked":["theMarked:SwordAndMagic","Runesmith:ChiselStab+1","Runesmith:MakeshiftArmor+1"],"picked":"Runesmith:Grindstone+1","floor":48},{"not_picked":["Runesmith:ArcReactor","theMarked:RogueSparks+1","Runesmith:HeatExchange","Runesmith:Reinforce+1"],"picked":"SKIP","floor":49},{"not_picked":["theMarked:TwofoldDefense+1","theMarked:ElectricStrings","Runesmith:Accelerate+1"],"picked":"theMarked:ComboAttacks+1","floor":52}],"player_experience":448218,"relics_obtained":[{"floor":9,"key":"Whetstone"},{"floor":24,"key":"Vajra"},{"floor":26,"key":"Happy Flower"},{"floor":28,"key":"AT_TheCollector"},{"floor":40,"key":"MealTicket"},{"floor":41,"key":"Toxic Egg 2"},{"floor":44,"key":"StoneCalendar"},{"floor":45,"key":"Oddly Smooth Stone"},{"floor":52,"key":"AT_BladeRuinedKing"}],"event_choices":[{"damage_healed":0,"gold_gain":0,"player_choice":"Donut","damage_taken":0,"max_hp_gain":5,"max_hp_loss":0,"event_name":"Big Fish","floor":10,"gold_loss":0},{"damage_healed":0,"gold_gain":0,"player_choice":"CaptainsWheel","damage_taken":0,"relics_obtained":["CaptainsWheel"],"max_hp_gain":0,"max_hp_loss":0,"event_name":"blackbeard:ShipwreckEvent","floor":27,"gold_loss":0},{"cards_removed":["MostiFishMod:WinterMarkForm"],"damage_healed":0,"gold_gain":0,"player_choice":"Removed Power","damage_taken":0,"max_hp_gain":0,"max_hp_loss":0,"event_name":"Falling","floor":38,"gold_loss":0}],"is_beta":false,"boss_relics":[{"not_picked":["TakeMeEscape","TimeKeys"],"picked":"FrostBlade"},{"not_picked":[]},{"not_picked":["NightmareShop","Cursed Key"],"picked":"aspiration:RunesmithSkillbook"},{"not_picked":[]}],"items_purged_floors":[],"is_endless":false,"potions_floor_spawned":[2,5,6,9,12,14,19,26,29,32,39,44,48,49,52],"killed_by":"downfall:NeowBoss","ascension_level":0}}