{"host":"pl1fbpkom0aq337f","time":1611502680,"event":{"mods":["AchievementEnabler","BaseMod","Colored Map","Downfall","Minty Spire (QoL Compilation)","StSLib","The Servant 0.9.4"],"gold_per_floor":[99,114,125,144,162,62,90,140,180,80,96,118,37,37,58,79,191,191,191,215,215,236,262,104,129,129,129,129],"floor_reached":26,"language":"ENG","playtime":2077,"items_purged":["Slimebound:Strike_Slimebound"],"score":212,"play_id":"dea0835d-1114-4541-8d7d-a300c9546ea2","local_time":"20210124163800","is_ascension_mode":false,"campfire_choices":[{"floor":1.0,"key":"RECALL"},{"data":"Slimebound:Grow","floor":6.0,"key":"SMITH"},{"floor":10.0,"key":"REST"},{"data":"Slimebound:LeadByExample","floor":14.0,"key":"SMITH"},{"data":"Slimebound:RallyTheTroops","floor":19.0,"key":"SMITH"}],"circlet_count":0,"master_deck":["Slimebound:Strike_Slimebound","Slimebound:Strike_Slimebound","Slimebound:Tackle","Slimebound:Defend_Slimebound","Slimebound:Defend_Slimebound","Slimebound:Defend_Slimebound","Slimebound:Defend_Slimebound","Slimebound:Split","Slimebound:CorrosiveSpit","Slimebound:LeadByExample+1","Slimebound:AcidTongue","Slimebound:Schlurp","Slimebound:Grow+1","Slimebound:SamplingLick","Slimebound:SplitBruiser","Slimebound:SplitAcid","Slimebound:ItLooksTasty","Slimebound:SlimeTap","Slimebound:MegaLick","Slimebound:RallyTheTroops+1","Slimebound:Repurpose","Slimebound:SplitBruiser+1","Slimebound:Repurpose"],"relics":["Slimebound:AbsorbEndCombat","downfall:HeartBlessingRed","Odd Mushroom","CeramicFish","Art of War","downfall:HeartBlessingGreen","Black Star","Nilry\u0027s Codex","ClockworkSouvenir"],"acts_visited":["Exordium","TheCity"],"potions_floor_usage":[26],"damage_taken":[{"damage":3.0,"enemies":"Cultist","floor":2.0,"turns":4.0},{"damage":6.0,"enemies":"Jaw Worm","floor":3.0,"turns":4.0},{"damage":6.0,"enemies":"2 Louse","floor":4.0,"turns":4.0},{"damage":20.0,"enemies":"Lots of Slimes","floor":5.0,"turns":5.0},{"damage":13.0,"enemies":"The Mushroom Lair","floor":7.0,"turns":5.0},{"damage":29.0,"enemies":"3 Sentries","floor":9.0,"turns":11.0},{"damage":0.0,"enemies":"Large Slime","floor":11.0,"turns":4.0},{"damage":6.0,"enemies":"Lots of Slimes","floor":12.0,"turns":3.0},{"damage":0.0,"enemies":"downfall:FleeingMerchant","floor":13.0,"turns":4.0},{"damage":7.0,"enemies":"Exordium Thugs","floor":15.0,"turns":3.0},{"damage":2.0,"enemies":"Red Slaver","floor":16.0,"turns":3.0},{"damage":21.0,"enemies":"SI_SHIV_ARCHETYPE","floor":17.0,"turns":10.0},{"damage":9.0,"enemies":"3 Byrds","floor":20.0,"turns":3.0},{"damage":0.0,"enemies":"Spheric Guardian","floor":22.0,"turns":3.0},{"damage":18.0,"enemies":"Snake Plant","floor":23.0,"turns":3.0},{"damage":6.0,"enemies":"downfall:FleeingMerchant","floor":24.0,"turns":4.0},{"damage":45,"enemies":"Gremlin Leader","floor":26,"turns":5}],"seed_played":"-3476582040297886725","potions_obtained":[{"floor":2.0,"key":"sneckomod:MuddlingPotion"},{"floor":3.0,"key":"Energy Potion"},{"floor":5.0,"key":"Strength Potion"},{"floor":7.0,"key":"Regen Potion"},{"floor":11.0,"key":"ColorlessPotion"},{"floor":20.0,"key":"LiquidMemories"},{"floor":23.0,"key":"Explosive Potion"}],"is_trial":false,"path_per_floor":["R","M","M","M","M","R","?","T","E","R","M","M","$","R","M","M","B",null,"R","M","?","M","M","$","T","E"],"character_chosen":"SLIMEBOUND","items_purchased":["ClockworkSouvenir"],"campfire_rested":1,"item_purchase_floors":[24],"current_hp_per_floor":[71,71,68,66,54,54,47,47,24,45,51,49,51,51,48,50,48,71,71,66,50,54,40,40,40,0,0,0],"gold":129,"neow_bonus":"TEN_PERCENT_HP_BONUS","is_daily":false,"chose_seed":false,"campfire_upgraded":3,"win_rate":0.0,"timestamp":1611502680,"path_taken":["R","?","M","M","M","R","?","T","E","R","M","M","$","R","M","M","BOSS","R","M","?","M","M","$","T","E"],"items_purchased_type":["Relic"],"build_version":"2020-12-22","purchased_purges":1,"victory":false,"max_hp_per_floor":[71,71,71,71,71,71,71,71,71,71,71,71,71,71,71,71,71,71,71,71,71,71,71,71,71,71,71,71],"card_choices":[{"not_picked":["Slimebound:Equalize","Slimebound:SplitAcid"],"picked":"Slimebound:LeadByExample","floor":2.0},{"not_picked":["Slimebound:FormOfPuddle","Slimebound:HauntingLick"],"picked":"Slimebound:AcidTongue","floor":3.0},{"not_picked":["Slimebound:FinishingTackle","Slimebound:LeechEnergy"],"picked":"Slimebound:Schlurp","floor":4.0},{"not_picked":["Slimebound:AcidTongue","Slimebound:ItLooksTasty"],"picked":"Slimebound:Grow","floor":5.0},{"not_picked":["Slimebound:Repurpose","Slimebound:SplitBruiser"],"picked":"Slimebound:SamplingLick","floor":7.0},{"not_picked":["Slimebound:Chomp","Slimebound:FlameTackle"],"picked":"Slimebound:SplitBruiser","floor":9.0},{"not_picked":["Slimebound:ForwardTackle","Slimebound:Teamwork","Slimebound:SplitLeeching"],"picked":"SKIP","floor":11.0},{"not_picked":["Slimebound:FinishingTackle","Slimebound:RollThrough"],"picked":"Slimebound:SplitAcid","floor":12.0},{"not_picked":["Slimebound:FinishingTackle","Slimebound:Prepare"],"picked":"Slimebound:ItLooksTasty","floor":13.0},{"not_picked":["Slimebound:ComboTackle","Slimebound:HauntingLick"],"picked":"Slimebound:SlimeTap","floor":15.0},{"not_picked":["Slimebound:AcidTongue","Slimebound:FinishingTackle"],"picked":"Slimebound:MegaLick","floor":16.0},{"not_picked":["Slimebound:Overexert","Slimebound:Teamwork"],"picked":"Slimebound:RallyTheTroops","floor":17.0},{"not_picked":["Slimebound:SamplingLick+1","Slimebound:FinishingTackle+1"],"picked":"Slimebound:Repurpose","floor":20.0},{"not_picked":["Slimebound:SlimeSpikes+1","Slimebound:DisruptingSlam"],"picked":"Slimebound:SplitBruiser+1","floor":22.0},{"not_picked":["Slimebound:FinishingTackle","Slimebound:ProtectTheBoss+1"],"picked":"Slimebound:Repurpose","floor":23.0},{"not_picked":["Slimebound:SlimeTap","Slimebound:SlimeBrawl","Slimebound:FinishingTackle"],"picked":"SKIP","floor":24}],"player_experience":482568,"relics_obtained":[{"floor":7.0,"key":"Odd Mushroom"},{"floor":8.0,"key":"CeramicFish"},{"floor":9.0,"key":"Art of War"},{"floor":21.0,"key":"Nilry\u0027s Codex"}],"event_choices":[{"damage_healed":0.0,"max_hp_gain":0.0,"max_hp_loss":0.0,"gold_gain":0.0,"event_name":"Mushrooms","player_choice":"Fought Mushrooms","floor":7.0,"gold_loss":0.0,"damage_taken":0.0}],"is_beta":false,"boss_relics":[{"not_picked":["SlaversCollar","SacredBark"],"picked":"Black Star"}],"items_purged_floors":[13],"is_endless":false,"potions_floor_spawned":[2,3,5,7,11,20,23],"killed_by":"Gremlin Leader","ascension_level":0}}