{"host":"70zhvo5nwrhp1mbg","time":1611470042,"event":{"mods":["BaseMod","Colored Map","Colored Powertips","Filter the Spire","Highlight Path","Minty Spire (QoL Compilation)","Rare Cards Sparkle","StSLib"],"gold_per_floor":[118,118,132,132,64,97,110,143,166,166,206,219,18,18,18,149,149,162,177,27,27,127,127,148,148,148],"floor_reached":25,"language":"ENG","playtime":1381,"items_purged":[],"score":296,"play_id":"68338ead-6eb1-41ae-8d5e-ae859f680078","local_time":"20210124013402","is_ascension_mode":true,"campfire_choices":[{"floor":10,"key":"REST"},{"data":"Uppercut","floor":15,"key":"SMITH"},{"floor":23,"key":"REST"}],"circlet_count":0,"master_deck":["Strike_R+1","Strike_R+1","Strike_R+1","Strike_R+1","Strike_R+1","Defend_R+1","Defend_R+1","Defend_R+1","Defend_R+1","Bash","Cleave","Anger","Injury","Heavy Blade+1","Power Through+1","Rampage+1","Anger","Uppercut+1","Pommel Strike+1","Headbutt+1","Parasite","Impervious","Flame Barrier","Shrug It Off","Iron Wave+1"],"relics":["Burning Blood","Golden Idol","Red Skull","Whetstone","War Paint","Molten Egg 2","Bag of Preparation","Runic Pyramid","Sling"],"acts_visited":["Exordium","TheCity"],"potions_floor_usage":[11,11,16,18,19,25],"damage_taken":[{"damage":1,"enemies":"Cultist","floor":1,"turns":4},{"damage":13,"enemies":"Jaw Worm","floor":3,"turns":5},{"damage":20,"enemies":"Gremlin Nob","floor":6,"turns":4},{"damage":3,"enemies":"2 Louse","floor":7,"turns":4},{"damage":36,"enemies":"Lagavulin","floor":8,"turns":6},{"damage":20,"enemies":"Gremlin Nob","floor":11,"turns":4},{"damage":3,"enemies":"Looter","floor":12,"turns":2},{"damage":31,"enemies":"The Guardian","floor":16,"turns":13},{"damage":7,"enemies":"Spheric Guardian","floor":18,"turns":4},{"damage":43,"enemies":"3 Byrds","floor":19,"turns":7},{"damage":40,"enemies":"Shelled Parasite and Fungi","floor":24,"turns":8},{"damage":29,"enemies":"Book of Stabbing","floor":25,"turns":5}],"seed_played":"7591839174955685110","potions_obtained":[{"floor":3,"key":"GamblersBrew"},{"floor":7,"key":"Explosive Potion"},{"floor":8,"key":"Ancient Potion"},{"floor":16,"key":"LiquidMemories"},{"floor":18,"key":"EssenceOfSteel"}],"is_trial":false,"path_per_floor":["M","?","M","?","$","E","M","E","T","R","E","M","$","?","R","B",null,"M","M","$","?","?","R","M","E"],"character_chosen":"IRONCLAD","items_purchased":["Power Through","Bag of Preparation","Strength Potion","Sling"],"campfire_rested":2,"item_purchase_floors":[5,13,13,20],"current_hp_per_floor":[77,77,70,75,75,61,64,34,34,59,45,48,48,69,69,44,75,74,37,37,37,37,62,28,0,0],"gold":148,"neow_bonus":"THREE_CARDS","is_daily":false,"chose_seed":false,"campfire_upgraded":1,"win_rate":0.0,"timestamp":1611470042,"path_taken":["M","?","M","?","?","E","M","E","T","R","E","?","$","?","R","BOSS","M","M","$","?","?","R","?","E"],"items_purchased_type":["Card","Relic","Potion","Relic"],"build_version":"2020-12-22","purchased_purges":0,"victory":false,"max_hp_per_floor":[80,80,80,85,85,85,85,85,85,85,85,85,85,85,85,85,85,85,85,85,85,85,85,85,85,85],"card_choices":[{"not_picked":["Burning Pact","Rupture"],"picked":"Cleave","floor":0},{"not_picked":["Sword Boomerang","Feel No Pain"],"picked":"Anger","floor":1},{"not_picked":["Fire Breathing","Shockwave"],"picked":"Heavy Blade","floor":3},{"not_picked":["Armaments","Flex"],"picked":"Rampage","floor":6},{"not_picked":["Clothesline","Armaments"],"picked":"Anger","floor":7},{"not_picked":["Power Through","Rampage"],"picked":"Uppercut","floor":8},{"not_picked":["Flex","Seeing Red"],"picked":"Pommel Strike+1","floor":11},{"not_picked":["Clash+1","Havoc"],"picked":"Headbutt+1","floor":12},{"not_picked":["Barricade","Offering"],"picked":"Impervious","floor":16},{"not_picked":["Disarm","Havoc"],"picked":"Flame Barrier","floor":18},{"not_picked":["Clothesline+1","True Grit+1"],"picked":"Shrug It Off","floor":19},{"not_picked":["Cleave+1","Seeing Red"],"picked":"Iron Wave+1","floor":24}],"player_experience":458228,"relics_obtained":[{"floor":6,"key":"Red Skull"},{"floor":8,"key":"Whetstone"},{"floor":9,"key":"War Paint"},{"floor":11,"key":"Molten Egg 2"}],"event_choices":[{"damage_healed":0,"gold_gain":0,"player_choice":"Take Wound","damage_taken":0,"relics_obtained":["Golden Idol"],"max_hp_gain":0,"max_hp_loss":0,"event_name":"Golden Idol","floor":2,"gold_loss":0,"cards_obtained":["Injury"]},{"damage_healed":0,"gold_gain":0,"player_choice":"Donut","damage_taken":0,"max_hp_gain":5,"max_hp_loss":0,"event_name":"Big Fish","floor":4,"gold_loss":0},{"damage_healed":21,"gold_gain":0,"player_choice":"Healed and dodged fight","damage_taken":0,"max_hp_gain":0,"max_hp_loss":0,"event_name":"Mushrooms","floor":14,"gold_loss":0,"cards_obtained":["Parasite"]},{"damage_healed":0,"gold_gain":0,"player_choice":"Simplicity","damage_taken":0,"max_hp_gain":0,"max_hp_loss":0,"event_name":"Back to Basics","floor":21,"gold_loss":0,"cards_upgraded":["Strike_R","Strike_R","Strike_R","Strike_R","Strike_R","Defend_R","Defend_R","Defend_R"]},{"damage_healed":0,"gold_gain":100,"player_choice":"Pray","damage_taken":0,"max_hp_gain":0,"max_hp_loss":0,"event_name":"Golden Shrine","floor":22,"gold_loss":0}],"is_beta":false,"boss_relics":[{"not_picked":["SacredBark","Runic Cube"],"picked":"Runic Pyramid"}],"items_purged_floors":[],"is_endless":false,"potions_floor_spawned":[3,7,8,16,18],"killed_by":"Book of Stabbing","ascension_level":7}}