{"host":"hqxy2g3i5ker09hc","time":1611506078,"event":{"mods":["2.2 Compatiblity","AlwaysNeverKeys","Aspiration","BaseMod","Beaked The Cultist","Better Match","Better Note","Better Sensory Stone","Better Silent Start","Better Third Choice","Better-Laid Plans","CCEM","CatGirl Mod","Chen","Conspire","Fireblade Mod","GifTheSpireLib","Gold Saver","Hubris","Ironclad Rager","Minty Spire (QoL Compilation)","MostiFishMod","Permanent Neow","Quarter Circle Forward PUNCH!","Quick Restart","Replay The Spire","Shop Mod","Small Relic Pack","Spikes Relics","StSLib","Stuff the Spire","The Animator","The Bug Knight","The Forsaken","The Wild Card","vexMod"],"gold_per_floor":[628,646,6,24,39,39,39,39,65,65,78,78,106,116,116,219,219,237,250,263,299,299,299,218,228,280,292,292,324,324,324,324,422,422,432,432,442,489,489,519,519,141,141,151,151,151,179,190,190,190,190,190,190,225,225],"floor_reached":56,"language":"ENG","playtime":3691,"items_purged":["Flex"],"score":1738,"play_id":"3dc20f4b-bc12-4021-99c7-c669fbc6140d","local_time":"20210124173438","is_ascension_mode":true,"campfire_choices":[{"data":"Armaments","floor":6.0,"key":"SMITH"},{"data":"MostiFishMod:FlyOverUtopia","floor":15.0,"key":"SMITH"},{"data":"Searing Blow","floor":23.0,"key":"SMITH"},{"data":"Searing Blow+1","floor":28.0,"key":"SMITH"},{"data":"Searing Blow+2","floor":30.0,"key":"SMITH"},{"data":"Searing Blow+3","floor":32.0,"key":"SMITH"},{"data":"Searing Blow+4","floor":46.0,"key":"SMITH"},{"floor":49.0,"key":"DIG"},{"data":"Searing Blow+5","floor":52.0,"key":"SMITH"}],"circlet_count":0,"master_deck":["Strike_R","Strike_R","Strike_R","Strike_R","Defend_R","Defend_R","Defend_R","Defend_R","Bash","hubris:ReadiedAction","MostiFishMod:FlyOverUtopia+1","Searing Blow+6","Discovery","Inflame","Armaments+1","BarbarianYell","Mirror Shield","Pommel Strike","MostiFishMod:HellRitual","Shrug It Off+1","Iron Wave","Exhume","Armaments","PlatinumSkin","Turbo","Dual Wield","Clothesline+1","Berserk","Flame Barrier+1","Iron Wave+1","StuffTheSpire:BrainWave","MostiFishMod:ChineseTea","Reaper"],"relics":["Burning Blood","DaveBox","aspiration:Nostalgia","Iron Core","SynthV:TestCard","Civilization","StuffTheSpire:ForceGauntlet","qcfpunch:Army_Boots","Red Skull","CCEMRelics:FryingPan","Replay:Grab Bag","beaked:SacredNecklace","Mark of Pain","vexMod:BigBerry","Juzu Bracelet","CCEMRelics:PorcelainBowl","conspire:DecoderRing","JellyFishMachine","ThornShield","Bronze Scales","Omamori","Regal Pillow","hubris:SphereOfDissonance","hubris:Towel","qcfpunch:Red_Beret","Blue Doll","Pear"],"acts_visited":["Exordium","TheCity","TheBeyond","TheEnding"],"potions_floor_usage":[55],"damage_taken":[{"damage":6.0,"enemies":"Cultist","floor":1.0,"turns":3.0},{"damage":0.0,"enemies":"2 Louse","floor":2.0,"turns":3.0},{"damage":6.0,"enemies":"Jaw Worm","floor":4.0,"turns":3.0},{"damage":4.0,"enemies":"Exordium Wildlife","floor":5.0,"turns":2.0},{"damage":5.0,"enemies":"conspire:2 RoseBushes","floor":11.0,"turns":5.0},{"damage":4.0,"enemies":"HollowMod:MossKnight","floor":13.0,"turns":3.0},{"damage":4.0,"enemies":"Large Slime","floor":14.0,"turns":3.0},{"damage":33.0,"enemies":"Hexaghost","floor":16.0,"turns":6.0},{"damage":16.0,"enemies":"Shell Parasite","floor":18.0,"turns":3.0},{"damage":4.0,"enemies":"Spheric Guardian","floor":19.0,"turns":3.0},{"damage":13.0,"enemies":"Snake Plant","floor":20.0,"turns":3.0},{"damage":23.0,"enemies":"conspire:HollyBat","floor":21.0,"turns":7.0},{"damage":5.0,"enemies":"Chosen and Byrds","floor":25.0,"turns":6.0},{"damage":24.0,"enemies":"Sentry and Sphere","floor":27.0,"turns":5.0},{"damage":4.0,"enemies":"Replay:Snechameleon","floor":29.0,"turns":2.0},{"damage":11.0,"enemies":"Pondfish","floor":33.0,"turns":7.0},{"damage":4.0,"enemies":"3 Darklings","floor":35.0,"turns":4.0},{"damage":9.0,"enemies":"3 Shapes","floor":37.0,"turns":3.0},{"damage":4.0,"enemies":"2 Orb Walkers","floor":38.0,"turns":2.0},{"damage":30.0,"enemies":"Nemesis","floor":40.0,"turns":7.0},{"damage":4.0,"enemies":"Jaw Worm Horde","floor":44.0,"turns":3.0},{"damage":4.0,"enemies":"conspire:MimicChest","floor":47.0,"turns":3.0},{"damage":4.0,"enemies":"Maw","floor":48.0,"turns":4.0},{"damage":108.0,"enemies":"conspire:OrnateMirror","floor":50.0,"turns":9.0},{"damage":4.0,"enemies":"Shield and Spear","floor":54.0,"turns":3.0},{"damage":41,"enemies":"The Heart","floor":55,"turns":6}],"seed_played":"2802160879644178348","potions_obtained":[{"floor":2.0,"key":"Strength Potion"},{"floor":13.0,"key":"ColorlessPotion"},{"floor":14.0,"key":"Ancient Potion"},{"floor":27.0,"key":"DuplicationPotion"},{"floor":33.0,"key":"Dexterity Potion"},{"floor":48.0,"key":"LifebloodPotion"}],"is_trial":false,"path_per_floor":["M","M","$","M","M","R","?","?","T","$","M","T","E","M","R","B",null,"M","M","M","M","?","R","$","M","T","M","R","E","R","T","R","B",null,"M","?","M","?","?","E","?","$","T","M","?","R","?","M","R","B",null,"R","$","E","B",null],"character_chosen":"IRONCLAD","items_purchased":["Civilization","StuffTheSpire:ForceGauntlet","Searing Blow","Discovery","Inflame","PlatinumSkin","Omamori","Regal Pillow"],"campfire_rested":0,"item_purchase_floors":[3,3,3,3,3,24,42,42],"current_hp_per_floor":[80,80,80,81,84,84,84,84,84,84,89,89,94,99,99,77,134,129,136,134,122,122,122,122,128,128,115,115,122,122,122,122,122,174,179,179,181,188,188,169,169,169,169,176,179,179,185,190,190,129,195,195,195,210,201],"gold":225,"neow_bonus":"NOSTALGIA","is_daily":false,"chose_seed":false,"campfire_upgraded":8,"win_rate":0.0,"timestamp":1611506078,"path_taken":["M","M","$","?","M","R","?","?","T","$","?","?","E","M","R","BOSS","M","M","M","M","?","R","$","M","T","M","R","E","R","?","R","BOSS","M","?","M","?","?","E","?","$","T","M","?","R","?","M","R","BOSS","R","$","E","BOSS"],"items_purchased_type":["Relic","Relic","Card","Card","Card","Card","Relic","Relic"],"build_version":"2020-12-22","purchased_purges":1,"victory":true,"max_hp_per_floor":[80,80,80,81,84,84,84,84,84,84,89,89,94,99,99,104,134,139,144,149,154,154,154,154,159,159,164,164,169,169,169,169,174,174,179,179,184,189,189,194,175,175,175,180,180,180,185,190,190,195,195,195,195,210,215],"card_choices":[{"not_picked":["ReplayTheSpireMod:Strike From Hell","Havoc"],"picked":"hubris:ReadiedAction","floor":1.0},{"not_picked":["WeaponsOverheat","Pommel Strike","Sword Boomerang","Iron Wave"],"picked":"MostiFishMod:FlyOverUtopia","floor":2.0},{"not_picked":["MostiFishMod:BrandingRite","Dark Embrace","Carnage","Rebound"],"picked":"Armaments","floor":4.0},{"not_picked":["Clash","StuffTheSpire:Incineration","Havoc","Sword Boomerang"],"picked":"Flex","floor":5.0},{"not_picked":["Run Through","Infernal Blade","Evolve","True Grit"],"picked":"BarbarianYell","floor":11.0},{"not_picked":["Demonic Infusion","hubris:ReadiedAction","Twin Strike","Wild Strike"],"picked":"Mirror Shield","floor":13.0},{"not_picked":["StuffTheSpire:Incineration","Heavy Blade","Wild Strike","Intimidate"],"picked":"Pommel Strike","floor":14.0},{"not_picked":["ReplayTheSpireMod:Omega Cannon","Offering","conspire:HitWhereItHurts","Berserk"],"picked":"MostiFishMod:HellRitual","floor":16.0},{"not_picked":["Iron Wave","Flex","Invigoration","Body Slam"],"picked":"Shrug It Off+1","floor":18.0},{"not_picked":["ReplayTheSpireMod:Corrosion Curse+1","Perfected Strike","Run Through","Evolve"],"picked":"Iron Wave","floor":19.0},{"not_picked":["Armaments","StuffTheSpire:RockThrow","Shockwave+1","Clash"],"picked":"Exhume","floor":20.0},{"not_picked":["Perfected Strike","Warcry","Feel No Pain","StuffTheSpire:Incineration"],"picked":"Armaments","floor":21.0},{"not_picked":["Clash","WeaponsOverheat","Fire Breathing+1","Beam Cell"],"picked":"Turbo","floor":25.0},{"not_picked":["Body Slam","Demonic Infusion","Pummel","Feel No Pain"],"picked":"Dual Wield","floor":27.0},{"not_picked":["Beam Cell","ReplayTheSpireMod:Stacked","Turbo","ReplayTheSpireMod:Muscle Training"],"picked":"Clothesline+1","floor":29.0},{"not_picked":["StuffTheSpire:TitanForm","Juggernaut","MostiFishMod:404NotFound","MostiFishMod:CullingBlade"],"picked":"Berserk","floor":33.0},{"not_picked":["Run Through","Body Slam+1","ReplayTheSpireMod:Stacked+1","Hemokinesis+1"],"picked":"Flame Barrier+1","floor":35.0},{"not_picked":["Replay:Undeath\u0027s Touch+1","Second Wind+1","Heavy Blade","Cleave"],"picked":"Iron Wave+1","floor":37.0},{"not_picked":["Carnage+1","Dark Embrace","ReplayTheSpireMod:Stacked","Run Through+1","StuffTheSpire:RagingBull+1"],"picked":"SKIP","floor":40.0},{"not_picked":["Turbo","Gash","Scorching Beam+1","Rupture+1","Anger"],"picked":"SKIP","floor":44.0},{"not_picked":["Spot Weakness+1","Gash+1","FTL+1","Thunderclap"],"picked":"MostiFishMod:ChineseTea","floor":47.0},{"not_picked":["Rebound+1","Perfected Strike","FTL+1","Hemokinesis"],"picked":"Reaper","floor":48.0},{"not_picked":["MostiFishMod:FireWorks","Thunderclap+1","Clash","Clothesline","StuffTheSpire:Slingshot"],"picked":"SKIP","floor":54.0}],"player_experience":691887,"relics_obtained":[{"floor":1.0,"key":"SynthV:TestCard"},{"floor":9.0,"key":"qcfpunch:Army_Boots"},{"floor":12.0,"key":"Red Skull"},{"floor":13.0,"key":"CCEMRelics:FryingPan"},{"floor":26.0,"key":"Juzu Bracelet"},{"floor":29.0,"key":"CCEMRelics:PorcelainBowl"},{"floor":31.0,"key":"conspire:DecoderRing"},{"floor":38.0,"key":"ThornShield"},{"floor":40.0,"key":"Bronze Scales"},{"floor":43.0,"key":"hubris:SphereOfDissonance"},{"floor":47.0,"key":"qcfpunch:Red_Beret"},{"floor":49.0,"key":"Blue Doll"},{"floor":54.0,"key":"Pear"}],"event_choices":[{"damage_healed":0.0,"max_hp_gain":0.0,"max_hp_loss":0.0,"gold_gain":0.0,"event_name":"conspire:LoneGhost","player_choice":"Disagree","floor":7.0,"gold_loss":0.0,"damage_taken":0.0},{"cards_removed":["Strike_R"],"damage_healed":0.0,"max_hp_gain":0.0,"max_hp_loss":0.0,"gold_gain":0.0,"event_name":"Purifier","player_choice":"Purged","floor":8.0,"gold_loss":0.0,"damage_taken":0.0},{"damage_healed":0.0,"max_hp_gain":0.0,"max_hp_loss":0.0,"gold_gain":0.0,"event_name":"The Woman in Blue","player_choice":"Bought 0 Potions","floor":22.0,"gold_loss":0.0,"damage_taken":0.0},{"damage_healed":0.0,"max_hp_gain":0.0,"max_hp_loss":0.0,"gold_gain":0.0,"event_name":"Mysterious Sphere","player_choice":"Fight","floor":38.0,"gold_loss":0.0,"damage_taken":0.0}],"is_beta":false,"boss_relics":[{"not_picked":["aspiration:SilentSkillbook","ChiXiaoBlade"],"picked":"Replay:Grab Bag"},{"not_picked":["Runic Dome","hubris:GrandSneckoEye"],"picked":"beaked:SacredNecklace"},{"not_picked":["ReplayTheSpireMod:Onyx Gauntlets","Fusion Hammer"],"picked":"Mark of Pain"},{"not_picked":["FrostBlade","hubris:BlackHole"],"picked":"vexMod:BigBerry"},{"not_picked":["qcfpunch:Killian_Engine_Alpha","aspiration:PoetsPen_weak"],"picked":"JellyFishMachine"}],"items_purged_floors":[42],"is_endless":false,"potions_floor_spawned":[2,13,14,27,29,33,35,47,48],"ascension_level":1}}