{"host":"t9zjxed0utvsfjwc","time":1611499890,"event":{"mods":["2.2 Compatiblity","Aspiration","BaseMod","Better Altar","Better Match","Better Note","Better Sensory Stone","Better Skull","Better Third Choice","Block Reminder","Colored Map","Colored Powertips","Custom Start","Hermit","Highlight Path","Hubris","Infinite Spire","Minty Spire (QoL Compilation)","Quick Restart","Rare Cards Sparkle","Replay The Spire","Shade Mod","StSLib","The Cursed","The Disciple","The Marked","The Runesmith","Unceasing Turn Reminder","everything is the same but u backflip on backflip"],"gold_per_floor":[112,112,122,122,135,161,179,179,179],"floor_reached":8,"language":"ENG","playtime":505,"items_purged":[],"score":61,"play_id":"0e8d1cf7-12ad-4a82-b355-86139e7bd66d","local_time":"20210124145130","is_ascension_mode":true,"campfire_choices":[],"circlet_count":0,"master_deck":["Strike_R","Strike_R","Strike_R","Strike_R","Strike_R","Defend_R","Defend_R","Defend_R","Defend_R","Bash","Searing Blow","ReplayTheSpireMod:Limb From Limb"],"relics":["Busted Crown","hubris:Towel","Frozen Egg 2"],"acts_visited":["Exordium"],"potions_floor_usage":[8],"damage_taken":[{"damage":0,"enemies":"Cultist","floor":1,"turns":2},{"damage":1,"enemies":"Jaw Worm","floor":3,"turns":2},{"damage":10,"enemies":"Small Slimes","floor":5,"turns":2},{"damage":26,"enemies":"Lagavulin","floor":6,"turns":4},{"damage":13,"enemies":"Red Slaver","floor":7,"turns":2},{"damage":33,"enemies":"Gremlin Nob","floor":8,"turns":4}],"seed_played":"2567857640560653021","potions_obtained":[{"floor":7,"key":"Toxic Potion"}],"is_trial":false,"path_per_floor":["M","?","M","?","M","E","M","E"],"character_chosen":"IRONCLAD","items_purchased":[],"campfire_rested":0,"item_purchase_floors":[],"current_hp_per_floor":[80,80,79,79,69,43,30,0,0],"gold":179,"neow_bonus":"BOSS_RELIC","is_daily":false,"chose_seed":false,"campfire_upgraded":0,"win_rate":0.0,"timestamp":1611499890,"path_taken":["M","?","M","?","?","E","?","E"],"items_purchased_type":[],"build_version":"2020-12-22","purchased_purges":0,"victory":false,"max_hp_per_floor":[80,80,80,80,80,80,80,80,80],"card_choices":[{"not_picked":["Wild Strike"],"picked":"SKIP","floor":1},{"not_picked":[],"picked":"ReplayTheSpireMod:Limb From Limb","floor":3},{"not_picked":["Havoc"],"picked":"SKIP","floor":5},{"not_picked":["Offering"],"picked":"SKIP","floor":6},{"not_picked":["Havoc"],"picked":"SKIP","floor":7}],"player_experience":407273,"relics_obtained":[{"floor":6,"key":"Frozen Egg 2"}],"event_choices":[],"is_beta":false,"boss_relics":[],"items_purged_floors":[],"is_endless":false,"potions_floor_spawned":[7],"killed_by":"Gremlin Nob","ascension_level":1}}