{"host":"iphsb0ccnjx0pfn6","time":1611496969,"event":{"mods":["2.2 Compatiblity","AchievementEnabler","BaseMod","Colored Map","DeckTracker","Keyboard Shortcuts","Minty Spire (QoL Compilation)","Permanent Neow","Quick Restart","Relic Stats","StSLib","SuperFastMode","Uncapped","everything is the same but u backflip on backflip"],"gold_per_floor":[117,42,42,42,42,42,61,61,61,84,84,109,132,148,148,242,242,265,245,266,281,299,299,322,322,322],"floor_reached":25,"language":"KOR","playtime":595,"items_purged":["Strike_G"],"score":494,"play_id":"443d6ec2-b0fd-43f1-8750-4371ac49a293","local_time":"20210124230249","is_ascension_mode":true,"campfire_choices":[{"data":"Deadly Poison","floor":6.0,"key":"SMITH"},{"data":"Expertise","floor":11.0,"key":"SMITH"},{"data":"Noxious Fumes","floor":15.0,"key":"SMITH"},{"floor":23,"key":"REST"}],"circlet_count":0,"master_deck":["AscendersBane","Strike_G","Strike_G","Strike_G","Defend_G","Defend_G","Defend_G","Defend_G","Defend_G","Survivor","Neutralize","Deadly Poison+1","Expertise+1","Noxious Fumes+1","Well Laid Plans","Grand Finale","Backflip+1"],"relics":["Ring of the Serpent","Lizard Tail","Golden Idol","StoneCalendar"],"acts_visited":["Exordium","TheCity"],"potions_floor_usage":[21,21],"damage_taken":[{"damage":3.0,"enemies":"Small Slimes","floor":1.0,"turns":5.0},{"damage":4.0,"enemies":"Jaw Worm","floor":7.0,"turns":4.0},{"damage":0.0,"enemies":"Cultist","floor":10.0,"turns":4.0},{"damage":25.0,"enemies":"Gremlin Gang","floor":12.0,"turns":7.0},{"damage":1.0,"enemies":"Looter","floor":13.0,"turns":4.0},{"damage":4.0,"enemies":"Red Slaver","floor":14.0,"turns":5.0},{"damage":0.0,"enemies":"Hexaghost","floor":16.0,"turns":8.0},{"damage":23.0,"enemies":"Spheric Guardian","floor":18.0,"turns":6.0},{"damage":15.0,"enemies":"Shell Parasite","floor":20.0,"turns":6.0},{"damage":16,"enemies":"Snecko","floor":21,"turns":6},{"damage":18,"enemies":"3 Cultists","floor":22,"turns":4},{"damage":17,"enemies":"Centurion and Healer","floor":24,"turns":7},{"damage":10,"enemies":"Slavers","floor":25,"turns":1}],"seed_played":"75880885056511947","potions_obtained":[{"floor":1.0,"key":"Ancient Potion"},{"floor":7.0,"key":"Energy Potion"},{"floor":13.0,"key":"CunningPotion"},{"floor":18.0,"key":"Energy Potion"}],"is_trial":false,"path_per_floor":["M","$","?","?","$","R","M","$","T","M","R","M","M","M","R","B",null,"M","?","M","M","M","R","M","E"],"character_chosen":"THE_SILENT","items_purchased":[],"campfire_rested":1,"item_purchase_floors":[],"current_hp_per_floor":[56,56,56,35,35,35,31,31,31,31,31,6,5,1,1,1,45,22,22,7,21,3,21,4,0,0],"gold":322,"neow_bonus":"ONE_RARE_RELIC","is_daily":false,"chose_seed":false,"campfire_upgraded":3,"win_rate":0.0,"timestamp":1611496969,"path_taken":["M","$","?","?","?","R","M","$","T","M","R","?","?","M","R","BOSS","M","?","?","M","M","R","M","E"],"items_purchased_type":[],"build_version":"2020-12-22","purchased_purges":1,"victory":false,"max_hp_per_floor":[60,60,60,60,60,60,60,60,60,60,60,60,60,60,60,60,60,60,60,60,60,60,60,60,60,60],"relic_stats":{"Lizard Tail":30,"counters":[13,67],"Golden Idol":62,"StoneCalendar":[67],"obtain_stats":[{"Lizard Tail":0,"Golden Idol":4,"StoneCalendar":9,"Ring of the Serpent":17,"Ring of the Snake":0},{"Lizard Tail":0,"Golden Idol":1,"StoneCalendar":2,"Ring of the Serpent":7,"Ring of the Snake":0},{"Lizard Tail":0,"Golden Idol":5,"StoneCalendar":9,"Ring of the Serpent":37,"Ring of the Snake":0}]},"card_choices":[{"not_picked":["Terror","Predator"],"picked":"Deadly Poison","floor":1.0},{"not_picked":["Flying Knee","Accuracy","Caltrops"],"picked":"SKIP","floor":7.0},{"not_picked":["Skewer","Flying Knee","Deflect"],"picked":"SKIP","floor":10.0},{"not_picked":["Dodge and Roll","Sucker Punch"],"picked":"Noxious Fumes","floor":12.0},{"not_picked":["Prepared","Bane"],"picked":"Well Laid Plans","floor":13.0},{"not_picked":["Blade Dance","Choke","Dagger Spray"],"picked":"SKIP","floor":14.0},{"not_picked":["Malaise","Unload"],"picked":"Grand Finale","floor":16.0},{"not_picked":["Bane","Flying Knee","Backflip"],"picked":"SKIP","floor":18.0},{"not_picked":["Cloak And Dagger","Die Die Die","Catalyst"],"picked":"SKIP","floor":20.0},{"not_picked":["Bane","Eviscerate","Dagger Throw"],"picked":"SKIP","floor":21},{"not_picked":["Bouncing Flask","Poisoned Stab"],"picked":"Backflip+1","floor":22},{"not_picked":["Quick Slash","Terror+1","Cloak And Dagger"],"picked":"SKIP","floor":24}],"player_experience":1278926,"relics_obtained":[{"floor":9.0,"key":"StoneCalendar"}],"event_choices":[{"damage_healed":0.0,"max_hp_gain":0.0,"max_hp_loss":0.0,"gold_gain":0.0,"cards_transformed":["Strike_G"],"event_name":"Living Wall","player_choice":"Change","floor":3.0,"gold_loss":0.0,"damage_taken":0.0,"cards_obtained":["Expertise"]},{"damage_healed":0.0,"max_hp_gain":0.0,"max_hp_loss":0.0,"gold_gain":0.0,"event_name":"Golden Idol","player_choice":"Take Damage","floor":4.0,"gold_loss":0.0,"damage_taken":21.0,"relics_obtained":["Golden Idol"]},{"damage_healed":0.0,"max_hp_gain":0.0,"max_hp_loss":0.0,"gold_gain":0.0,"event_name":"The Woman in Blue","player_choice":"Bought 1 Potion","floor":19.0,"gold_loss":0.0,"damage_taken":0.0}],"is_beta":false,"boss_relics":[{"not_picked":["Coffee Dripper","Velvet Choker"],"picked":"Ring of the Serpent"}],"items_purged_floors":[2],"is_endless":false,"potions_floor_spawned":[1,7,13,14,18],"killed_by":"Slavers","ascension_level":20}}