{"host":"swphzoo6hmc78epl","time":1611450457,"event":{"mods":["BaseMod","Highlight Path","Minty Spire (QoL Compilation)","Quick Restart"],"gold_per_floor":[115,130,144,162,179,179,179,179,249,304,321,331,349,365,365,460,460,502,102,102,102,102,102],"floor_reached":22,"language":"ENG","playtime":1171,"items_purged":["Strike_P"],"score":288,"play_id":"d7aaaf7a-6f13-45c9-afec-25f4bbf8b37a","local_time":"20210123200737","is_ascension_mode":true,"campfire_choices":[{"data":"TalkToTheHand","floor":6,"key":"SMITH"},{"data":"Eruption","floor":8,"key":"SMITH"},{"data":"Wish","floor":15,"key":"SMITH"}],"circlet_count":0,"master_deck":["Defend_P","Defend_P","Defend_P","Defend_P","Eruption+1","Vigilance","Injury","BowlingBash","TalkToTheHand+1","Tantrum","Adaptation","MentalFortress","Parasite","Halt","SashWhip","Wish+1","CutThroughFate","Wallop","DevaForm","EmptyMind+1","WreathOfFlame+1","MentalFortress+1","FollowUp","JustLucky"],"relics":["PureWater","Du-Vu Doll","Matryoshka","Calipers","Astrolabe","Membership Card","PreservedInsect","Ornamental Fan","Nilry\u0027s Codex"],"acts_visited":["Exordium","TheCity"],"potions_floor_usage":[10,11,18,18,18,18,22],"damage_taken":[{"damage":1,"enemies":"Cultist","floor":1,"turns":5},{"damage":1,"enemies":"Small Slimes","floor":2,"turns":2},{"damage":0,"enemies":"Jaw Worm","floor":3,"turns":3},{"damage":0,"enemies":"2 Fungi Beasts","floor":4,"turns":2},{"damage":10,"enemies":"Blue Slaver","floor":5,"turns":4},{"damage":30,"enemies":"Lagavulin Event","floor":10,"turns":4},{"damage":7,"enemies":"Exordium Thugs","floor":11,"turns":4},{"damage":18,"enemies":"Red Slaver","floor":12,"turns":5},{"damage":0,"enemies":"2 Fungi Beasts","floor":13,"turns":3},{"damage":5,"enemies":"Exordium Thugs","floor":14,"turns":4},{"damage":0,"enemies":"Slime Boss","floor":16,"turns":4},{"damage":11,"enemies":"3 Byrds","floor":18,"turns":5},{"damage":35,"enemies":"Masked Bandits","floor":22,"turns":5}],"seed_played":"5083582187642230643","potions_obtained":[{"floor":1,"key":"Dexterity Potion"},{"floor":5,"key":"BlessingOfTheForge"},{"floor":10,"key":"Regen Potion"},{"floor":11,"key":"FearPotion"},{"floor":14,"key":"EntropicBrew"},{"floor":18,"key":"Weak Potion"}],"is_trial":false,"path_per_floor":["M","M","M","M","M","R","?","R","T","?","M","M","M","M","R","B",null,"M","$","?","?","?"],"character_chosen":"WATCHER","items_purchased":["Membership Card","JustLucky","PreservedInsect","Ornamental Fan"],"campfire_rested":0,"item_purchase_floors":[19,19,19,19],"current_hp_per_floor":[71,70,70,70,60,60,72,72,72,42,47,29,29,24,24,24,60,49,49,33,33,0,0],"gold":102,"neow_bonus":"ONE_RARE_RELIC","is_daily":false,"chose_seed":false,"campfire_upgraded":3,"win_rate":0.0,"timestamp":1611450457,"path_taken":["M","M","M","M","?","R","?","R","T","?","M","M","M","M","R","BOSS","M","$","?","?","?"],"items_purchased_type":["Relic","Card","Relic","Relic"],"build_version":"2020-12-22","purchased_purges":1,"victory":false,"max_hp_per_floor":[72,72,72,72,72,72,72,72,72,72,72,72,72,72,72,72,72,72,72,72,72,72,72],"card_choices":[{"not_picked":["Indignation","Halt"],"picked":"BowlingBash","floor":1},{"not_picked":["Evaluate","SashWhip"],"picked":"TalkToTheHand","floor":2},{"not_picked":["Crescendo","CarveReality"],"picked":"Tantrum","floor":3},{"not_picked":["MasterReality","Collect"],"picked":"Adaptation","floor":4},{"not_picked":["Evaluate","DeceiveReality"],"picked":"MentalFortress","floor":5},{"not_picked":["ThirdEye","Protect"],"picked":"Halt","floor":10},{"not_picked":["Study","EmptyBody"],"picked":"SashWhip","floor":11},{"not_picked":["Evaluate","ClearTheMind"],"picked":"Wish","floor":12},{"not_picked":["Perseverance","EmptyBody"],"picked":"CutThroughFate","floor":13},{"not_picked":["Halt","Meditate"],"picked":"Wallop","floor":14},{"not_picked":["ConjureBlade","Wish"],"picked":"DevaForm","floor":16},{"not_picked":["JustLucky","Indignation"],"picked":"FollowUp","floor":18}],"player_experience":815701,"relics_obtained":[{"floor":9,"key":"Matryoshka"},{"floor":10,"key":"Calipers"},{"floor":20,"key":"Nilry\u0027s Codex"}],"event_choices":[{"damage_healed":18,"gold_gain":0,"player_choice":"Healed and dodged fight","damage_taken":0,"max_hp_gain":0,"max_hp_loss":0,"event_name":"Mushrooms","floor":7,"gold_loss":0,"cards_obtained":["Parasite"]},{"damage_healed":0,"gold_gain":0,"player_choice":"Searched \u00271\u0027 times","damage_taken":0,"max_hp_gain":0,"max_hp_loss":0,"event_name":"Dead Adventurer","floor":10,"gold_loss":0},{"damage_healed":0,"gold_gain":0,"player_choice":"Obtained Book","damage_taken":16,"max_hp_gain":0,"max_hp_loss":0,"event_name":"Cursed Tome","floor":20,"gold_loss":0},{"damage_healed":0,"gold_gain":0,"player_choice":"Ignored","damage_taken":0,"max_hp_gain":0,"max_hp_loss":0,"event_name":"Vampires","floor":21,"gold_loss":0},{"damage_healed":0,"gold_gain":0,"player_choice":"Fought Bandits","damage_taken":0,"max_hp_gain":0,"max_hp_loss":0,"event_name":"Masked Bandits","floor":22,"gold_loss":0}],"is_beta":false,"boss_relics":[{"not_picked":["VioletLotus","Runic Pyramid"],"picked":"Astrolabe"}],"items_purged_floors":[19],"is_endless":false,"potions_floor_spawned":[1,5,10,11,14,18],"killed_by":"Masked Bandits","ascension_level":5}}