{"host":"ThePatvocate","time":1611529624,"event":{"mods":["2.2 Compatiblity","AchievementEnabler","BaseMod","Better Match","Better Note","Better Sensory Stone","Better Third Choice","Block Reminder","Colored Map","Colored Powertips","Emptier Cage","Highlight Path","Minty Spire (QoL Compilation)","Permanent Neow","Quick Restart","Rare Cards Sparkle","StSLib"],"gold_per_floor":[119,137,157,170,170,198,198,229,229,245,245,272,223,257,257,334,334,353,366,366,366,366,291,291,303,303,303,303],"floor_reached":27,"language":"ENG","playtime":1581,"items_purged":["Strike_R"],"score":482,"play_id":"dbb1fa79-80b3-47bc-b024-7774c7bcaab4","local_time":"20210124150704","is_ascension_mode":true,"campfire_choices":[{"data":"Uppercut","floor":7.0,"key":"SMITH"},{"data":"Rampage","floor":11.0,"key":"SMITH"},{"floor":15.0,"key":"REST"},{"floor":24.0,"key":"REST"}],"circlet_count":0,"master_deck":["AscendersBane","Defend_R+1","Defend_R","Defend_R+1","Defend_R","Bash","Inflame","Shrug It Off","Uppercut+1","Ghostly Armor","Rampage+1","Whirlwind","Feed","Headbutt"],"relics":["Burning Blood","War Paint","FaceOfCleric","Letter Opener","Akabeko","Orichalcum","Bottled Flame","Calipers","Empty Cage","StrikeDummy"],"acts_visited":["Exordium","TheCity"],"potions_floor_usage":[27],"damage_taken":[{"damage":12.0,"enemies":"Small Slimes","floor":1.0,"turns":4.0},{"damage":0.0,"enemies":"Cultist","floor":2.0,"turns":3.0},{"damage":0.0,"enemies":"2 Louse","floor":3.0,"turns":4.0},{"damage":10.0,"enemies":"Exordium Wildlife","floor":4.0,"turns":5.0},{"damage":17.0,"enemies":"3 Sentries","floor":6.0,"turns":13.0},{"damage":19.0,"enemies":"Gremlin Nob","floor":8.0,"turns":4.0},{"damage":3.0,"enemies":"Looter","floor":10.0,"turns":4.0},{"damage":23.0,"enemies":"3 Sentries","floor":12.0,"turns":9.0},{"damage":18.0,"enemies":"Gremlin Nob","floor":14.0,"turns":4.0},{"damage":21.0,"enemies":"The Guardian","floor":16.0,"turns":11.0},{"damage":29.0,"enemies":"Spheric Guardian","floor":18.0,"turns":6.0},{"damage":12.0,"enemies":"Shell Parasite","floor":19.0,"turns":8.0},{"damage":24.0,"enemies":"Snake Plant","floor":25.0,"turns":4.0},{"damage":51,"enemies":"3 Cultists","floor":27,"turns":6}],"seed_played":"-6685826153216499992","potions_obtained":[{"floor":2.0,"key":"PowerPotion"},{"floor":4.0,"key":"DuplicationPotion"},{"floor":6.0,"key":"HeartOfIron"},{"floor":12.0,"key":"EssenceOfSteel"},{"floor":18.0,"key":"Dexterity Potion"},{"floor":25.0,"key":"ElixirPotion"}],"is_trial":false,"path_per_floor":["M","M","M","M","?","E","R","E","T","M","R","E","?","E","R","B",null,"M","M","?","?","?","$","R","M","T","M"],"character_chosen":"IRONCLAD","items_purchased":[],"campfire_rested":2,"item_purchase_floors":[],"current_hp_per_floor":[62,68,74,70,70,60,60,48,48,52,52,36,36,25,49,35,70,48,43,43,43,43,43,67,50,50,2,2],"gold":303,"neow_bonus":"RANDOM_COMMON_RELIC","is_daily":false,"chose_seed":false,"campfire_upgraded":2,"win_rate":0.0,"timestamp":1611529624,"path_taken":["M","M","M","M","?","E","R","E","T","?","R","E","?","E","R","BOSS","M","M","?","?","?","$","R","M","T","M"],"items_purchased_type":[],"build_version":"2020-12-18","purchased_purges":1,"victory":false,"max_hp_per_floor":[75,75,75,75,75,76,76,77,77,78,78,79,79,80,80,81,81,82,83,83,83,83,83,83,84,84,87,87],"card_choices":[{"not_picked":["Twin Strike","Flex"],"picked":"Inflame","floor":1.0},{"not_picked":["Body Slam","Flex"],"picked":"Shrug It Off","floor":2.0},{"not_picked":["Flex","Clash"],"picked":"Uppercut","floor":3.0},{"not_picked":["Flex","Perfected Strike"],"picked":"Ghostly Armor","floor":4.0},{"not_picked":["Exhume","Anger","Perfected Strike"],"picked":"SKIP","floor":6.0},{"not_picked":["Sever Soul","Combust"],"picked":"Rampage","floor":8.0},{"not_picked":["Clash","Havoc","Bludgeon"],"picked":"SKIP","floor":10.0},{"not_picked":["Heavy Blade","Evolve","Havoc"],"picked":"SKIP","floor":12.0},{"not_picked":["Inflame","Armaments"],"picked":"Whirlwind","floor":14.0},{"not_picked":["Immolate","Brutality"],"picked":"Feed","floor":16.0},{"not_picked":["Rupture","Havoc","Armaments"],"picked":"SKIP","floor":18.0},{"not_picked":["Second Wind","Cleave"],"picked":"Headbutt","floor":19.0},{"not_picked":["Shrug It Off","Havoc","Dual Wield"],"picked":"SKIP","floor":25.0}],"player_experience":1048698,"relics_obtained":[{"floor":6.0,"key":"Letter Opener"},{"floor":8.0,"key":"Akabeko"},{"floor":9.0,"key":"Orichalcum"},{"floor":12.0,"key":"Bottled Flame"},{"floor":14.0,"key":"Calipers"},{"floor":26.0,"key":"StrikeDummy"}],"event_choices":[{"damage_healed":0.0,"max_hp_gain":0.0,"max_hp_loss":0.0,"gold_gain":0.0,"event_name":"FaceTrader","player_choice":"Trade","floor":5.0,"gold_loss":0.0,"damage_taken":0.0,"relics_obtained":["FaceOfCleric"]},{"damage_healed":0.0,"max_hp_gain":0.0,"max_hp_loss":0.0,"gold_gain":0.0,"event_name":"betterThird:BetterGoop","player_choice":"Left","floor":13.0,"gold_loss":49.0,"damage_taken":0.0},{"cards_removed":["Strike_R"],"damage_healed":0.0,"max_hp_gain":0.0,"max_hp_loss":0.0,"gold_gain":0.0,"event_name":"betterThird:BetterWriting","player_choice":"Elegance","floor":20.0,"gold_loss":0.0,"damage_taken":0.0},{"damage_healed":0.0,"max_hp_gain":0.0,"max_hp_loss":0.0,"gold_gain":0.0,"event_name":"The Mausoleum","player_choice":"Ignored","floor":21.0,"gold_loss":0.0,"damage_taken":0.0},{"damage_healed":0.0,"max_hp_gain":0.0,"max_hp_loss":0.0,"gold_gain":0.0,"event_name":"Ghosts","player_choice":"Ignored","floor":22.0,"gold_loss":0.0,"damage_taken":0.0}],"is_beta":true,"boss_relics":[{"not_picked":["Mark of Pain","Pandora\u0027s Box"],"picked":"Empty Cage"}],"items_purged_floors":[23],"is_endless":false,"potions_floor_spawned":[2,4,6,12,14,18,25],"killed_by":"3 Cultists","ascension_level":20}}