{"host":"bg8va46pgqgvtzim","time":1611482593,"event":{"mods":["BaseMod","Minty Spire (QoL Compilation)","Quick Restart","StSLib","SuperFastMode"],"gold_per_floor":[111,129,129,147,167,183,28,28,55,66,66,82,82,82,98,98,132,148,168,168,168,271,321,337,356,431,331,341,341,341,352,352,384,384,384,415,415,440,460,460,470,503,520,520,520,616,616,627,647,660,660,675,675,692,721,731,764,764,764,789,806,806,835,851,851,901,911,260,260,260,260,260,27,53,53],"floor_reached":76,"language":"ZHS","playtime":3346,"items_purged":["Strike_G","Strike_G","Defend_G","Defend_G"],"score":1960,"play_id":"e6523fb9-c9f4-41ab-a9c6-29f41c9978fd","local_time":"20210124180313","is_ascension_mode":true,"campfire_choices":[{"data":"Noxious Fumes","floor":8.0,"key":"SMITH"},{"data":"Neutralize","floor":11.0,"key":"SMITH"},{"data":"Prepared","floor":16.0,"key":"SMITH"},{"data":"Acrobatics","floor":20.0,"key":"SMITH"},{"data":"Well Laid Plans","floor":21.0,"key":"SMITH"},{"data":"Prepared","floor":29.0,"key":"SMITH"},{"data":"Tools of the Trade","floor":32.0,"key":"SMITH"},{"data":"Reflex","floor":40.0,"key":"SMITH"},{"data":"Tactician","floor":44.0,"key":"SMITH"},{"data":"Acrobatics","floor":45.0,"key":"SMITH"},{"data":"Adrenaline","floor":65.0,"key":"SMITH"},{"floor":69.0,"key":"RECALL"},{"data":"Purity","floor":72.0,"key":"SMITH"}],"circlet_count":0,"master_deck":["Defend_G+1","Defend_G+1","Defend_G","Survivor","Neutralize+1","Reflex","Noxious Fumes+1","Footwork","Reflex+1","Footwork","Prepared+1","Cloak And Dagger","Acrobatics+1","Well Laid Plans+1","Tools of the Trade+1","Prepared+1","Footwork+1","Underhanded Strike+1","Noxious Fumes","Setup+1","Acrobatics+1","Prepared","Tactician+1","Grand Finale","Adrenaline+1","Purity+1","Panacea"],"relics":["Ring of the Snake","NeowsBlessing","Regal Pillow","Torii","FossilizedHelix","Tiny House","Red Mask","Paper Crane","Gambling Chip","Ancient Tea Set","Ornamental Fan","Calipers","Eternal Feather","SlaversCollar","Mummified Hand","Blood Vial","Nunchaku","Mercury Hourglass","Toy Ornithopter","The Specimen","Ice Cream","TheAbacus","Art of War"],"acts_visited":["Exordium","TheCity","TheBeyond","TheEnding"],"potions_floor_usage":[75,75,75],"damage_taken":[{"damage":0.0,"enemies":"Small Slimes","floor":1.0,"turns":1.0},{"damage":0.0,"enemies":"2 Louse","floor":2.0,"turns":1.0},{"damage":0.0,"enemies":"Jaw Worm","floor":4.0,"turns":1.0},{"damage":3.0,"enemies":"Exordium Thugs","floor":5.0,"turns":6.0},{"damage":0.0,"enemies":"2 Fungi Beasts","floor":6.0,"turns":5.0},{"damage":19.0,"enemies":"3 Sentries","floor":9.0,"turns":9.0},{"damage":4.0,"enemies":"Large Slime","floor":10.0,"turns":7.0},{"damage":19.0,"enemies":"Gremlin Gang","floor":12.0,"turns":6.0},{"damage":1.0,"enemies":"Exordium Thugs","floor":15.0,"turns":5.0},{"damage":1.0,"enemies":"Gremlin Nob","floor":17.0,"turns":3.0},{"damage":0.0,"enemies":"Blue Slaver","floor":18.0,"turns":4.0},{"damage":0.0,"enemies":"Gremlin Gang","floor":19.0,"turns":4.0},{"damage":0.0,"enemies":"Slime Boss","floor":22.0,"turns":7.0},{"damage":0.0,"enemies":"Shell Parasite","floor":24.0,"turns":9.0},{"damage":0.0,"enemies":"Chosen","floor":25.0,"turns":8.0},{"damage":0.0,"enemies":"Centurion and Healer","floor":28.0,"turns":9.0},{"damage":0.0,"enemies":"Shelled Parasite and Fungi","floor":31.0,"turns":5.0},{"damage":9.0,"enemies":"Masked Bandits","floor":33.0,"turns":5.0},{"damage":8.0,"enemies":"Slavers","floor":36.0,"turns":6.0},{"damage":0.0,"enemies":"Book of Stabbing","floor":38.0,"turns":5.0},{"damage":0.0,"enemies":"Sentry and Sphere","floor":39.0,"turns":6.0},{"damage":0.0,"enemies":"Centurion and Healer","floor":41.0,"turns":3.0},{"damage":0.0,"enemies":"Slavers","floor":42.0,"turns":6.0},{"damage":0.0,"enemies":"3 Cultists","floor":43.0,"turns":3.0},{"damage":0.0,"enemies":"Champ","floor":46.0,"turns":2.0},{"damage":0.0,"enemies":"3 Darklings","floor":48.0,"turns":3.0},{"damage":0.0,"enemies":"Orb Walker","floor":49.0,"turns":4.0},{"damage":0.0,"enemies":"Maw","floor":50.0,"turns":6.0},{"damage":0.0,"enemies":"Writhing Mass","floor":52.0,"turns":3.0},{"damage":0.0,"enemies":"4 Shapes","floor":54.0,"turns":3.0},{"damage":0.0,"enemies":"Nemesis","floor":55.0,"turns":3.0},{"damage":0.0,"enemies":"Maw","floor":56.0,"turns":2.0},{"damage":0.0,"enemies":"Reptomancer","floor":57.0,"turns":3.0},{"damage":0.0,"enemies":"Giant Head","floor":60.0,"turns":3.0},{"damage":0.0,"enemies":"Writhing Mass","floor":61.0,"turns":2.0},{"damage":0.0,"enemies":"Nemesis","floor":63.0,"turns":5.0},{"damage":0.0,"enemies":"Spire Growth","floor":64.0,"turns":1.0},{"damage":0.0,"enemies":"Mind Bloom Boss Battle","floor":66.0,"turns":1.0},{"damage":0.0,"enemies":"Maw","floor":67.0,"turns":3.0},{"damage":0.0,"enemies":"Awakened One","floor":70.0,"turns":3.0},{"damage":0.0,"enemies":"Shield and Spear","floor":74.0,"turns":2.0},{"damage":0,"enemies":"The Heart","floor":75,"turns":5}],"seed_played":"-1232120649954861600","potions_obtained":[{"floor":1.0,"key":"EntropicBrew"},{"floor":2.0,"key":"BlessingOfTheForge"},{"floor":10.0,"key":"Weak Potion"},{"floor":12.0,"key":"BlessingOfTheForge"},{"floor":17.0,"key":"Explosive Potion"},{"floor":18.0,"key":"AttackPotion"},{"floor":22.0,"key":"SpeedPotion"},{"floor":23.0,"key":"SpeedPotion"},{"floor":24.0,"key":"ColorlessPotion"},{"floor":36.0,"key":"SmokeBomb"},{"floor":38.0,"key":"Regen Potion"},{"floor":43.0,"key":"Fire Potion"},{"floor":46.0,"key":"Poison Potion"},{"floor":52.0,"key":"Energy Potion"},{"floor":60.0,"key":"Explosive Potion"},{"floor":63.0,"key":"PowerPotion"}],"is_trial":false,"path_per_floor":["M","M","?","M","M","M","$","R","E","M","R","M","T","?","M","R","E","M","M","R","R","B",null,"M","M","?","$","M","R","?","M","R","?","T","T","E","?","E","M","R","M","E","M","R","R","B",null,"M","M","M","?","M","?","M","E","M","E","T","T","E","M","?","E","M","R","?","M","$","R","B",null,"R","$","E","B",null],"character_chosen":"THE_SILENT","items_purchased":["Footwork","Ice Cream","TheAbacus","Purity","Panacea"],"campfire_rested":0,"item_purchase_floors":[7,68,68,68,73],"current_hp_per_floor":[70,70,56,56,53,53,53,53,34,30,30,11,11,11,10,10,9,9,9,9,9,9,75,75,75,68,68,68,68,68,68,68,59,59,59,51,51,51,51,51,51,66,66,75,75,75,75,75,75,75,71,71,71,71,71,71,71,71,71,71,71,71,71,71,71,71,71,71,71,71,71,71,71,71,71],"gold":53,"neow_bonus":"THREE_ENEMY_KILL","is_daily":false,"chose_seed":false,"campfire_upgraded":12,"win_rate":0.0,"timestamp":1611482593,"path_taken":["M","M","?","M","M","M","$","R","E","M","R","M","T","?","M","R","E","M","M","R","R","BOSS","M","M","?","?","M","R","?","M","R","?","T","T","E","?","E","M","R","?","E","M","R","R","BOSS","M","M","M","?","M","?","?","E","M","E","T","T","E","M","?","E","M","R","?","M","?","R","BOSS","R","$","E","BOSS"],"items_purchased_type":["Card","Relic","Relic","Card","Card"],"build_version":"2020-12-22","purchased_purges":4,"victory":true,"max_hp_per_floor":[70,70,70,70,70,70,70,70,70,70,70,70,70,70,70,70,70,70,70,70,70,70,75,75,75,75,75,75,75,75,75,75,75,75,75,75,75,75,75,75,75,75,75,75,75,75,75,75,75,75,71,71,71,71,71,71,71,71,71,71,71,71,71,71,71,71,71,71,71,71,71,71,71,71,71],"card_choices":[{"not_picked":["Setup","Cloak And Dagger","Catalyst"],"picked":"SKIP","floor":1.0},{"not_picked":["PiercingWail","Dagger Spray","Flying Knee"],"picked":"SKIP","floor":2.0},{"not_picked":["Prepared","Skewer"],"picked":"Reflex","floor":4.0},{"not_picked":["Cloak And Dagger","Finisher","Dagger Spray"],"picked":"SKIP","floor":5.0},{"not_picked":["Slice","Deadly Poison"],"picked":"Noxious Fumes","floor":6.0},{"not_picked":["Well Laid Plans","Bane"],"picked":"Reflex","floor":9.0},{"not_picked":["Deflect","Caltrops"],"picked":"Footwork","floor":10.0},{"not_picked":["Poisoned Stab","Blade Dance"],"picked":"Prepared","floor":12.0},{"not_picked":["Flying Knee","Bane","Die Die Die"],"picked":"SKIP","floor":15.0},{"not_picked":["Dash","Dagger Spray","Outmaneuver"],"picked":"SKIP","floor":17.0},{"not_picked":["Concentrate","Flying Knee"],"picked":"Acrobatics","floor":18.0},{"not_picked":["Endless Agony","Skewer"],"picked":"Well Laid Plans","floor":19.0},{"not_picked":["Grand Finale","Phantasmal Killer"],"picked":"Tools of the Trade","floor":22.0},{"not_picked":["Deadly Poison","Blur"],"picked":"Prepared","floor":23.0},{"not_picked":["Heel Hook","Masterful Stab+1","Sucker Punch+1"],"picked":"SKIP","floor":24.0},{"not_picked":["Flying Knee","Slice"],"picked":"Footwork+1","floor":25.0},{"not_picked":["Slice","Predator+1"],"picked":"Underhanded Strike+1","floor":28.0},{"not_picked":["Well Laid Plans","Deadly Poison","Choke+1"],"picked":"SKIP","floor":31.0},{"not_picked":["Quick Slash","Dagger Spray"],"picked":"Noxious Fumes","floor":33.0},{"not_picked":["Quick Slash+1","Dagger Throw","Blade Dance"],"picked":"SKIP","floor":36.0},{"not_picked":["Caltrops","Noxious Fumes+1"],"picked":"Setup+1","floor":38.0},{"not_picked":["Quick Slash","Backflip"],"picked":"Acrobatics","floor":39.0},{"not_picked":["Poisoned Stab","Phantasmal Killer"],"picked":"Prepared","floor":41.0},{"not_picked":["Prepared+1","Quick Slash"],"picked":"Tactician","floor":42.0},{"not_picked":["Prepared","Backstab","Crippling Poison"],"picked":"SKIP","floor":43.0},{"not_picked":["Burst","Phantasmal Killer"],"picked":"Grand Finale","floor":46.0},{"not_picked":["Heel Hook+1","Flying Knee","Underhanded Strike+1"],"picked":"SKIP","floor":48.0},{"not_picked":["Distraction+1","Dagger Spray+1","Prepared"],"picked":"SKIP","floor":49.0},{"not_picked":["Eviscerate+1","Dagger Spray+1","Deflect+1"],"picked":"SKIP","floor":50.0},{"not_picked":["Quick Slash","Deflect","Sucker Punch+1"],"picked":"SKIP","floor":52.0},{"not_picked":["Sucker Punch+1","Distraction+1","Flechettes"],"picked":"SKIP","floor":54.0},{"not_picked":["Skewer+1","Slice"],"picked":"Adrenaline","floor":55.0},{"not_picked":["Well Laid Plans+1","Noxious Fumes","Deadly Poison"],"picked":"SKIP","floor":56.0},{"not_picked":["Sucker Punch","Unload","Dagger Spray+1"],"picked":"SKIP","floor":57.0},{"not_picked":["Infinite Blades","Deflect+1","Malaise"],"picked":"SKIP","floor":60.0},{"not_picked":["Masterful Stab+1","Footwork+1","All Out Attack"],"picked":"SKIP","floor":61.0},{"not_picked":["Dash","Infinite Blades","All Out Attack"],"picked":"SKIP","floor":63.0},{"not_picked":["Blur","Dagger Throw+1","Endless Agony"],"picked":"SKIP","floor":64.0},{"not_picked":["Escape Plan","PiercingWail+1","Eviscerate"],"picked":"SKIP","floor":67.0},{"not_picked":["Dodge and Roll+1","Doppelganger","Slice"],"picked":"SKIP","floor":74.0}],"player_experience":2320037,"relics_obtained":[{"floor":9.0,"key":"Regal Pillow"},{"floor":13.0,"key":"Torii"},{"floor":17.0,"key":"FossilizedHelix"},{"floor":33.0,"key":"Red Mask"},{"floor":34.0,"key":"Paper Crane"},{"floor":35.0,"key":"Gambling Chip"},{"floor":36.0,"key":"Ancient Tea Set"},{"floor":38.0,"key":"Calipers"},{"floor":42.0,"key":"Eternal Feather"},{"floor":55.0,"key":"Mummified Hand"},{"floor":57.0,"key":"Blood Vial"},{"floor":59.0,"key":"Nunchaku"},{"floor":60.0,"key":"Mercury Hourglass"},{"floor":63.0,"key":"Toy Ornithopter"},{"floor":66.0,"key":"The Specimen"},{"floor":74.0,"key":"Art of War"}],"event_choices":[{"damage_healed":0.0,"max_hp_gain":0.0,"max_hp_loss":0.0,"gold_gain":0.0,"event_name":"Shining Light","player_choice":"Entered Light","floor":3.0,"gold_loss":0.0,"damage_taken":14.0,"cards_upgraded":["Strike_G","Defend_G"]},{"damage_healed":0.0,"max_hp_gain":0.0,"max_hp_loss":0.0,"gold_gain":0.0,"cards_transformed":["Strike_G"],"event_name":"Living Wall","player_choice":"Change","floor":14.0,"gold_loss":0.0,"damage_taken":0.0,"cards_obtained":["Cloak And Dagger"]},{"damage_healed":0.0,"max_hp_gain":0.0,"max_hp_loss":0.0,"gold_gain":75.0,"event_name":"FaceTrader","player_choice":"Touch","floor":26.0,"gold_loss":0.0,"damage_taken":7.0},{"cards_removed":["Strike_G"],"damage_healed":0.0,"max_hp_gain":0.0,"max_hp_loss":0.0,"gold_gain":0.0,"event_name":"Back to Basics","player_choice":"Elegance","floor":30.0,"gold_loss":0.0,"damage_taken":0.0},{"damage_healed":0.0,"max_hp_gain":0.0,"max_hp_loss":0.0,"gold_gain":0.0,"event_name":"Masked Bandits","player_choice":"Fought Bandits","floor":33.0,"gold_loss":0.0,"damage_taken":0.0},{"damage_healed":0.0,"max_hp_gain":0.0,"max_hp_loss":0.0,"gold_gain":0.0,"event_name":"WeMeetAgain","player_choice":"Gave Potion","floor":37.0,"gold_loss":0.0,"damage_taken":0.0,"relics_obtained":["Ornamental Fan"]},{"damage_healed":0.0,"max_hp_gain":0.0,"max_hp_loss":4.0,"gold_gain":0.0,"event_name":"Winding Halls","player_choice":"Max HP","floor":51.0,"gold_loss":0.0,"damage_taken":0.0},{"damage_healed":0.0,"max_hp_gain":0.0,"max_hp_loss":0.0,"gold_gain":0.0,"event_name":"SecretPortal","player_choice":"Ignored","floor":53.0,"gold_loss":0.0,"damage_taken":0.0},{"cards_removed":["Strike_G"],"damage_healed":0.0,"max_hp_gain":0.0,"max_hp_loss":0.0,"gold_gain":0.0,"event_name":"Falling","player_choice":"Removed Attack","floor":62.0,"gold_loss":0.0,"damage_taken":0.0},{"damage_healed":0.0,"max_hp_gain":0.0,"max_hp_loss":0.0,"gold_gain":0.0,"event_name":"MindBloom","player_choice":"Fight","floor":66.0,"gold_loss":0.0,"damage_taken":0.0}],"is_beta":false,"boss_relics":[{"not_picked":["Busted Crown","Fusion Hammer"],"picked":"Tiny House"},{"not_picked":["SacredBark","Pandora\u0027s Box"],"picked":"SlaversCollar"}],"items_purged_floors":[7,27,68,73],"is_endless":false,"potions_floor_spawned":[1,2,10,12,17,18,22,24,33,36,38,43,46,52,56,60,63,66,74],"ascension_level":1}}