{"host":"yuhy0i501zzmn1iz","time":1611465703,"event":{"mods":["AchievementEnabler","AlwaysNeverKeys","BaseMod","Bestiary","Better Match","Better Third Choice","Curses Come First","Downfall","Minty Spire (QoL Compilation)","StSLib","slay the spire mod where everything is the same but ironclad has a cowboy hat"],"gold_per_floor":[115,115,129,141,141,175,140,161,161,174,198,216,242,41,41,161,161,176,200,200,200],"floor_reached":20,"language":"ENG","playtime":936,"items_purged":[],"score":231,"play_id":"030def1f-e2dc-4bce-8210-18f2bd6a2084","local_time":"20210124002143","is_ascension_mode":true,"campfire_choices":[{"data":"Limit Break","floor":15.0,"key":"SMITH"}],"circlet_count":0,"master_deck":["Strike_R+1","Strike_R+1","Strike_R","Defend_R","Defend_R","Defend_R","Defend_R","Bash","Blood for Blood","Sever Soul","Thunderclap","Searing Blow","Heavy Blade","Intimidate","Limit Break+1","Thunderclap","Sword Boomerang","Double Tap","Clash","Carnage"],"relics":["Burning Blood","Champion Belt","NlothsMask","Golden Idol","Regal Pillow","Whetstone","Lee\u0027s Waffle","Empty Cage"],"acts_visited":["Exordium","TheCity"],"potions_floor_usage":[],"damage_taken":[{"damage":13.0,"enemies":"Jaw Worm","floor":1.0,"turns":5.0},{"damage":2.0,"enemies":"Cultist","floor":3.0,"turns":4.0},{"damage":0.0,"enemies":"2 Louse","floor":4.0,"turns":2.0},{"damage":37.0,"enemies":"3 Sentries","floor":6.0,"turns":7.0},{"damage":12.0,"enemies":"Blue Slaver","floor":8.0,"turns":3.0},{"damage":14.0,"enemies":"Looter","floor":10.0,"turns":3.0},{"damage":11.0,"enemies":"Exordium Wildlife","floor":11.0,"turns":4.0},{"damage":18.0,"enemies":"Blue Slaver","floor":12.0,"turns":4.0},{"damage":69.0,"enemies":"Hexaghost","floor":16.0,"turns":11.0},{"damage":22.0,"enemies":"2 Thieves","floor":18.0,"turns":3.0},{"damage":34.0,"enemies":"Shell Parasite","floor":19.0,"turns":5.0},{"damage":23,"enemies":"Snake Plant","floor":20,"turns":3}],"seed_played":"-6094755396667766279","potions_obtained":[{"floor":3.0,"key":"PowerPotion"},{"floor":11.0,"key":"champ:CounterPotion"},{"floor":12.0,"key":"hexamod:SoulburnPotion"},{"floor":16.0,"key":"Strength Potion"}],"is_trial":false,"path_per_floor":["M","?","M","M","?","E","?","M","T","M","M","M","T","$","R","B",null,"M","M","M"],"character_chosen":"IRONCLAD","items_purchased":["Lee\u0027s Waffle","Sword Boomerang"],"campfire_rested":0,"item_purchase_floors":[14,14],"current_hp_per_floor":[65,65,69,72,54,23,41,35,35,27,22,10,10,79,79,16,63,47,19,0,0],"gold":200,"neow_bonus":"ONE_RARE_RELIC","is_daily":false,"chose_seed":false,"campfire_upgraded":1,"win_rate":0.0,"timestamp":1611465703,"path_taken":["M","?","?","?","?","E","?","M","T","M","M","M","?","$","R","BOSS","M","M","M"],"items_purchased_type":["Relic","Card"],"build_version":"2020-12-22","purchased_purges":0,"victory":false,"max_hp_per_floor":[72,72,72,72,72,72,72,72,72,72,72,72,72,79,79,79,79,79,79,79,79],"card_choices":[{"not_picked":["Iron Wave","Pommel Strike"],"picked":"Blood for Blood","floor":1.0},{"not_picked":["Twin Strike","Clothesline"],"picked":"Sever Soul","floor":3.0},{"not_picked":["Flex","Second Wind"],"picked":"Thunderclap","floor":4.0},{"not_picked":["Anger","Iron Wave"],"picked":"Searing Blow","floor":6.0},{"not_picked":["True Grit","Havoc"],"picked":"Heavy Blade","floor":8.0},{"not_picked":["Warcry","Entrench"],"picked":"Intimidate","floor":10.0},{"not_picked":["Sever Soul","Inflame"],"picked":"Limit Break","floor":11.0},{"not_picked":["Blood for Blood","Flex"],"picked":"Thunderclap","floor":12.0},{"not_picked":["Bludgeon","Brutality"],"picked":"Double Tap","floor":16.0},{"not_picked":["Cleave","Warcry+1"],"picked":"Clash","floor":18.0},{"not_picked":["Reaper","Havoc"],"picked":"Carnage","floor":19}],"player_experience":338702,"relics_obtained":[{"floor":6.0,"key":"Regal Pillow"},{"floor":13.0,"key":"Whetstone"}],"event_choices":[{"damage_healed":0.0,"max_hp_gain":0.0,"max_hp_loss":0.0,"gold_gain":0.0,"event_name":"FaceTrader","player_choice":"Trade","floor":2.0,"gold_loss":0.0,"damage_taken":0.0,"relics_obtained":["NlothsMask"]},{"damage_healed":0.0,"max_hp_gain":0.0,"max_hp_loss":0.0,"gold_gain":0.0,"event_name":"Golden Idol","player_choice":"Take Damage","floor":5.0,"gold_loss":0.0,"damage_taken":18.0,"relics_obtained":["Golden Idol"]},{"damage_healed":18.0,"max_hp_gain":0.0,"max_hp_loss":0.0,"gold_gain":0.0,"event_name":"The Cleric","player_choice":"Healed","floor":7.0,"gold_loss":35.0,"damage_taken":0.0}],"is_beta":false,"boss_relics":[{"not_picked":["Pandora\u0027s Box","Cursed Key"],"picked":"Empty Cage"}],"items_purged_floors":[],"is_endless":false,"potions_floor_spawned":[3,11,12,16],"killed_by":"Snake Plant","ascension_level":6}}