{"host":"bc298c4gavna5tx2","time":1611503121,"event":{"mods":["ATMod(阿瑾Mod)","Act Like it!","BaseMod","Challenge The Spire","Lobotomy","Minty Spire (QoL Compilation)","MostiFishMod","Quarter Circle Forward PUNCH!","Quick Restart","Replay The Spire","Spicy Shops","StSLib","【功能Mod】混沌之环修复补丁","【功能Mod】聪明的最终Boss","【遗物卡牌】REMEMod"],"gold_per_floor":[116,116,116,116,133,166,166,192,216,231,231,243,277,310,310,481,481,544,544,570,23,90,90,135,135,135,259,286,314,314,340,340,470,470,516,22,86,113,132,171,204,204,204,204,250,22,45,139,139,204,256,256],"floor_reached":53,"language":"ZHS","playtime":2945,"items_purged":["Delirium"],"score":1151,"play_id":"612861a6-3665-414c-8358-262d2f3255c0","local_time":"20210124234521","is_ascension_mode":false,"campfire_choices":[{"floor":7.0,"key":"RECALL"},{"data":"Seek","floor":11.0,"key":"SMITH"},{"data":"MostiFishMod:WinterMarkForm","floor":23.0,"key":"SMITH"},{"data":"MostiFishMod:Chiaki","floor":25.0,"key":"SMITH"},{"data":"AT_BodySlamDance","floor":30.0,"key":"SMITH"},{"data":"MostiFishMod:FrostNova","floor":32.0,"key":"SMITH"},{"data":"MostiFishMod:HellRitual","floor":42.0,"key":"SMITH"},{"data":"MostiFishMod:PerfectStrikeMKII","floor":42.0,"key":"SMITH"},{"data":"Bash","floor":44.0,"key":"SMITH"},{"data":"Strike_R","floor":44.0,"key":"SMITH"},{"data":"Defend_R","floor":49.0,"key":"SMITH"},{"data":"Defend_R","floor":49.0,"key":"SMITH"}],"circlet_count":0,"master_deck":["Strike_R+1","HereticApostle","Strike_R","Strike_R","Defend_R+1","Defend_R+1","Defend_R","Defend_R","Bash+1","Seek+1","AT_MachinaRedman+1","MostiFishMod:Chiaki+1","MostiFishMod:FrostNova+1","MostiFishMod:WinterMarkForm+1","Entrench+1","AT_BodySlamDance+1","Heavy Blade+1","MostiFishMod:HellRitual+1","MostiFishMod:PerfectStrikeMKII+1","WhiteNight"],"relics":["Burning Blood","AT_ATBox","DaveBox","REME_ComplimentaryCards","BirthdayGift-Tetrahedron","CogitoBucket","RabbitCall","SynthV:TestCard","Oddly Smooth Stone","Ancient Tea Set","Replay:Bandana","ResearcherNote","ReplayTheSpireMod:Ring of Challenge","FrostBlade","MutagenicStrength","Quantum Egg","Brimstone","ReplayTheSpireMod:TigerMarble","MealTicket","StrikeDummy","ChangeAnything","REME_LowDesire","Pet Ghost","AT_EbonyIvory","OrangePellets","AT_ArchangelStaff","White Beast Statue","Replay:Arrowhead","Bottled Flame","Bag of Preparation","King of Hearts","CaptainsWheel"],"acts_visited":["Exordium","TheCity","TheBeyond"],"potions_floor_usage":[53,53],"damage_taken":[{"damage":12.0,"enemies":"Jaw Worm","floor":1.0,"turns":2.0},{"damage":4.0,"enemies":"2 Louse","floor":5.0,"turns":2.0},{"damage":2.0,"enemies":"3 Sentries","floor":6.0,"turns":2.0},{"damage":2.0,"enemies":"Cultist","floor":10.0,"turns":2.0},{"damage":0.0,"enemies":"3 Louse","floor":12.0,"turns":1.0},{"damage":0.0,"enemies":"Lagavulin","floor":13.0,"turns":1.0},{"damage":4.0,"enemies":"Blue Slaver","floor":14.0,"turns":3.0},{"damage":7.0,"enemies":"The Guardian","floor":16.0,"turns":3.0},{"damage":0.0,"enemies":"Chosen","floor":18.0,"turns":1.0},{"damage":0.0,"enemies":"2 Thieves","floor":20.0,"turns":1.0},{"damage":0.0,"enemies":"3 Cultists","floor":22.0,"turns":1.0},{"damage":2.0,"enemies":"Book of Stabbing","floor":24.0,"turns":2.0},{"damage":6.0,"enemies":"Snecko","floor":27.0,"turns":4.0},{"damage":0.0,"enemies":"Chosen and Byrds","floor":28.0,"turns":1.0},{"damage":14.0,"enemies":"Shelled Parasite and Fungi","floor":29.0,"turns":2.0},{"damage":16.0,"enemies":"Snake Plant","floor":31.0,"turns":2.0},{"damage":5.0,"enemies":"Pondfish","floor":33.0,"turns":3.0},{"damage":6.0,"enemies":"3 Shapes","floor":35.0,"turns":4.0},{"damage":2.0,"enemies":"Mind Bloom Boss Battle","floor":37.0,"turns":2.0},{"damage":0.0,"enemies":"3 Darklings","floor":38.0,"turns":1.0},{"damage":2.0,"enemies":"4 Shapes","floor":39.0,"turns":2.0},{"damage":13.0,"enemies":"Nemesis","floor":40.0,"turns":3.0},{"damage":0.0,"enemies":"Jaw Worm Horde","floor":41.0,"turns":1.0},{"damage":0.0,"enemies":"Transient","floor":45.0,"turns":1.0},{"damage":2.0,"enemies":"Sphere and 2 Shapes","floor":47.0,"turns":2.0},{"damage":4.0,"enemies":"R_Hoarder","floor":48.0,"turns":1.0},{"damage":12.0,"enemies":"FixerMidnight","floor":50.0,"turns":3.0},{"damage":2.0,"enemies":"Malkuth","floor":51.0,"turns":2.0},{"damage":14.0,"enemies":"Yesod","floor":51.0,"turns":4.0},{"damage":26.0,"enemies":"Geburah","floor":51.0,"turns":8.0},{"damage":52,"enemies":"Binah","floor":53,"turns":10},{"damage":8,"enemies":"Angela","floor":53,"turns":3}],"seed_played":"571326375826497016","potions_obtained":[{"floor":1.0,"key":"DistilledChaos"},{"floor":6.0,"key":"FearPotion"},{"floor":16.0,"key":"Fruit Juice"},{"floor":18.0,"key":"DistilledChaos"},{"floor":27.0,"key":"Strength Potion"},{"floor":31.0,"key":"Strength Potion"},{"floor":37.0,"key":"REME_GoldPotion"},{"floor":39.0,"key":"LiquidMemories"},{"floor":40.0,"key":"PowerPotion"}],"is_trial":false,"path_per_floor":["M","?","?","?","M","E","R","T","T","M","R","M","E","M","R","B",null,"M","?","M","$","M","R","E","R","T","M","M","M","R","M","R","B",null,"M","$","?","M","M","E","M","R","T","R","M","$","M","E","R","B",null,null,null,null],"character_chosen":"IRONCLAD","items_purchased":["Quantum Egg","Brimstone","ReplayTheSpireMod:TigerMarble","OrangePellets","AT_ArchangelStaff","White Beast Statue","King of Hearts"],"campfire_rested":0,"item_purchase_floors":[21,21,21,36,36,36,46],"current_hp_per_floor":[74,79,72,72,74,78,78,78,78,82,82,85,85,85,85,89,90,90,90,90,90,90,90,90,90,90,90,90,82,82,72,72,73,90,90,90,90,90,90,83,89,89,89,89,90,90,90,86,86,90,90,90],"gold":310,"neow_bonus":"","is_daily":false,"chose_seed":false,"campfire_upgraded":11,"win_rate":0.0,"timestamp":1611503121,"path_taken":["M","?","?","?","M","E","R","?","T","M","R","?","E","M","R","BOSS","M","?","M","$","?","R","E","R","T","M","M","M","R","?","R","BOSS","M","$","?","M","M","E","M","R","T","R","M","$","M","E","R","BOSS"],"items_purchased_type":["Relic","Relic","Relic","Relic","Relic","Relic","Relic"],"build_version":"2020-12-22","purchased_purges":1,"victory":true,"max_hp_per_floor":[80,85,85,85,85,85,85,85,85,85,85,85,85,85,85,90,90,90,90,90,90,90,90,90,90,90,90,90,90,90,90,90,90,90,90,90,90,90,90,90,90,90,90,90,90,90,90,90,90,90,90,90],"card_choices":[{"not_picked":["Headbutt","Heavy Blade","Wild Strike"],"picked":"SKIP","floor":1.0},{"not_picked":["Feel No Pain","Thunderclap","Replay:Undeath\u0027s Touch","AT_IchimonjiDouble","Infernal Blade"],"picked":"SKIP","floor":5.0},{"not_picked":["Life Link","Thunderclap","Iron Wave","AT_ManFootWork","Impervious"],"picked":"SKIP","floor":6.0},{"not_picked":["Feel No Pain","Fire Breathing","Cleave","AT_BodySlamDance","Replay:Undeath\u0027s Touch"],"picked":"SKIP","floor":10.0},{"not_picked":["Burning Pact","True Grit","Cleave","REME_Fury","Thunderclap"],"picked":"SKIP","floor":12.0},{"not_picked":["True Grit","Armaments","REME_Cut","Havoc","Bloodletting"],"picked":"SKIP","floor":13.0},{"not_picked":["Spot Weakness","AT_IchimonjiDouble","Hemokinesis","Havoc","ReplayTheSpireMod:Strike From Hell"],"picked":"SKIP","floor":14.0},{"not_picked":["MostiFishMod:DarkDeal","Barricade","Impervious","Offering"],"picked":"MostiFishMod:Chiaki","floor":16.0},{"not_picked":["Havoc","Searing Blow+1","Dual Wield+1","Twin Strike","Clothesline+1"],"picked":"SKIP","floor":18.0},{"not_picked":["Clothesline","Sword Boomerang","Power Through","Shrug It Off","Anger"],"picked":"SKIP","floor":20.0},{"not_picked":["Immolate","Headbutt","Pommel Strike","Evolve"],"picked":"Entrench+1","floor":22.0},{"not_picked":["Clothesline","AT_IchimonjiDouble","Infernal Blade+1","Run Through","MostiFishMod:Mania"],"picked":"SKIP","floor":24.0},{"not_picked":["AT_CaressingTears","Inflame","Run Through","Flex"],"picked":"AT_BodySlamDance","floor":27.0},{"not_picked":["Rage","AT_CaressingTears","True Grit","Intimidate","AT_BodySlamDance"],"picked":"SKIP","floor":28.0},{"not_picked":["Seeing Red+1","Dropkick+1","AT_ShrugMaster","Spot Weakness"],"picked":"Heavy Blade+1","floor":29.0},{"not_picked":["AT_IchimonjiDouble+1","AT_DrawKnifeCut+1","Run Through","Reckless Charge","Headbutt+1"],"picked":"SKIP","floor":31.0},{"not_picked":["Brutality","MostiFishMod:Mania","Barricade","MostiFishMod:WingOfPhoenix"],"picked":"MostiFishMod:HellRitual","floor":33.0},{"not_picked":["Replay:Undeath\u0027s Touch+1","AT_ManFootWork","AT_DiedThrough","Sword Boomerang","AT_GerminateFire+1","REME_WheelOfFate"],"picked":"SKIP","floor":35.0},{"not_picked":["Twin Strike","Cleave+1","Perfected Strike","True Grit","MostiFishMod:Mottled"],"picked":"MostiFishMod:PerfectStrikeMKII","floor":37.0},{"not_picked":["ReplayTheSpireMod:Strike From Hell+1","Cleave+1","Shrug It Off+1","Flex+1","Armaments","ReplayUltimateDefense"],"picked":"SKIP","floor":38.0},{"not_picked":["Sentinel","Iron Wave+1","ReplayTheSpireMod:Muscle Training+1","Shockwave+1","MostiFishMod:FireWorks","Panache"],"picked":"SKIP","floor":39.0},{"not_picked":["Wild Strike","Warcry","REME_FearOfPain","Hemokinesis","Pommel Strike","AT_Homeward+1"],"picked":"SKIP","floor":40.0},{"not_picked":["BlackArmy","NakedNest"],"picked":"WhiteNight","floor":41.0},{"not_picked":["Evolve","Cleave+1","Clash+1","MostiFishMod:HellRitual","AT_IchimonjiDouble","Swift Strike"],"picked":"SKIP","floor":41.0},{"not_picked":["Uppercut+1","Battle Trance","ReplayTheSpireMod:Corrosion Curse","Run Through","Dark Embrace+1","Survey Options"],"picked":"SKIP","floor":45.0},{"not_picked":["Abandon","Whirlwind+1","Anger+1","Iron Wave+1","Warcry","Replay:Sssssssssshield"],"picked":"SKIP","floor":47.0},{"not_picked":["True Grit","Limit Break","Sword Boomerang+1","AT_IchimonjiDouble","Searing Blow","Metamorphosis"],"picked":"SKIP","floor":48.0}],"player_experience":127887,"relics_obtained":[{"floor":1.0,"key":"SynthV:TestCard"},{"floor":6.0,"key":"Oddly Smooth Stone"},{"floor":9.0,"key":"Ancient Tea Set"},{"floor":13.0,"key":"Replay:Bandana"},{"floor":15.0,"key":"ReplayTheSpireMod:Ring of Challenge"},{"floor":24.0,"key":"MealTicket"},{"floor":26.0,"key":"StrikeDummy"},{"floor":34.0,"key":"Pet Ghost"},{"floor":34.0,"key":"AT_EbonyIvory"},{"floor":37.0,"key":"Replay:Arrowhead"},{"floor":40.0,"key":"Bottled Flame"},{"floor":43.0,"key":"Bag of Preparation"},{"floor":48.0,"key":"CaptainsWheel"}],"event_choices":[{"damage_healed":0.0,"max_hp_gain":5.0,"max_hp_loss":0.0,"gold_gain":0.0,"event_name":"Big Fish","player_choice":"Donut","floor":2.0,"gold_loss":0.0,"damage_taken":0.0},{"cards_removed":["Strike_R"],"damage_healed":0.0,"max_hp_gain":0.0,"max_hp_loss":0.0,"gold_gain":0.0,"event_name":"Golden Wing","player_choice":"Card Removal","floor":3.0,"gold_loss":0.0,"damage_taken":7.0},{"damage_healed":0.0,"max_hp_gain":0.0,"max_hp_loss":0.0,"gold_gain":0.0,"event_name":"Living Wall","player_choice":"Grow","floor":4.0,"gold_loss":0.0,"damage_taken":0.0,"cards_upgraded":["AT_MachinaRedman"]},{"damage_healed":0.0,"max_hp_gain":0.0,"max_hp_loss":0.0,"gold_gain":0.0,"event_name":"Drug Dealer","player_choice":"Inject Mutagens","floor":19.0,"gold_loss":0.0,"damage_taken":0.0,"relics_obtained":["MutagenicStrength"]},{"damage_healed":0.0,"max_hp_gain":0.0,"max_hp_loss":0.0,"gold_gain":0.0,"event_name":"MindBloom","player_choice":"Fight","floor":37.0,"gold_loss":0.0,"damage_taken":0.0}],"is_beta":false,"boss_relics":[{"not_picked":["ChewingGum","Honey Jar"],"picked":"FrostBlade"},{"not_picked":["SacredBark","AT_TrinityForce"],"picked":"REME_LowDesire"}],"items_purged_floors":[46],"is_endless":false,"potions_floor_spawned":[1,6,16,18,24,27,31,37,38,39,40,41,45,47,48,51,51,51,53,53],"ascension_level":0}}