{"host":"w8hjdfrntrrvtiu5","time":1611459212,"event":{"mods":["AchievementEnabler","BaseMod","BetterRewards","Conspire","Hubris","Marisa????????","Minty Spire (QoL Compilation)","Shop Mod","StSLib","Td1madao Mod","The Animator","egg","everything is the same but u backflip on backflip"],"gold_per_floor":[116,150,169,169,16,42,42,69,69,69,81,81,109,109,109,283,283,300,284,41,54,54,54],"floor_reached":22,"language":"ENG","playtime":881,"items_purged":[],"score":354,"play_id":"d01a431b-2c74-43f9-bb9c-28a096dc2412","local_time":"20210123223332","is_ascension_mode":true,"campfire_choices":[{"data":"Defragment","floor":7.0,"key":"SMITH"},{"data":"Blizzard","floor":10.0,"key":"SMITH"},{"floor":12.0,"key":"REST"},{"floor":15.0,"key":"REST"}],"circlet_count":0,"master_deck":["AscendersBane","Strike_B","Strike_B","Strike_B","Strike_B","Defend_B","Defend_B","Defend_B","Defend_B","Zap","Dualcast","Ball Lightning","Blizzard+1","Defragment+1","Steam","Cold Snap","Steam","Biased Cognition","Buffer","Static Discharge","conspire:SharedLibrary","MysteriousBeam"],"relics":["Cracked Core","NeowsBlessing","Pear","hubris:Icosahedron","hubris:OldNail","hubris:SlimyHat","The Courier","Matryoshka","Du-Vu Doll","NlothsMask","Fusion Hammer","Bronze Scales","PrismaticShard"],"acts_visited":["Exordium","TheCity"],"potions_floor_usage":[],"damage_taken":[{"damage":0.0,"enemies":"2 Louse","floor":1.0,"turns":1.0},{"damage":0.0,"enemies":"conspire:MimicChest","floor":2.0,"turns":1.0},{"damage":0.0,"enemies":"Small Slimes","floor":3.0,"turns":1.0},{"damage":25.0,"enemies":"3 Sentries","floor":6.0,"turns":5.0},{"damage":28.0,"enemies":"Gremlin Nob","floor":8.0,"turns":4.0},{"damage":2.0,"enemies":"Jaw Worm","floor":11.0,"turns":3.0},{"damage":18.0,"enemies":"3 Sentries","floor":13.0,"turns":7.0},{"damage":17.0,"enemies":"The Guardian","floor":16.0,"turns":12.0},{"damage":42.0,"enemies":"conspire:FuzzyDice","floor":18.0,"turns":7.0},{"damage":22.0,"enemies":"2 Thieves","floor":19.0,"turns":4.0},{"damage":9.0,"enemies":"conspire:HollyBat","floor":21.0,"turns":7.0},{"damage":24,"enemies":"Centurion and Healer","floor":22,"turns":2}],"seed_played":"9168514092011809879","potions_obtained":[{"floor":1.0,"key":"Fire Potion"},{"floor":6.0,"key":"Ancient Potion"},{"floor":21.0,"key":"SkillPotion"}],"is_trial":false,"path_per_floor":["M","?","M","?","$","E","R","E","T","R","M","R","E","?","R","B",null,"M","M","$","M","M"],"character_chosen":"DEFECT","items_purchased":["hubris:OldNail","Bronze Scales","PrismaticShard"],"campfire_rested":2,"item_purchase_floors":[5,20,20],"current_hp_per_floor":[64,74,74,74,74,49,49,21,21,21,19,43,25,25,49,32,69,27,5,5,24,0,0],"gold":54,"neow_bonus":"THREE_ENEMY_KILL","is_daily":false,"chose_seed":false,"campfire_upgraded":2,"win_rate":0.0,"timestamp":1611459212,"path_taken":["M","?","M","?","$","E","R","E","T","R","M","R","E","?","R","BOSS","M","?","$","M","M"],"items_purchased_type":["Relic","Relic","Relic"],"build_version":"2020-12-22","purchased_purges":0,"victory":false,"max_hp_per_floor":[71,81,81,81,81,81,81,81,81,81,81,81,81,81,81,81,81,81,81,81,81,81,81],"card_choices":[{"not_picked":["conspire:SharedLibrary","Turbo"],"picked":"Ball Lightning","floor":1.0},{"not_picked":["Conserve Battery","FTL"],"picked":"Blizzard","floor":2.0},{"not_picked":["Melter","Heatsinks"],"picked":"Defragment","floor":3.0},{"not_picked":["Beam Cell","Conserve Battery"],"picked":"Steam","floor":6.0},{"not_picked":["Redo","Loop"],"picked":"Cold Snap","floor":8.0},{"not_picked":["conspire:Rain","Machine Learning"],"picked":"Steam","floor":11.0},{"not_picked":["conspire:SharedLibrary","Go for the Eyes"],"picked":"Biased Cognition","floor":13.0},{"not_picked":["Core Surge","Reboot"],"picked":"Buffer","floor":16.0},{"not_picked":["Turbo","Steam"],"picked":"Static Discharge","floor":18.0},{"not_picked":["Go for the Eyes","Streamline"],"picked":"conspire:SharedLibrary","floor":19.0},{"not_picked":["Undo","Melter"],"picked":"MysteriousBeam","floor":21.0}],"player_experience":2401324,"relics_obtained":[{"floor":2.0,"key":"Pear"},{"floor":6.0,"key":"hubris:SlimyHat"},{"floor":8.0,"key":"The Courier"},{"floor":9.0,"key":"Matryoshka"},{"floor":13.0,"key":"Du-Vu Doll"}],"event_choices":[{"damage_healed":0.0,"max_hp_gain":0.0,"max_hp_loss":0.0,"gold_gain":0.0,"event_name":"FaceTrader","player_choice":"Trade","floor":14.0,"gold_loss":0.0,"damage_taken":0.0,"relics_obtained":["NlothsMask"]}],"is_beta":false,"boss_relics":[{"not_picked":["conspire:SlowCooker","Astrolabe"],"picked":"Fusion Hammer"}],"items_purged_floors":[],"is_endless":false,"potions_floor_spawned":[1,6,16,21],"killed_by":"Centurion and Healer","ascension_level":15}}