{"host":"51fyd6gkml7xavq8","time":1611468929,"event":{"mods":["BaseMod","BetterRewards","Colored Map","Energized Spire","Infinite Spire","Minty Spire (QoL Compilation)","Replay The Spire","Shop Mod","Spicy Shops","StSLib","The Blue Laboratory","[IsaacMod]????"],"gold_per_floor":[112,125,125,125,81,109,121,161,248,287,299,411,449,472,484,592,604,635,524,439,439,462,495,495,506,506,523,555,571,571,586,586,720,720,795,875,957,1050,596,596,663,211,238,238,238,238,238,238,238,250,278],"floor_reached":52,"language":"ENG","playtime":3661,"items_purged":["Normality","Hallucinations","Parasite","Strike_G"],"score":3812,"play_id":"8e9212b3-3cdc-4bbf-8632-e1422bbbd12e","local_time":"20210124031529","is_ascension_mode":true,"campfire_choices":[{"data":"1","floor":7.0,"key":"LIFT"},{"data":"2","floor":15.0,"key":"LIFT"},{"data":"infinitespire:Neurotoxin","floor":24.0,"key":"SMITH"},{"floor":30.0,"key":"REST"},{"floor":32.0,"key":"REST"},{"data":"Envenom","floor":40,"key":"SMITH"},{"data":"infinitespire:Menacing","floor":45,"key":"SMITH"},{"data":"3","floor":47,"key":"LIFT"},{"floor":49,"key":"REST"}],"circlet_count":0,"master_deck":["AscendersBane","Strike_G","Strike_G","Strike_G","Strike_G+1","Defend_G","Defend_G","Defend_G","Defend_G","Defend_G","Survivor","Neutralize","EpicFetus+1","Panache","Footwork","Backstab+1","Backstab","Footwork","Footwork","A Thousand Cuts","Envenom+1","Envenom+1","Infinite Blades","After Image+1","infinitespire:Neurotoxin+1","Noxious Fumes","Bullet Time","Infinite Blades+1","Accuracy","infinitespire:UltimateForm","infinitespire:Menacing+1","Panacea"],"relics":["Ring of the Snake","HushsDoor","BookofShadows","Girya","MerchantsRug","Ginger","GuppysPaw","ReplayTheSpireMod:Shallot","Ancient Tea Set","Juzu Bracelet","PreservedInsect","Shuriken","Oddly Smooth Stone","Pet Ghost","Bottled Flame","Centennial Puzzle","infinitespire:EvilPickle","ChampionBelt","Bronze Scales","PokeGo","InkBottle","Paper Crane","Leech","ReplayTheSpireMod:CursedCoin","Bottled Tornado","ReplayFunnel","Replay:Bandana","Replay:Rubber Ducky","energizedSpire:OgreHead","Replay:Lucky Slots"],"acts_visited":["Exordium","TheCity","TheBeyond"],"potions_floor_usage":[33,33,36,41,50],"damage_taken":[{"damage":0.0,"enemies":"2 Louse","floor":1.0,"turns":2.0},{"damage":0.0,"enemies":"Cultist","floor":2.0,"turns":3.0},{"damage":0.0,"enemies":"Lagavulin","floor":6.0,"turns":6.0},{"damage":0.0,"enemies":"3 Sentries","floor":8.0,"turns":4.0},{"damage":0.0,"enemies":"Gremlin Nob","floor":10.0,"turns":3.0},{"damage":15.0,"enemies":"Lagavulin","floor":13.0,"turns":5.0},{"damage":0.0,"enemies":"Small Slimes","floor":14.0,"turns":2.0},{"damage":0.0,"enemies":"Slime Boss","floor":16.0,"turns":5.0},{"damage":17.0,"enemies":"2 Thieves","floor":18.0,"turns":4.0},{"damage":53.0,"enemies":"Book of Stabbing","floor":23.0,"turns":6.0},{"damage":0.0,"enemies":"3 Byrds","floor":25.0,"turns":4.0},{"damage":1.0,"enemies":"Centurion and Healer","floor":27.0,"turns":7.0},{"damage":0.0,"enemies":"Gremlin Leader","floor":28.0,"turns":4.0},{"damage":0.0,"enemies":"Cultist and Chosen","floor":29.0,"turns":10.0},{"damage":8.0,"enemies":"Snake Plant","floor":31.0,"turns":4.0},{"damage":47,"enemies":"Pondfish","floor":33,"turns":8},{"damage":2,"enemies":"Giant Head","floor":35,"turns":7},{"damage":17,"enemies":"R_Hoarder","floor":36,"turns":6},{"damage":92,"enemies":"Reptomancer","floor":37,"turns":3},{"damage":1,"enemies":"Nemesis","floor":38,"turns":5},{"damage":8,"enemies":"Giant Head","floor":41,"turns":4},{"damage":0,"enemies":"Time Eater","floor":50,"turns":9},{"damage":0,"enemies":"infinitespire:MassOfShapes","floor":51,"turns":7}],"seed_played":"4577203071821275892","potions_obtained":[{"floor":1.0,"key":"blueLaboratory:Moonshine"},{"floor":10.0,"key":"AttackPotion"},{"floor":23.0,"key":"blueLaboratory:EnvenomedCoating"},{"floor":27.0,"key":"blueLaboratory:HorrorPotion"},{"floor":29.0,"key":"SpeedPotion"},{"floor":31.0,"key":"ColorlessPotion"},{"floor":33,"key":"FairyPotion"},{"floor":35,"key":"blueLaboratory:SavagePotion"},{"floor":37,"key":"DistilledChaos"}],"is_trial":false,"path_per_floor":["M","M","?","?","$","E","R","E","T","E","?","?","E","M","R","B",null,"M","$","?","?","T","E","R","M","T","M","E","M","R","M","R","B",null,"M","M","M","M","$","R","M","$","T","AVR","R","?","R","?","R","B","B",null],"character_chosen":"THE_SILENT","items_purchased":["Girya","Panache","Mango","MerchantsRug","Footwork","Ginger","Backstab","Footwork","Footwork","After Image+1","PreservedInsect","Whetstone","Paper Crane","Leech","ReplayTheSpireMod:CursedCoin","Accuracy","blueLaboratory:EmptyBottle","ReplayFunnel","Replay:Bandana"],"campfire_rested":3,"item_purchase_floors":[0,0,0,0,0,0,0,0,5,19,19,19,39,39,39,39,39,42,42],"current_hp_per_floor":[35,35,35,35,35,35,35,35,35,42,35,35,20,20,20,20,73,56,56,56,56,56,3,3,3,3,2,2,2,29,21,48,1,69,67,50,15,14,14,14,9,9,9,9,9,9,9,9,35,41,47],"gold":278,"neow_bonus":"","is_daily":false,"chose_seed":false,"campfire_upgraded":3,"win_rate":0.0,"timestamp":1611468929,"path_taken":["M","M","?","?","$","E","R","E","T","E","?","?","E","M","R","BOSS","M","$","?","?","?","E","R","M","T","M","E","M","R","M","R","BOSS","M","M","M","M","$","R","M","$","T","AVR","R","?","R","?","R","BOSS","BOSS"],"items_purchased_type":["Relic","Card","Relic","Relic","Card","Relic","Card","Card","Card","Card","Relic","Relic","Relic","Relic","Relic","Card","Potion","Relic","Relic"],"build_version":"2020-12-22","purchased_purges":4,"victory":true,"max_hp_per_floor":[84,84,84,84,84,84,84,84,84,91,91,91,91,91,91,91,91,91,91,91,91,91,91,91,91,91,91,91,91,91,91,91,91,91,91,91,91,91,91,91,91,88,88,88,88,88,88,88,88,88,88],"card_choices":[{"not_picked":[],"picked":"EpicFetus","floor":0.0},{"not_picked":["Bane","Deflect","ReplayTheSpireMod:Speed Training"],"picked":"SKIP","floor":1.0},{"not_picked":["Deflect","Quick Slash","Riddle With Holes"],"picked":"SKIP","floor":2.0},{"not_picked":["Tactician","Dodge and Roll","PiercingWail"],"picked":"SKIP","floor":6.0},{"not_picked":["Outmaneuver","Bane","PiercingWail"],"picked":"SKIP","floor":8.0},{"not_picked":["ReplayTheSpireMod:Exploit Weakness","Dagger Throw","Heel Hook"],"picked":"SKIP","floor":10.0},{"not_picked":["Cloak And Dagger","Catalyst"],"picked":"A Thousand Cuts","floor":12.0},{"not_picked":["Replay:Poison Smokescreen","PiercingWail"],"picked":"Envenom","floor":13.0},{"not_picked":["Blur","Sucker Punch","ReplayTheSpireMod:Shiv Toss"],"picked":"SKIP","floor":14.0},{"not_picked":["Burst","Malaise"],"picked":"Envenom","floor":16.0},{"not_picked":["PiercingWail","Skewer"],"picked":"Infinite Blades","floor":18.0},{"not_picked":["Poisoned Stab","Replay:Poison Smokescreen"],"picked":"infinitespire:Neurotoxin","floor":23.0},{"not_picked":["Quick Slash","Outmaneuver+1","Expertise"],"picked":"SKIP","floor":25.0},{"not_picked":["Poisoned Stab+1","Underhanded Strike","Outmaneuver"],"picked":"SKIP","floor":27.0},{"not_picked":["Prepared+1","Accuracy","Leg Sweep"],"picked":"SKIP","floor":28.0},{"not_picked":["Draining Mist","Backstab"],"picked":"Noxious Fumes","floor":29.0},{"not_picked":["Dagger Throw+1","Reflex","Catalyst"],"picked":"SKIP","floor":31.0},{"not_picked":["Die Die Die","Tools of the Trade"],"picked":"Bullet Time","floor":33},{"not_picked":["ReplayTheSpireMod:Shiv Toss+1","Dagger Spray","Burst"],"picked":"SKIP","floor":35},{"not_picked":["Distraction+1","Cloak And Dagger"],"picked":"Infinite Blades+1","floor":36},{"not_picked":["Backflip+1","Poisoned Stab","ReplayTheSpireMod:From All Sides"],"picked":"SKIP","floor":37},{"not_picked":["Eviscerate","Sucker Punch","Bane"],"picked":"SKIP","floor":38},{"not_picked":["All Out Attack","Choke","Masterful Stab"],"picked":"SKIP","floor":41},{"not_picked":["Specialist","Finesse"],"picked":"Panacea","floor":48}],"player_experience":665044,"relics_obtained":[{"floor":6.0,"key":"MawBank"},{"floor":8.0,"key":"GuppysPaw"},{"floor":9.0,"key":"ReplayTheSpireMod:Shallot"},{"floor":10.0,"key":"Strawberry"},{"floor":13.0,"key":"Juzu Bracelet"},{"floor":22.0,"key":"Oddly Smooth Stone"},{"floor":23.0,"key":"Pet Ghost"},{"floor":26.0,"key":"Bottled Flame"},{"floor":28.0,"key":"Centennial Puzzle"},{"floor":35,"key":"HowToJump"},{"floor":36,"key":"Bronze Scales"},{"floor":37,"key":"PokeGo"},{"floor":38,"key":"InkBottle"},{"floor":41,"key":"Bottled Tornado"},{"floor":43,"key":"Replay:Rubber Ducky"}],"event_choices":[{"damage_healed":0.0,"max_hp_gain":0.0,"max_hp_loss":0.0,"gold_gain":0.0,"event_name":"Living Wall","player_choice":"Grow","floor":4.0,"gold_loss":0.0,"damage_taken":0.0,"cards_upgraded":["EpicFetus"]},{"damage_healed":0.0,"max_hp_gain":0.0,"max_hp_loss":0.0,"gold_gain":0.0,"event_name":"Scrap Ooze","player_choice":"Success","floor":11.0,"gold_loss":0.0,"damage_taken":7.0,"relics_obtained":["Ancient Tea Set"]},{"damage_healed":0.0,"max_hp_gain":0.0,"max_hp_loss":0.0,"gold_gain":0.0,"event_name":"Addict","player_choice":"Obtained Relic","floor":20.0,"gold_loss":85.0,"damage_taken":0.0,"relics_obtained":["Shuriken"]},{"damage_healed":0.0,"max_hp_gain":0.0,"max_hp_loss":0.0,"gold_gain":0.0,"event_name":"Upgrade Shrine","player_choice":"Upgraded","floor":21.0,"gold_loss":0.0,"damage_taken":0.0,"cards_upgraded":["Envenom"]},{"damage_healed":0,"gold_gain":0,"player_choice":"Memory 1","damage_taken":0,"max_hp_gain":0,"max_hp_loss":0,"event_name":"SensoryStone","floor":48,"gold_loss":0}],"is_beta":false,"boss_relics":[{"not_picked":["ChewingGum","Replay:Bronze Core"],"picked":"Replay:Ancient Bell"},{"not_picked":[]},{"not_picked":["Pandora\u0027s Box","energizedSpire:StickyHand"],"picked":"ChampionBelt"},{"not_picked":[]}],"items_purged_floors":[0,39,42,44],"is_endless":false,"potions_floor_spawned":[1,10,23,27,29,31,33,35,37],"ascension_level":20}}