{"host":"o6k2gaocsza4qys9","time":1611499059,"event":{"mods":["BaseMod","Minty Spire (QoL Compilation)","Permanent Neow","Relic Stats"],"gold_per_floor":[114,114,31,45,45,79,79,110,161,193,193,218,106,106,106,183,183,199,199,211,224,274,274,305,315,315,328,243,268,168,168,168,246,246,266,0,13,13,30,30,30],"floor_reached":40,"language":"ENG","playtime":2069,"items_purged":["Strike_R","Strike_R","Strike_R+1"],"score":900,"play_id":"2e9cd069-86c9-49fa-9de2-d87bdfd28e24","local_time":"20210124223739","is_ascension_mode":true,"campfire_choices":[{"data":"Corruption","floor":7,"key":"SMITH"},{"floor":15,"key":"REST"},{"data":"Rupture","floor":23,"key":"SMITH"},{"floor":32,"key":"REST"}],"circlet_count":0,"master_deck":["AscendersBane","Strike_R+1","Defend_R+1","Defend_R+1","Defend_R+1","Defend_R+1","Bash+1","Anger","Spot Weakness+1","Twin Strike","Combust+1","Corruption+1","Shockwave","Shrug It Off","Pummel","Metallicize","Offering","Entrench+1","Burning Pact","Rupture+1","Ghostly Armor+1","Fiend Fire","Pommel Strike+1","Feel No Pain","Pommel Strike","Flame Barrier"],"relics":["Black Blood","Bag of Preparation","Gremlin Horn","Bag of Marbles","Juzu Bracelet","Meat on the Bone","Self Forming Clay","Omamori","Blood Vial","Vajra","Mark of Pain"],"acts_visited":["Exordium","TheCity","TheBeyond"],"potions_floor_usage":[4,6,8,10,33],"damage_taken":[{"damage":7,"enemies":"Jaw Worm","floor":1,"turns":2},{"damage":2,"enemies":"2 Louse","floor":4,"turns":3},{"damage":23,"enemies":"3 Sentries","floor":6,"turns":6},{"damage":10,"enemies":"Gremlin Nob","floor":8,"turns":3},{"damage":19,"enemies":"Lagavulin","floor":10,"turns":5},{"damage":21,"enemies":"Gremlin Nob","floor":12,"turns":4},{"damage":41,"enemies":"Hexaghost","floor":16,"turns":9},{"damage":7,"enemies":"2 Thieves","floor":18,"turns":3},{"damage":25,"enemies":"Shell Parasite","floor":20,"turns":4},{"damage":36,"enemies":"Snake Plant","floor":21,"turns":6},{"damage":28,"enemies":"Gremlin Leader","floor":24,"turns":5},{"damage":23,"enemies":"Shelled Parasite and Fungi","floor":25,"turns":5},{"damage":24,"enemies":"Cultist and Chosen","floor":27,"turns":5},{"damage":25,"enemies":"Slavers","floor":29,"turns":5},{"damage":19,"enemies":"Collector","floor":33,"turns":6},{"damage":11,"enemies":"3 Darklings","floor":35,"turns":5},{"damage":21,"enemies":"3 Shapes","floor":37,"turns":4},{"damage":11,"enemies":"Sphere and 2 Shapes","floor":39,"turns":5},{"damage":71,"enemies":"Nemesis","floor":40,"turns":6}],"seed_played":"-8295860806009357090","potions_obtained":[{"floor":1,"key":"Explosive Potion"},{"floor":4,"key":"BloodPotion"},{"floor":6,"key":"FairyPotion"},{"floor":8,"key":"FearPotion"},{"floor":20,"key":"Weak Potion"},{"floor":25,"key":"GamblersBrew"},{"floor":27,"key":"LiquidBronze"},{"floor":35,"key":"SpeedPotion"}],"is_trial":false,"path_per_floor":["M","?","$","M","?","E","R","E","T","E","?","E","$","?","R","B",null,"M","?","M","M","?","R","E","M","T","M","?","E","$","?","R","B",null,"M","$","M","?","M","E"],"character_chosen":"IRONCLAD","items_purchased":["Twin Strike","BloodPotion","Metallicize","Feel No Pain","PowerPotion"],"campfire_rested":2,"item_purchase_floors":[3,3,13,36,36],"current_hp_per_floor":[67,44,44,63,63,46,46,57,57,44,44,29,29,3,25,32,64,69,69,56,44,44,44,40,41,41,41,41,42,42,42,64,59,71,74,74,66,66,69,0,0],"gold":30,"neow_bonus":"THREE_CARDS","is_daily":false,"chose_seed":false,"campfire_upgraded":2,"win_rate":0.0,"timestamp":1611499059,"path_taken":["M","?","$","M","?","E","R","E","T","E","?","E","$","?","R","BOSS","M","?","M","M","?","R","E","M","T","M","?","E","?","?","R","BOSS","M","$","M","?","M","E"],"items_purchased_type":["Card","Potion","Card","Card","Potion"],"build_version":"2020-12-22","purchased_purges":3,"victory":false,"max_hp_per_floor":[75,75,75,75,75,75,75,75,75,75,75,75,75,75,75,75,75,75,75,75,75,75,75,75,75,75,75,75,75,75,75,75,75,75,75,75,75,75,75,75,75],"relic_stats":{"Blood Vial":11,"Gremlin Horn":[18,18],"counters":[19,91],"Self Forming Clay":[231],"Black Blood":174,"Bag of Preparation":[32],"Juzu Bracelet":1,"obtain_stats":[{"Blood Vial":28,"Gremlin Horn":8,"Self Forming Clay":14,"Black Blood":17,"Vajra":29,"Mark of Pain":34,"Bag of Preparation":6,"Bag of Marbles":9,"Juzu Bracelet":10,"Omamori":24,"Burning Blood":0,"Meat on the Bone":12},{"Blood Vial":13,"Gremlin Horn":4,"Self Forming Clay":6,"Black Blood":7,"Vajra":14,"Mark of Pain":15,"Bag of Preparation":3,"Bag of Marbles":4,"Juzu Bracelet":5,"Omamori":11,"Burning Blood":0,"Meat on the Bone":6},{"Blood Vial":60,"Gremlin Horn":14,"Self Forming Clay":23,"Black Blood":32,"Vajra":65,"Mark of Pain":71,"Bag of Preparation":11,"Bag of Marbles":14,"Juzu Bracelet":19,"Omamori":50,"Burning Blood":0,"Meat on the Bone":23}],"Meat on the Bone":72},"card_choices":[{"not_picked":["Pommel Strike","Thunderclap"],"picked":"Anger","floor":0},{"not_picked":["Dual Wield","Warcry"],"picked":"Spot Weakness","floor":1},{"not_picked":["Flex","Anger"],"picked":"Combust","floor":4},{"not_picked":["Flex","Brutality"],"picked":"Corruption","floor":6},{"not_picked":["Spot Weakness","Dropkick"],"picked":"Shockwave","floor":8},{"not_picked":["Anger","Headbutt"],"picked":"Shrug It Off","floor":10},{"not_picked":["Reckless Charge","Spot Weakness"],"picked":"Pummel","floor":12},{"not_picked":["Double Tap","Barricade"],"picked":"Offering","floor":16},{"not_picked":["Power Through","Clash"],"picked":"Entrench+1","floor":18},{"not_picked":["Twin Strike+1","Clothesline"],"picked":"Burning Pact","floor":20},{"not_picked":["Armaments","Inflame"],"picked":"Rupture","floor":21},{"not_picked":["Heavy Blade","Warcry"],"picked":"Ghostly Armor+1","floor":24},{"not_picked":["Clash","Anger","Pummel"],"picked":"SKIP","floor":25},{"not_picked":["Heavy Blade","Cleave","Perfected Strike"],"picked":"SKIP","floor":27},{"not_picked":["Shrug It Off","Combust","Iron Wave"],"picked":"SKIP","floor":29},{"not_picked":["Immolate","Offering"],"picked":"Fiend Fire","floor":33},{"not_picked":["Clothesline+1","Clash+1"],"picked":"Pommel Strike+1","floor":35},{"not_picked":["Metallicize","Thunderclap"],"picked":"Pommel Strike","floor":37},{"not_picked":["Body Slam","Wild Strike+1","Clash"],"picked":"SKIP","floor":39}],"player_experience":471164,"relics_obtained":[{"floor":6,"key":"Bag of Preparation"},{"floor":8,"key":"Gremlin Horn"},{"floor":9,"key":"Bag of Marbles"},{"floor":10,"key":"Juzu Bracelet"},{"floor":12,"key":"Meat on the Bone"},{"floor":24,"key":"Omamori"},{"floor":29,"key":"Vajra"}],"event_choices":[{"damage_healed":0,"gold_gain":0,"player_choice":"Entered Light","damage_taken":23,"max_hp_gain":0,"max_hp_loss":0,"event_name":"Shining Light","floor":2,"gold_loss":0,"cards_upgraded":["Bash","Strike_R"]},{"damage_healed":0,"gold_gain":0,"player_choice":"Forge","damage_taken":0,"max_hp_gain":0,"max_hp_loss":0,"event_name":"Accursed Blacksmith","floor":5,"gold_loss":0,"cards_upgraded":["Combust"]},{"damage_healed":0,"gold_gain":0,"player_choice":"Grow","damage_taken":0,"max_hp_gain":0,"max_hp_loss":0,"event_name":"Living Wall","floor":11,"gold_loss":0,"cards_upgraded":["Spot Weakness"]},{"damage_healed":0,"gold_gain":0,"player_choice":"Success","damage_taken":26,"relics_obtained":["Self Forming Clay"],"max_hp_gain":0,"max_hp_loss":0,"event_name":"Scrap Ooze","floor":14,"gold_loss":0},{"damage_healed":0,"gold_gain":0,"player_choice":"Ignored","damage_taken":0,"max_hp_gain":0,"max_hp_loss":0,"event_name":"Ghosts","floor":19,"gold_loss":0},{"damage_healed":0,"gold_gain":50,"player_choice":"Stole From Cult","damage_taken":0,"max_hp_gain":0,"max_hp_loss":0,"event_name":"Nest","floor":22,"gold_loss":0},{"damage_healed":0,"gold_gain":0,"player_choice":"Obtained Relic","damage_taken":0,"relics_obtained":["Blood Vial"],"max_hp_gain":0,"max_hp_loss":0,"event_name":"Addict","floor":28,"gold_loss":85},{"damage_healed":0,"gold_gain":0,"player_choice":"Simplicity","damage_taken":0,"max_hp_gain":0,"max_hp_loss":0,"event_name":"Back to Basics","floor":31,"gold_loss":0,"cards_upgraded":["Strike_R","Strike_R","Defend_R","Defend_R","Defend_R","Defend_R"]},{"damage_healed":0,"gold_gain":0,"cards_transformed":["Strike_R"],"player_choice":"Transformed","damage_taken":0,"max_hp_gain":0,"max_hp_loss":0,"event_name":"Transmorgrifier","floor":38,"gold_loss":0,"cards_obtained":["Flame Barrier"]}],"is_beta":false,"boss_relics":[{"not_picked":["Empty Cage","Snecko Eye"],"picked":"Black Blood"},{"not_picked":["SlaversCollar","Busted Crown"],"picked":"Mark of Pain"}],"items_purged_floors":[13,30,36],"is_endless":false,"potions_floor_spawned":[1,4,6,8,20,25,27,35],"killed_by":"Nemesis","ascension_level":20}}