{"host":"6zvpb25n18ixfmh8","time":1611451488,"event":{"mods":["Arknights The Spire","Aspiration","BaseMod","Beaked The Cultist","Bestiary","Better Skull","Better Vampires","Colored Map","Colored Powertips","Conspire","Downfall","Energized Spire","Hermit","Hubris","Infinite Spire","Minty Spire (QoL Compilation)","Quick Restart","Replay The Spire","Robot Space Explorer","Shade Mod","Spicy Shops","StSLib","The Animator","The Construct","The Dragon Tamer","The Elementalist","The Forsaken","The Marked","The Servant 0.9.4","everything is the same but u backflip on backflip","slay the spire mod where everything is the same but ironclad has a cowboy hat"],"gold_per_floor":[99,99,110,125,125,125,149,177,53,77,77,98,98,113,134,235,235,235,246,270,285,2,2,27,27,12,34,48,67,114,135,157,256,256,256,274,293,293,308,358,358,371,123,123,135,135,155,165,179,179],"floor_reached":51,"language":"ENG","playtime":5245,"items_purged":["hexamod:GhostOfSpirePresent+1"],"score":709,"play_id":"c541c4cc-6f8c-4a23-897a-8e949afcf43e","local_time":"20210123192448","is_ascension_mode":false,"campfire_choices":[{"data":"hexamod:Sear","floor":1,"key":"SMITH"},{"data":"hexamod:DynamicBlow","floor":6,"key":"SMITH"},{"data":"hexamod:SearingWound","floor":11,"key":"SMITH"},{"data":"hexamod:GhostOfSpirePresent","floor":18,"key":"SMITH"},{"data":"hexamod:BurningTouch","floor":25,"key":"SMITH"},{"data":"hexamod:GhostflameInferno","floor":35,"key":"SMITH"}],"circlet_count":0,"master_deck":["hexamod:Strike","hexamod:Strike","hexamod:Strike+1","hexamod:Strike","hexamod:Defend","hexamod:Defend","hexamod:Defend+1","hexamod:Defend","hexamod:Sear+1","hexamod:Float","infinitespire:Punishment+1","hexamod:DynamicBlow+1","hexamod:SearingWound+1","hexamod:BurningTouch+1","hexamod:BurningTouch+1","hexamod:SpectersWail","hexamod:ChargedBarrage","hexamod:RainOfEmbers+1","hexamod:SoulSteal","hexamod:GhostShield","hexamod:BurningTouch+1","hexamod:AdvancingGuard+1","hexamod:FastForward+1","hexamod:FastForward","hexamod:GhostflameInferno+1","hexamod:ThermalTransfer+1","hexamod:TimeOfNeed+1","hexamod:AdvancingGuard+1","hexamod:Hexaguard+1","hexamod:BurningTouch+1","hexamod:BurningTouch+1","infinitespire:Punishment+1"],"relics":["hexamod:SpiritBrand","hubris:Icosahedron","Toy Ornithopter","conspire:DeflatedDodgeball","aspiration:SeaSaltIceCream","Whetstone","energizedSpire:DeadBattery","BargainBundle","theForsaken:Gavel","MutagenicStrength","Tiny Chest","hexamod:TheBrokenSeal","Shuriken","Astrolabe","hubris:Towel","Bronze Scales","Replay:Bottled Eggs","DollysMirror","hubris:ToyBattleship","aspiration:Nostalgia","m_IronCrown"],"acts_visited":["Exordium","TheCity","TheBeyond"],"potions_floor_usage":[21,22,26,33,33,50,50],"damage_taken":[{"damage":3,"enemies":"2 Louse","floor":3,"turns":2},{"damage":0,"enemies":"Small Slimes","floor":4,"turns":3},{"damage":11,"enemies":"Lagavulin","floor":8,"turns":4},{"damage":5,"enemies":"downfall:FleeingMerchant","floor":9,"turns":4},{"damage":6,"enemies":"Jaw Worm","floor":10,"turns":3},{"damage":0,"enemies":"Large Slime","floor":12,"turns":6},{"damage":10,"enemies":"Exordium Thugs","floor":14,"turns":2},{"damage":0,"enemies":"Blue Slaver","floor":15,"turns":2},{"damage":7,"enemies":"SI_SHIV_ARCHETYPE","floor":16,"turns":5},{"damage":2,"enemies":"Shell Parasite","floor":19,"turns":4},{"damage":14,"enemies":"Spheric Guardian","floor":20,"turns":4},{"damage":25,"enemies":"Snake Plant","floor":21,"turns":3},{"damage":5,"enemies":"downfall:FleeingMerchant","floor":22,"turns":4},{"damage":2,"enemies":"downfall:FleeingMerchant","floor":26,"turns":4},{"damage":27,"enemies":"3 Cultists","floor":27,"turns":7},{"damage":12,"enemies":"Centurion and Healer","floor":28,"turns":3},{"damage":10,"enemies":"Snake Plant","floor":29,"turns":2},{"damage":3,"enemies":"Snecko","floor":31,"turns":3},{"damage":0,"enemies":"Centurion and Healer","floor":32,"turns":3},{"damage":23,"enemies":"IC_MUSHROOM_ARCHETYPE","floor":33,"turns":6},{"damage":0,"enemies":"Orb Walker","floor":36,"turns":2},{"damage":0,"enemies":"3 Darklings","floor":37,"turns":4},{"damage":27,"enemies":"Spire Growth","floor":39,"turns":4},{"damage":7,"enemies":"Maw","floor":42,"turns":5},{"damage":0,"enemies":"downfall:FleeingMerchant","floor":43,"turns":1},{"damage":0,"enemies":"Jaw Worm Horde","floor":45,"turns":4},{"damage":17,"enemies":"3 Darklings","floor":47,"turns":4},{"damage":6,"enemies":"Maw","floor":48,"turns":3},{"damage":0,"enemies":"Jaw Worm Horde","floor":49,"turns":4},{"damage":19,"enemies":"WA_ARCHETYPE_DIVINITY","floor":50,"turns":7}],"seed_played":"-3734996199673115704","potions_obtained":[{"floor":3,"key":"PowerPotion"},{"floor":4,"key":"SkillPotion"},{"floor":10,"key":"Weak Potion"},{"floor":28,"key":"Fire Potion"},{"floor":33,"key":"Toxic Potion"},{"floor":37,"key":"construct:ShiftPotion"},{"floor":47,"key":"Flashbang"}],"is_trial":false,"path_per_floor":["R","?","M","M","?","R","T","E","$","M","R","M","T","M","M","B",null,"R","M","M","M","$","?","T","R","$","M","M","M","?","M","M","B",null,"R","M","M","?","M","T","T","M","$","?","M","$","M","M","M","B",null],"character_chosen":"THE_SPIRIT","items_purchased":["hexamod:SecondSeal","BargainBundle","theForsaken:Gavel","Toxic Potion","Block Potion","DollysMirror","hubris:ToyBattleship","DuplicationPotion","aspiration:Nostalgia"],"campfire_rested":0,"item_purchase_floors":[9,22,22,22,22,43,43,43,43],"current_hp_per_floor":[77,58,55,55,55,55,55,44,46,40,40,47,47,44,51,51,77,77,77,63,43,57,57,57,57,74,82,70,60,39,43,50,44,87,87,87,87,87,60,60,60,53,53,53,59,59,48,48,54,51],"gold":179,"neow_bonus":"TEN_PERCENT_HP_BONUS","is_daily":false,"chose_seed":false,"campfire_upgraded":6,"win_rate":0.0,"timestamp":1611451488,"path_taken":["R","?","M","M","?","R","T","E","$","M","R","M","?","M","M","BOSS","R","M","M","M","$","?","T","R","?","M","M","M","?","M","M","BOSS","R","M","M","?","M","?","T","M","$","?","M","?","M","?","M","BOSS"],"items_purchased_type":["Card","Relic","Relic","Potion","Potion","Relic","Relic","Potion","Relic"],"build_version":"2020-12-22","purchased_purges":1,"victory":true,"max_hp_per_floor":[77,77,77,77,77,77,77,77,77,77,77,77,77,77,77,77,77,77,77,77,77,77,77,77,77,77,87,87,87,87,87,87,87,87,87,87,87,87,87,87,87,87,87,87,87,87,87,87,87,87],"card_choices":[{"not_picked":["ReplayTheSpireMod:??????????????????????","ReplayTheSpireMod:Black Plague"],"picked":"infinitespire:Punishment","floor":2},{"not_picked":["hexamod:InspiringFlames","hexamod:GhostOfSpirePast"],"picked":"hexamod:DynamicBlow","floor":3},{"not_picked":["hexamod:ThermalTransfer","hexamod:HeatMetal"],"picked":"hexamod:FirstSeal","floor":4},{"not_picked":["hexamod:NightmareGuise","hexamod:HeatMetal"],"picked":"hexamod:SearingWound","floor":8},{"not_picked":["hexamod:HauntingEcho","hexamod:GhostLash"],"picked":"hexamod:BurningTouch","floor":9},{"not_picked":["hexamod:GhostShield","hexamod:FirstSeal"],"picked":"hexamod:BurningTouch","floor":10},{"not_picked":["hexamod:ShieldOfDarkness","hexamod:NightmareGuise"],"picked":"hexamod:GhostOfSpirePresent","floor":12},{"not_picked":["hexamod:NightmareGuise","hexamod:BacktrackSmack"],"picked":"hexamod:SpectersWail","floor":14},{"not_picked":["hexamod:Incineration","hexamod:NightmareStrike"],"picked":"hexamod:ChargedBarrage","floor":15},{"not_picked":["hexamod:UnleashSpirits","hexamod:TimeOfNeed"],"picked":"hexamod:FifthSeal","floor":16},{"not_picked":["hexamod:FirstSeal","hexamod:SecondSeal"],"picked":"hexamod:FourthSeal","floor":19},{"not_picked":["hexamod:RetreatToShadows","hexamod:GhostOfSpirePast+1"],"picked":"hexamod:RainOfEmbers+1","floor":19},{"not_picked":["hexamod:RetreatToShadows","hexamod:NecessarySacrifice","hexamod:GhostLash+1"],"picked":"SKIP","floor":20},{"not_picked":["hexamod:FourthSeal","hexamod:SecondSeal"],"picked":"hexamod:FirstSeal","floor":21},{"not_picked":["hexamod:BurningTouch","hexamod:GhostShield"],"picked":"hexamod:ThirdSeal","floor":21},{"not_picked":["hexamod:FourthSeal","hexamod:ThirdSeal"],"picked":"hexamod:SecondSeal","floor":22},{"not_picked":["hexamod:EmpoweredFlame+1","hexamod:ShieldOfDarkness"],"picked":"hexamod:SoulSteal","floor":22},{"not_picked":["hexamod:StepThrough+1","hexamod:SpectersWail"],"picked":"hexamod:GhostShield","floor":22},{"not_picked":["hexamod:SecondSeal","hexamod:FirstSeal"],"picked":"hexamod:SixthSeal","floor":26},{"not_picked":["hexamod:Firestarter","hexamod:GhostOfSpireFuture"],"picked":"hexamod:BurningTouch","floor":26},{"not_picked":["hexamod:InspiringFlames","hexamod:RetreatToShadows","hexamod:NightmareGuise"],"picked":"SKIP","floor":27},{"not_picked":["hexamod:InspiringFlames","hexamod:RetreatToShadows","hexamod:NightmareGuise"],"picked":"SKIP","floor":27},{"not_picked":["hexamod:Haunt","hexamod:InspiringFlames"],"picked":"hexamod:AdvancingGuard+1","floor":28},{"not_picked":["hexamod:GhostflameBarrier","hexamod:InspiringFlames","hexamod:BacktrackSmack"],"picked":"SKIP","floor":29},{"not_picked":["hexamod:RetreatToShadows","hexamod:GhostOfSpirePast+1"],"picked":"hexamod:HexaLevel","floor":30},{"not_picked":["hexamod:Again","hexamod:HauntingEcho"],"picked":"hexamod:FastForward+1","floor":31},{"not_picked":["hexamod:SpectersWail","hexamod:HeatMetal+1"],"picked":"hexamod:FastForward","floor":32},{"not_picked":["hexamod:TimeOfNeed","hexamod:ParanormalForm"],"picked":"hexamod:GhostflameInferno","floor":33},{"not_picked":["hexamod:HauntingEcho","hexamod:SwordOfDarkness+1","hexamod:GhostLash"],"picked":"SKIP","floor":36},{"not_picked":["hexamod:FirstSeal","hexamod:AdvancingGuard","hexamod:InspiringFlames"],"picked":"SKIP","floor":37},{"not_picked":["hexamod:ShieldOfDarkness","hexamod:ThermalTransfer+1"],"picked":"hexamod:Hexaguard+1","floor":39},{"not_picked":["hexamod:ThermalTransfer","hexamod:Hexaguard+1"],"picked":"hexamod:BurningTouch+1","floor":42},{"not_picked":["hexamod:SkipABeat+1","hexamod:TurnItUp"],"picked":"hexamod:BurningTouch+1","floor":43},{"not_picked":["Twin Strike","hexamod:Firestarter+1","hexamod:Hexaguard+1"],"picked":"SKIP","floor":45},{"not_picked":["hexamod:Hexaguard","hexamod:ThermalTransfer","ReplayTheSpireMod:Muscle Training+1"],"picked":"SKIP","floor":47},{"not_picked":["hexamod:InspiringFlames","Heavy Blade+1","hexamod:EmpoweredFlame"],"picked":"SKIP","floor":48},{"not_picked":["hexamod:ShieldOfDarkness","hexamod:CatchUp","Combust+1"],"picked":"SKIP","floor":49}],"player_experience":172850,"relics_obtained":[{"floor":7,"key":"Toy Ornithopter"},{"floor":8,"key":"conspire:DeflatedDodgeball"},{"floor":13,"key":"aspiration:SeaSaltIceCream"},{"floor":24,"key":"Tiny Chest"},{"floor":30,"key":"Shuriken"},{"floor":40,"key":"Bronze Scales"},{"floor":41,"key":"Replay:Bottled Eggs"}],"event_choices":[{"damage_healed":0,"gold_gain":0,"player_choice":"Inject Mutagens","damage_taken":0,"relics_obtained":["MutagenicStrength"],"max_hp_gain":0,"max_hp_loss":0,"event_name":"Drug Dealer","floor":23,"gold_loss":0}],"is_beta":false,"boss_relics":[{"not_picked":["Coffee Dripper","conspire:RoyalGoblet"],"picked":"energizedSpire:DeadBattery"},{"not_picked":["hubris:BlackHole","Replay:Grab Bag"],"picked":"Astrolabe"}],"items_purged_floors":[22],"is_endless":false,"potions_floor_spawned":[3,4,10,12,14,19,28,31,32,33,37,45,47,48],"ascension_level":0}}