{"host":"sw6p9u0oh417cx03","time":1611460126,"event":{"mods":["AchievementEnabler","Act Like it!","BaseMod","CapriCore","DeckTracker","Highlight Path","Minty Spire (QoL Compilation)","Quick Restart","StSLib"],"gold_per_floor":[119,119,44,44,44,79,79,99,99,99,99,109,109,138,138,215,215,233,252,97,97,97,127,127,159,159,159,171,0,26,26,26,103,103,121,121,121,134,148,183,220,258,270,282,309,112,112,127,127,127,127,127,127,158,158],"floor_reached":56,"language":"ZHS","playtime":2463,"items_purged":["Strike_R","Strike_R","Pain"],"score":2438,"play_id":"2486ca29-8eb0-464f-b6a6-e49c68632c50","local_time":"20210124114846","is_ascension_mode":true,"campfire_choices":[{"data":"Pommel Strike","floor":7.0,"key":"SMITH"},{"data":"Second Wind","floor":11.0,"key":"SMITH"},{"data":"Inflame","floor":15.0,"key":"SMITH"},{"floor":24.0,"key":"REST"},{"floor":32.0,"key":"REST"},{"floor":49,"key":"RECALL"},{"floor":52,"key":"REST"}],"circlet_count":0,"master_deck":["AscendersBane","Strike_R","Defend_R","Defend_R","Defend_R","Defend_R","Pommel Strike+1","Second Wind+1","Inflame+1","Limit Break+1","Uppercut+1","Offering+1","Pommel Strike+1","Ghostly+1","Ghostly+1","Ghostly+1","Shrug It Off+1","Seeing Red+1","Offering+1"],"relics":["Burning Blood","NeowsBlessing","Incense Burner","Ornamental Fan","WarpedTongs","Darkstone Periapt","Toxic Egg 2","Pear","Astrolabe","Regal Pillow","Bag of Preparation","Orichalcum","Sundial","Fusion Hammer","MawBank","StoneCalendar","Kunai","CeramicFish","Boot"],"acts_visited":["Exordium","TheCity","TheBeyond","TheEnding"],"potions_floor_usage":[55,55,55],"damage_taken":[{"damage":0.0,"enemies":"Small Slimes","floor":1.0,"turns":1.0},{"damage":1.0,"enemies":"Gremlin Nob","floor":6.0,"turns":1.0},{"damage":1.0,"enemies":"Cultist","floor":8.0,"turns":1.0},{"damage":13.0,"enemies":"2 Louse","floor":12.0,"turns":4.0},{"damage":18.0,"enemies":"Lagavulin","floor":14.0,"turns":8.0},{"damage":51.0,"enemies":"Slime Boss","floor":16.0,"turns":8.0},{"damage":32.0,"enemies":"Shell Parasite","floor":18.0,"turns":5.0},{"damage":21.0,"enemies":"2 Thieves","floor":19.0,"turns":4.0},{"damage":7.0,"enemies":"Book of Stabbing","floor":23.0,"turns":6.0},{"damage":16.0,"enemies":"Slavers","floor":25.0,"turns":7.0},{"damage":3.0,"enemies":"Cultist and Chosen","floor":28.0,"turns":5.0},{"damage":11.0,"enemies":"Gremlin Leader","floor":30.0,"turns":6.0},{"damage":15.0,"enemies":"Automaton","floor":33.0,"turns":5.0},{"damage":3.0,"enemies":"3 Shapes","floor":35.0,"turns":2.0},{"damage":7.0,"enemies":"Orb Walker","floor":38.0,"turns":3.0},{"damage":5.0,"enemies":"Writhing Mass","floor":39.0,"turns":3.0},{"damage":4.0,"enemies":"Nemesis","floor":40.0,"turns":3.0},{"damage":13.0,"enemies":"Mind Bloom Boss Battle","floor":41.0,"turns":4.0},{"damage":9.0,"enemies":"Reptomancer","floor":42.0,"turns":3.0},{"damage":2.0,"enemies":"Jaw Worm Horde","floor":45.0,"turns":3.0},{"damage":2,"enemies":"4 Shapes","floor":48,"turns":5},{"damage":2,"enemies":"Donu and Deca","floor":50,"turns":1},{"damage":2,"enemies":"Shield and Spear","floor":54,"turns":2},{"damage":12,"enemies":"The Heart","floor":55,"turns":6}],"seed_played":"5578402125919925877","potions_obtained":[{"floor":6.0,"key":"ElixirPotion"},{"floor":8.0,"key":"Block Potion"},{"floor":19.0,"key":"Energy Potion"},{"floor":30.0,"key":"Swift Potion"},{"floor":38.0,"key":"AttackPotion"},{"floor":40.0,"key":"EntropicBrew"}],"is_trial":false,"path_per_floor":["M","?","$","T","?","E","R","M","T","?","R","M","?","E","R","B",null,"M","M","$","?","?","E","R","E","T","?","M","?","E","$","R","B",null,"M","$","?","M","M","E","?","E","T","?","M","$","T","M","R","B",null,"R","$","E","B",null],"character_chosen":"IRONCLAD","items_purchased":["AttackPotion","GamblersBrew"],"campfire_rested":3,"item_purchase_floors":[20,46],"current_hp_per_floor":[74,74,74,74,74,75,75,75,75,68,68,61,66,64,64,19,72,46,31,31,31,31,30,45,35,35,23,26,26,21,21,45,36,43,45,45,43,42,43,43,36,33,33,33,37,37,37,41,41,43,43,43,43,43,37],"gold":158,"neow_bonus":"THREE_ENEMY_KILL","is_daily":false,"chose_seed":false,"campfire_upgraded":3,"win_rate":0.0,"timestamp":1611460126,"path_taken":["M","?","$","?","?","E","R","?","T","?","R","M","?","E","R","BOSS","M","M","$","?","?","E","R","E","T","?","?","?","E","$","R","BOSS","M","$","?","M","M","E","?","E","T","?","M","$","?","M","R","BOSS","R","$","E","BOSS"],"items_purchased_type":["Potion","Potion"],"build_version":"2020-12-22","purchased_purges":3,"victory":true,"max_hp_per_floor":[75,75,75,75,75,75,75,75,75,75,75,75,80,90,90,90,90,90,90,90,45,45,45,45,45,45,45,45,45,45,45,45,45,45,45,45,43,43,43,43,43,43,43,43,43,43,43,43,43,43,43,43,43,43,43],"card_choices":[{"not_picked":["Havoc","Iron Wave"],"picked":"Shrug It Off","floor":1.0},{"not_picked":["Thunderclap","Rage"],"picked":"Pommel Strike","floor":6.0},{"not_picked":["Pummel","Twin Strike"],"picked":"Second Wind","floor":8.0},{"not_picked":["Thunderclap","Spot Weakness+1","Sever Soul"],"picked":"SKIP","floor":12.0},{"not_picked":["Anger","Warcry+1"],"picked":"Inflame","floor":14.0},{"not_picked":["Corruption","Bludgeon"],"picked":"Immolate","floor":16.0},{"not_picked":["Combust","Perfected Strike+1","Pommel Strike"],"picked":"SKIP","floor":18.0},{"not_picked":["Anger","Flame Barrier+1"],"picked":"Pommel Strike+1","floor":19.0},{"not_picked":["Warcry+1","Shrug It Off+1","Dark Embrace"],"picked":"SKIP","floor":23.0},{"not_picked":["Spot Weakness+1","Uppercut","True Grit+1"],"picked":"SKIP","floor":25.0},{"not_picked":["Combust","Iron Wave","Anger+1"],"picked":"SKIP","floor":28.0},{"not_picked":["True Grit+1","Shrug It Off+1"],"picked":"Seeing Red+1","floor":30.0},{"not_picked":["Fiend Fire","Corruption"],"picked":"Offering+1","floor":33.0},{"not_picked":["Flex+1","Sever Soul","Heavy Blade"],"picked":"SKIP","floor":35.0},{"not_picked":["Heavy Blade","True Grit+1","Iron Wave"],"picked":"SKIP","floor":38.0},{"not_picked":["Dual Wield+1","Blood for Blood","Warcry+1"],"picked":"SKIP","floor":39.0},{"not_picked":["Wild Strike","Seeing Red+1","Perfected Strike+1"],"picked":"SKIP","floor":40.0},{"not_picked":["Iron Wave","Berserk","Metallicize"],"picked":"SKIP","floor":42.0},{"not_picked":["Thunderclap+1","Power Through+1","Heavy Blade"],"picked":"SKIP","floor":45.0},{"not_picked":["Power Through+1","Flex+1","Twin Strike"],"picked":"SKIP","floor":48},{"not_picked":["Whirlwind","Pommel Strike","Cleave"],"picked":"SKIP","floor":54}],"player_experience":333061,"relics_obtained":[{"floor":4.0,"key":"Ornamental Fan"},{"floor":6.0,"key":"Darkstone Periapt"},{"floor":9.0,"key":"Toxic Egg 2"},{"floor":14.0,"key":"Pear"},{"floor":23.0,"key":"Regal Pillow"},{"floor":25.0,"key":"Bag of Preparation"},{"floor":26.0,"key":"Orichalcum"},{"floor":30.0,"key":"Sundial"},{"floor":40.0,"key":"MawBank"},{"floor":41.0,"key":"StoneCalendar"},{"floor":42.0,"key":"Kunai"},{"floor":47.0,"key":"CeramicFish"},{"floor":54,"key":"Boot"}],"event_choices":[{"cards_removed":["Shrug It Off"],"damage_healed":0.0,"max_hp_gain":0.0,"max_hp_loss":0.0,"gold_gain":0.0,"event_name":"WeMeetAgain","player_choice":"Gave Card","floor":2.0,"gold_loss":0.0,"damage_taken":0.0,"relics_obtained":["Incense Burner"]},{"damage_healed":0.0,"max_hp_gain":0.0,"max_hp_loss":0.0,"gold_gain":0.0,"event_name":"Accursed Blacksmith","player_choice":"Rummage","floor":5.0,"gold_loss":0.0,"damage_taken":0.0,"relics_obtained":["WarpedTongs"],"cards_obtained":["Pain"]},{"cards_removed":["Strike_R"],"damage_healed":0.0,"max_hp_gain":0.0,"max_hp_loss":0.0,"gold_gain":0.0,"event_name":"Golden Wing","player_choice":"Card Removal","floor":10.0,"gold_loss":0.0,"damage_taken":7.0},{"damage_healed":0.0,"max_hp_gain":5.0,"max_hp_loss":0.0,"gold_gain":0.0,"event_name":"Big Fish","player_choice":"Donut","floor":13.0,"gold_loss":0.0,"damage_taken":0.0},{"damage_healed":0.0,"max_hp_gain":0.0,"max_hp_loss":45.0,"gold_gain":0.0,"event_name":"Ghosts","player_choice":"Became a Ghost","floor":21.0,"gold_loss":0.0,"damage_taken":0.0,"cards_obtained":["Ghostly","Ghostly","Ghostly"]},{"damage_healed":0.0,"max_hp_gain":0.0,"max_hp_loss":0.0,"gold_gain":0.0,"event_name":"The Library","player_choice":"Read","floor":22.0,"gold_loss":0.0,"damage_taken":0.0,"cards_obtained":["Shrug It Off"]},{"damage_healed":0.0,"max_hp_gain":0.0,"max_hp_loss":0.0,"gold_gain":0.0,"event_name":"Knowing Skull","player_choice":"POTION ","floor":27.0,"potions_obtained":["Swift Potion"],"gold_loss":0.0,"damage_taken":12.0,"cards_obtained":[]},{"damage_healed":0.0,"max_hp_gain":0.0,"max_hp_loss":0.0,"gold_gain":0.0,"event_name":"Masked Bandits","player_choice":"Paid Fearfully","floor":29.0,"gold_loss":171.0,"damage_taken":0.0},{"damage_healed":0.0,"max_hp_gain":0.0,"max_hp_loss":2.0,"gold_gain":0.0,"event_name":"Winding Halls","player_choice":"Max HP","floor":37.0,"gold_loss":0.0,"damage_taken":0.0},{"damage_healed":0.0,"max_hp_gain":0.0,"max_hp_loss":0.0,"gold_gain":0.0,"event_name":"MindBloom","player_choice":"Fight","floor":41.0,"gold_loss":0.0,"damage_taken":0.0},{"damage_healed":0.0,"max_hp_gain":0.0,"max_hp_loss":0.0,"gold_gain":0.0,"event_name":"Tomb of Lord Red Mask","player_choice":"Ignored","floor":44.0,"gold_loss":0.0,"damage_taken":0.0}],"is_beta":false,"boss_relics":[{"not_picked":["Runic Dome","Calling Bell"],"picked":"Astrolabe"},{"not_picked":["Busted Crown","Coffee Dripper"],"picked":"Fusion Hammer"}],"items_purged_floors":[3,20,46],"is_endless":false,"potions_floor_spawned":[6,8,12,19,23,30,38,40,42,54],"ascension_level":17}}