{"host":"1445u9fdo06cpl2a","time":1611502848,"event":{"mods":["AchievementEnabler","Aspiration","Astrologer","Bard","BaseMod","Better Skull","BetterRewards","Colored Map","Colored Powertips","Conspire","Curses Come First","DeckTracker","Duelist Mod","GifTheSpireLib","GungeonMod","Halation","Hermit","Highlight Path","Hubris","Infinite Spire","Minty Spire (QoL Compilation)","Permanent Neow","Random Character Button","Rare Cards Sparkle","Replay The Spire","Shop Mod","Spire Arcade","StSLib","Stuff the Spire","Td1madao Mod","The Blackbeard","The Bladedancer","The Construct","The Cursed","The Forsaken","The Gatherer","The Hierophant","The Marked","The Mystic","The Necromancer","The Poker Player","The Runesmith","The Saiyan","vexMod"],"gold_per_floor":[111,111,130,130,147,173,173,191,243,243,256,256,271,281,281,379,379,396,249,261,261,277,277,302,202,228,228,228],"floor_reached":27,"language":"ENG","playtime":1719,"items_purged":["Strike_G","Strike_G"],"score":235,"play_id":"d44c1f10-5973-4287-a1ac-d4c93460d07a","local_time":"20210124154048","is_ascension_mode":false,"campfire_choices":[{"data":"Infinite Blades","floor":7.0,"key":"SMITH"},{"data":"Footwork","floor":12.0,"key":"SMITH"},{"floor":15.0,"key":"REST"},{"data":"Infinite Blades","floor":23,"key":"SMITH"}],"circlet_count":0,"master_deck":["Strike_G","Strike_G","Strike_G","Defend_G","Defend_G","Defend_G","Defend_G","Defend_G","Survivor","Neutralize","Blade Dance+1","Choke","Footwork+1","Infinite Blades+1","Finisher","Dagger Throw","Prepared","Outmaneuver","Doppelganger","Poisoned Stab","Infinite Blades+1","Prepared"],"relics":["Ring of the Snake","aspiration:Nostalgia","Cracked Core","Replay:WaspNest","Replay:Bottled Snecko","Toy Ornithopter","hubris:OldNail","halation:PinkAlligatorPlush","CultistMask","vexMod:Dragonfruit","DemoMod:WeirdEgg"],"acts_visited":["Exordium","TheCity"],"potions_floor_usage":[16,27],"damage_taken":[{"damage":0.0,"enemies":"Cultist","floor":1.0,"turns":3.0},{"damage":0.0,"enemies":"2 Louse","floor":3.0,"turns":3.0},{"damage":1.0,"enemies":"Jaw Worm","floor":5.0,"turns":2.0},{"damage":3.0,"enemies":"Lagavulin","floor":6.0,"turns":6.0},{"damage":15.0,"enemies":"3 Louse","floor":8.0,"turns":4.0},{"damage":8.0,"enemies":"Exordium Thugs","floor":11.0,"turns":3.0},{"damage":0.0,"enemies":"Exordium Wildlife","floor":13.0,"turns":1.0},{"damage":9.0,"enemies":"Lots of Slimes","floor":14.0,"turns":4.0},{"damage":13,"enemies":"The Guardian","floor":16,"turns":14},{"damage":14,"enemies":"3 Byrds","floor":18,"turns":3},{"damage":37,"enemies":"conspire:FuzzyDice","floor":20,"turns":3},{"damage":20,"enemies":"Cultist and Chosen","floor":22,"turns":2},{"damage":39,"enemies":"Nightmare","floor":24,"turns":7},{"damage":47,"enemies":"Gremlin Leader","floor":27,"turns":4}],"seed_played":"-1901262615410393967","potions_obtained":[{"floor":1.0,"key":"SkillPotion"},{"floor":3.0,"key":"Venom Potion"},{"floor":8.0,"key":"Dexterity Potion"},{"floor":18,"key":"SkillPotion"}],"is_trial":false,"path_per_floor":["M","T","M","?","M","E","R","M","T","?","M","R","M","M","R","B",null,"M","$","M","?","M","R","NM","$","T","E"],"character_chosen":"THE_SILENT","items_purchased":["Infinite Blades"],"campfire_rested":1,"item_purchase_floors":[19],"current_hp_per_floor":[70,70,70,70,69,66,66,51,51,33,30,30,30,21,42,34,70,56,56,19,19,70,70,36,36,36,0,0],"gold":228,"neow_bonus":"NOSTALGIA","is_daily":false,"chose_seed":false,"campfire_upgraded":3,"win_rate":0.0,"timestamp":1611502848,"path_taken":["M","?","M","?","M","E","R","M","T","?","M","R","?","M","R","BOSS","M","$","M","?","M","R","NM","?","T","E"],"items_purchased_type":["Card"],"build_version":"2020-12-22","purchased_purges":2,"victory":false,"max_hp_per_floor":[70,70,70,70,70,70,70,70,70,70,70,70,70,70,70,70,70,70,70,70,70,70,70,75,75,75,75,75],"card_choices":[{"not_picked":["Hidden Blade","Dodge and Roll"],"picked":"Blade Dance","floor":1.0},{"not_picked":["ReplayTheSpireMod:Exploit Weakness","hubris:Counter"],"picked":"Choke","floor":3.0},{"not_picked":["Dash","Night Terror"],"picked":"Footwork","floor":5.0},{"not_picked":["hubris:SlightOfHand","Heel Hook"],"picked":"Infinite Blades","floor":6.0},{"not_picked":["StuffTheSpire:ClusterCrunch","Sucker Punch"],"picked":"Finisher","floor":8.0},{"not_picked":["StuffTheSpire:Python","Acrobatics"],"picked":"Dagger Throw","floor":11.0},{"not_picked":["Deflect","Dodge and Roll"],"picked":"Prepared","floor":13.0},{"not_picked":["conspire:PoisonWeapons","StuffTheSpire:BumpUp"],"picked":"Outmaneuver","floor":14.0},{"not_picked":["ReplayTheSpireMod:Necrosis","infinitespire:Neurotoxin"],"picked":"Doppelganger","floor":16},{"not_picked":["hubris:SlightOfHand","StuffTheSpire:ClusterCrunch"],"picked":"Poisoned Stab","floor":18},{"not_picked":["Underhanded Strike","StuffTheSpire:Python"],"picked":"Prepared","floor":20},{"not_picked":["ReplayTheSpireMod:Exploit Weakness","StuffTheSpire:Injection","Tactician"],"picked":"SKIP","floor":22},{"not_picked":["Infinite Blades","Deflect","Masterful Stab"],"picked":"SKIP","floor":24},{"not_picked":["Infinite Blades","Deflect","Masterful Stab"],"picked":"SKIP","floor":24}],"player_experience":95376,"relics_obtained":[{"floor":2.0,"key":"Replay:WaspNest"},{"floor":6.0,"key":"Replay:Bottled Snecko"},{"floor":9.0,"key":"Toy Ornithopter"},{"floor":24,"key":"vexMod:Dragonfruit"},{"floor":26,"key":"DemoMod:WeirdEgg"}],"event_choices":[{"damage_healed":0.0,"max_hp_gain":0.0,"max_hp_loss":0.0,"gold_gain":0.0,"event_name":"Living Wall","player_choice":"Grow","floor":4.0,"gold_loss":0.0,"damage_taken":0.0,"cards_upgraded":["Blade Dance"]},{"damage_healed":0.0,"max_hp_gain":0.0,"max_hp_loss":0.0,"gold_gain":0.0,"event_name":"Scrap Ooze","player_choice":"Success","floor":10.0,"gold_loss":0.0,"damage_taken":18.0,"relics_obtained":["hubris:OldNail"]},{"damage_healed":0,"gold_gain":0,"player_choice":"Trade","damage_taken":0,"relics_obtained":["CultistMask"],"max_hp_gain":0,"max_hp_loss":0,"event_name":"FaceTrader","floor":21,"gold_loss":0}],"is_beta":false,"boss_relics":[{"not_picked":["Kintsugi","ReplayTheSpireMod:DimensionalGlitch"],"picked":"halation:PinkAlligatorPlush"}],"items_purged_floors":[19,25],"is_endless":true,"potions_floor_spawned":[1,3,8,18],"killed_by":"Gremlin Leader","ascension_level":0}}