{"host":"zh52cun1g5egmafn","time":1611486670,"event":{"mods":["AchievementEnabler","Arknights The Spire","BaseMod","DeckTracker","Minty Spire (QoL Compilation)","StSLib"],"gold_per_floor":[116,41,41,116,116,116,143,143,143,171,187,187,204,217,217,321,321,338,338,47,58,58],"floor_reached":21,"language":"KOR","playtime":838,"items_purged":["ats:Strike G","ats:Strike S"],"score":273,"play_id":"26e66256-a8f2-4470-bd66-1d14b69b6055","local_time":"20210124201110","is_ascension_mode":true,"campfire_choices":[{"data":"ats:Closed Bolt Burst Fire","floor":6.0,"key":"SMITH"},{"data":"ats:Magnetic Hammer","floor":8.0,"key":"SMITH"},{"floor":15.0,"key":"REST"}],"circlet_count":0,"master_deck":["ats:Strike V+1","ats:Armor Crushing Shot+1","ats:Defend","ats:Defend","ats:Defend","ats:Defend","ats:Emotion Absorption","ats:Closed Bolt Burst Fire+1","ats:Magnetic Hammer+1","ats:Defend Order","ats:Absolute Focus+1","ats:Healing Strengthening","ats:Encircling Forest+1","ats:Revitalization+1","ats:Roar Of Ursus"],"relics":["ats:Sanity","NeowsBlessing","Lantern","Odd Mushroom","Eternal Feather","ats:Originium","Toxic Egg 2"],"acts_visited":["Exordium","TheCity"],"potions_floor_usage":[21],"damage_taken":[{"damage":0.0,"enemies":"Cultist","floor":1.0,"turns":1.0},{"damage":0.0,"enemies":"The Mushroom Lair","floor":7.0,"turns":2.0},{"damage":0.0,"enemies":"3 Sentries","floor":10.0,"turns":1.0},{"damage":3.0,"enemies":"2 Louse","floor":11.0,"turns":2.0},{"damage":0.0,"enemies":"Jaw Worm","floor":13.0,"turns":2.0},{"damage":0.0,"enemies":"Exordium Thugs","floor":14.0,"turns":2.0},{"damage":21.0,"enemies":"The Guardian","floor":16.0,"turns":11.0},{"damage":30.0,"enemies":"Shell Parasite","floor":18.0,"turns":5.0},{"damage":26,"enemies":"2 Thieves","floor":21,"turns":5}],"seed_played":"4183767179880943235","potions_obtained":[{"floor":10.0,"key":"Block Potion"},{"floor":11.0,"key":"FearPotion"},{"floor":13.0,"key":"Dexterity Potion"},{"floor":21,"key":"Weak Potion"}],"is_trial":false,"path_per_floor":["M","$","T","?","?","R","?","R","T","E","M","?","M","M","R","B",null,"M","?","$","M"],"character_chosen":"DOCTOR_CLASS","items_purchased":["ats:Revitalization+1","ats:Roar Of Ursus"],"campfire_rested":1,"item_purchase_floors":[20,20],"current_hp_per_floor":[65,65,65,54,47,47,47,47,47,47,44,30,30,30,57,36,63,33,33,33,23,23],"gold":58,"neow_bonus":"THREE_ENEMY_KILL","is_daily":false,"chose_seed":false,"campfire_upgraded":2,"win_rate":0.0,"timestamp":1611486670,"path_taken":["M","$","?","?","?","R","?","R","T","E","M","?","M","M","R","BOSS","M","?","$","M"],"items_purchased_type":["Card","Card"],"build_version":"2020-12-22","purchased_purges":2,"victory":false,"max_hp_per_floor":[72,72,72,72,72,72,72,72,72,72,72,72,72,72,72,72,72,72,72,72,72,72],"card_choices":[{"not_picked":["ats:Leaping Hammer","ats:Red Shift"],"picked":"ats:Closed Bolt Burst Fire","floor":1.0},{"not_picked":["ats:Closed Bolt Burst Fire","ats:Flame Of Heaven"],"picked":"ats:Magnetic Hammer","floor":7.0},{"not_picked":["ats:Explosion Area Strengthen","ats:Ambush","ats:Curse Doll+1"],"picked":"SKIP","floor":10.0},{"not_picked":["ats:Closed Bolt Burst Fire","ats:Hammer On"],"picked":"ats:Defend Order","floor":11.0},{"not_picked":["ats:Closed Bolt Burst Fire","ats:Guard Mode+1"],"picked":"ats:Absolute Focus+1","floor":13.0},{"not_picked":["ats:Poison Spread","ats:Hammer On"],"picked":"ats:Healing Strengthening","floor":14.0},{"not_picked":["ats:Powerful Strike+1","ats:Explosion Area Strengthen"],"picked":"ats:Encircling Forest+1","floor":18.0},{"not_picked":["ats:Shadow Raid+1","ats:Flexible Camouflage+1","ats:Blood Oath"],"picked":"SKIP","floor":21}],"player_experience":214687,"relics_obtained":[{"floor":3.0,"key":"Lantern"},{"floor":7.0,"key":"Odd Mushroom"},{"floor":9.0,"key":"Eternal Feather"},{"floor":10.0,"key":"ats:Originium"},{"floor":10.0,"key":"Toxic Egg 2"}],"event_choices":[{"damage_healed":0.0,"max_hp_gain":0.0,"max_hp_loss":0.0,"gold_gain":75.0,"event_name":"World of Goop","player_choice":"Gather Gold","floor":4.0,"gold_loss":0.0,"damage_taken":11.0},{"cards_removed":["ats:Strike C"],"damage_healed":0.0,"max_hp_gain":0.0,"max_hp_loss":0.0,"gold_gain":0.0,"event_name":"Golden Wing","player_choice":"Card Removal","floor":5.0,"gold_loss":0.0,"damage_taken":7.0},{"damage_healed":0.0,"max_hp_gain":0.0,"max_hp_loss":0.0,"gold_gain":0.0,"event_name":"Mushrooms","player_choice":"Fought Mushrooms","floor":7.0,"gold_loss":0.0,"damage_taken":0.0},{"damage_healed":0.0,"max_hp_gain":0.0,"max_hp_loss":0.0,"gold_gain":0.0,"event_name":"Shining Light","player_choice":"Entered Light","floor":12.0,"gold_loss":0.0,"damage_taken":14.0,"cards_upgraded":["ats:Armor Crushing Shot","ats:Strike V"]},{"damage_healed":0,"gold_gain":0,"player_choice":"Ignored","damage_taken":0,"max_hp_gain":0,"max_hp_loss":0,"event_name":"Cursed Tome","floor":19,"gold_loss":0}],"is_beta":false,"boss_relics":[{"not_picked":["Snecko Eye","Ectoplasm","Runic Dome"]}],"items_purged_floors":[2,20],"is_endless":false,"potions_floor_spawned":[10,11,13,14,21],"killed_by":"2 Thieves","ascension_level":7}}