{"host":"a1eatafr7pisesky","time":1611496538,"event":{"mods":["AchievementEnabler","BaseMod","Colored Map","Keyboard Shortcuts","Minty Spire (QoL Compilation)","Say the Spire","StSLib","SuperFastMode","everything is the same but u backflip on backflip"],"gold_per_floor":[110,1,14,14,27,56,56,56,109,137,137,27,61,76,76,177,177,193,193,212,226,226,257,257,257,257,51,51,81,81,92,92,196,196,215,215,225,6,53,86,86,11,65,80,98,98,98],"floor_reached":46,"language":"KOR","playtime":1401,"items_purged":["Defend_P","Strike_P","Defend_P","Protect"],"score":840,"play_id":"d608d69a-1152-447f-93b7-ce177f764f38","local_time":"20210124225538","is_ascension_mode":true,"campfire_choices":[{"floor":7.0,"key":"REST"},{"data":"Eruption","floor":11.0,"key":"SMITH"},{"floor":15.0,"key":"REST"},{"data":"Adaptation","floor":25.0,"key":"SMITH"},{"floor":28.0,"key":"REST"},{"floor":32.0,"key":"REST"},{"floor":41.0,"key":"REST"}],"circlet_count":0,"master_deck":["Strike_P+1","Eruption+1","Vigilance","FearNoEvil","FollowUp","FlurryOfBlows+1","MentalFortress","TalkToTheHand","Wallop","Worship","Scrawl","FlurryOfBlows","EmptyBody","Adaptation+1","DevaForm","Fasting2","ReachHeaven","DeceiveReality","Adaptation"],"relics":["PureWater","NeowsBlessing","Bag of Preparation","Potion Belt","Whetstone","Dream Catcher","Runic Pyramid","Pocketwatch","FossilizedHelix","Membership Card","HornCleat","Busted Crown","Bottled Tornado","Torii","Mercury Hourglass"],"acts_visited":["Exordium","TheCity","TheBeyond"],"potions_floor_usage":[46],"damage_taken":[{"damage":0.0,"enemies":"Jaw Worm","floor":1.0,"turns":1.0},{"damage":0.0,"enemies":"Cultist","floor":3.0,"turns":1.0},{"damage":0.0,"enemies":"Small Slimes","floor":5.0,"turns":1.0},{"damage":42.0,"enemies":"Lagavulin","floor":6.0,"turns":4.0},{"damage":0.0,"enemies":"Gremlin Nob","floor":10.0,"turns":2.0},{"damage":8.0,"enemies":"Lagavulin","floor":13.0,"turns":4.0},{"damage":11.0,"enemies":"Gremlin Gang","floor":14.0,"turns":5.0},{"damage":33.0,"enemies":"The Guardian","floor":16.0,"turns":10.0},{"damage":10.0,"enemies":"3 Byrds","floor":18.0,"turns":4.0},{"damage":0.0,"enemies":"Spheric Guardian","floor":20.0,"turns":3.0},{"damage":24.0,"enemies":"Snake Plant","floor":21.0,"turns":6.0},{"damage":18.0,"enemies":"Gremlin Leader","floor":23.0,"turns":8.0},{"damage":21.0,"enemies":"Slavers","floor":29.0,"turns":5.0},{"damage":9.0,"enemies":"Centurion and Healer","floor":31.0,"turns":4.0},{"damage":2.0,"enemies":"Champ","floor":33.0,"turns":9.0},{"damage":9.0,"enemies":"3 Shapes","floor":35.0,"turns":3.0},{"damage":18.0,"enemies":"3 Darklings","floor":37.0,"turns":5.0},{"damage":24.0,"enemies":"2 Orb Walkers","floor":39.0,"turns":6.0},{"damage":0.0,"enemies":"Giant Head","floor":40.0,"turns":5.0},{"damage":0.0,"enemies":"Maw","floor":44.0,"turns":5.0},{"damage":9.0,"enemies":"Sphere and 2 Shapes","floor":45.0,"turns":5.0},{"damage":27,"enemies":"Reptomancer","floor":46,"turns":2}],"seed_played":"-7519308983988519833","potions_obtained":[{"floor":5.0,"key":"LiquidMemories"},{"floor":14.0,"key":"StancePotion"},{"floor":16.0,"key":"AttackPotion"},{"floor":18.0,"key":"Strength Potion"},{"floor":23.0,"key":"Dexterity Potion"},{"floor":31.0,"key":"GamblersBrew"}],"is_trial":false,"path_per_floor":["M","$","M","?","M","E","R","$","T","E","R","$","E","M","R","B",null,"M","?","M","M","?","E","?","R","T","$","R","E","?","M","R","B",null,"M","?","M","$","?","E","R","$","T","M","M","E"],"character_chosen":"WATCHER","items_purchased":["FearNoEvil","MentalFortress","DuplicationPotion","Membership Card","Bottled Tornado","Adaptation"],"campfire_rested":5,"item_purchase_floors":[2,12,12,27,38,38],"current_hp_per_floor":[65,65,65,65,65,23,44,44,44,44,44,44,36,25,46,13,57,47,72,72,48,48,30,30,30,30,30,51,30,30,21,42,40,64,55,55,37,37,13,13,34,34,34,34,25,0,0],"gold":98,"neow_bonus":"THREE_ENEMY_KILL","is_daily":false,"chose_seed":false,"campfire_upgraded":2,"win_rate":0.0,"timestamp":1611496538,"path_taken":["M","$","M","?","?","E","R","$","T","E","R","?","E","M","R","BOSS","M","?","?","M","?","E","?","R","T","$","R","E","?","M","R","BOSS","M","?","M","$","?","E","R","?","T","M","M","E"],"items_purchased_type":["Card","Card","Potion","Relic","Relic","Card"],"build_version":"2020-12-22","purchased_purges":4,"victory":false,"max_hp_per_floor":[72,72,72,72,72,72,72,72,72,72,72,72,72,72,72,72,72,72,72,72,72,72,72,72,72,72,72,72,72,72,72,72,72,72,72,72,72,72,72,72,72,72,72,72,72,72,72],"card_choices":[{"not_picked":["Crescendo","ClearTheMind","Consecrate"],"picked":"SKIP","floor":1.0},{"not_picked":["SashWhip","CrushJoints"],"picked":"FollowUp","floor":3.0},{"not_picked":["Omniscience","EmptyBody"],"picked":"FlurryOfBlows","floor":5.0},{"not_picked":["Consecrate","FollowUp"],"picked":"Protect","floor":6.0},{"not_picked":["Weave","Crescendo","Sanctity"],"picked":"SKIP","floor":10.0},{"not_picked":["FlyingSleeves","Perseverance"],"picked":"TalkToTheHand","floor":13.0},{"not_picked":["Prostrate","ThirdEye"],"picked":"Wallop","floor":14.0},{"not_picked":["Fasting2","Weave"],"picked":"Worship","floor":15.0},{"not_picked":["Brilliance","Vault"],"picked":"Scrawl","floor":16.0},{"not_picked":["SashWhip","Halt"],"picked":"FlurryOfBlows","floor":18.0},{"not_picked":["Evaluate","CrushJoints"],"picked":"EmptyBody","floor":20.0},{"not_picked":["Sanctity","CarveReality"],"picked":"Adaptation","floor":21.0},{"not_picked":["Consecrate","Evaluate"],"picked":"DevaForm","floor":23.0},{"not_picked":["Evaluate+1","Crescendo","Vault"],"picked":"SKIP","floor":29.0},{"not_picked":["Perseverance","Protect","SandsOfTime+1"],"picked":"SKIP","floor":31.0},{"not_picked":["TalkToTheHand+1"],"picked":"SKIP","floor":35.0},{"not_picked":["Wallop+1"],"picked":"SKIP","floor":37.0},{"not_picked":["Protect"],"picked":"SKIP","floor":40.0},{"not_picked":["ThirdEye+1"],"picked":"SKIP","floor":44.0},{"not_picked":["Crescendo"],"picked":"SKIP","floor":45.0}],"player_experience":344708,"relics_obtained":[{"floor":6.0,"key":"Bag of Preparation"},{"floor":9.0,"key":"Potion Belt"},{"floor":10.0,"key":"Whetstone"},{"floor":13.0,"key":"Dream Catcher"},{"floor":23.0,"key":"Pocketwatch"},{"floor":26.0,"key":"FossilizedHelix"},{"floor":29.0,"key":"HornCleat"},{"floor":39.0,"key":"Torii"},{"floor":40.0,"key":"Mercury Hourglass"}],"event_choices":[{"cards_removed":["Defend_P"],"damage_healed":0.0,"max_hp_gain":0.0,"max_hp_loss":0.0,"gold_gain":0.0,"event_name":"Purifier","player_choice":"Purged","floor":4.0,"gold_loss":0.0,"damage_taken":0.0},{"damage_healed":25.0,"max_hp_gain":0.0,"max_hp_loss":0.0,"gold_gain":0.0,"event_name":"Wheel of Change","player_choice":"Full Heal","floor":19.0,"gold_loss":0.0,"damage_taken":0.0},{"damage_healed":0.0,"max_hp_gain":0.0,"max_hp_loss":0.0,"gold_gain":0.0,"event_name":"Vampires","player_choice":"Ignored","floor":22.0,"gold_loss":0.0,"damage_taken":0.0},{"damage_healed":0.0,"max_hp_gain":0.0,"max_hp_loss":0.0,"gold_gain":0.0,"event_name":"The Library","player_choice":"Read","floor":24.0,"gold_loss":0.0,"damage_taken":0.0,"cards_obtained":["Fasting2"]},{"damage_healed":0.0,"max_hp_gain":0.0,"max_hp_loss":0.0,"gold_gain":0.0,"cards_transformed":["Strike_P","Defend_P"],"event_name":"Drug Dealer","player_choice":"Became Test Subject","floor":30.0,"gold_loss":0.0,"damage_taken":0.0,"cards_obtained":["ReachHeaven","DeceiveReality"]},{"cards_removed":["Strike_P"],"damage_healed":0.0,"max_hp_gain":0.0,"max_hp_loss":0.0,"gold_gain":0.0,"event_name":"Falling","player_choice":"Removed Attack","floor":36.0,"gold_loss":0.0,"damage_taken":0.0},{"damage_healed":0.0,"max_hp_gain":0.0,"max_hp_loss":0.0,"gold_gain":0.0,"event_name":"Mysterious Sphere","player_choice":"Fight","floor":39.0,"gold_loss":0.0,"damage_taken":0.0}],"is_beta":false,"boss_relics":[{"not_picked":["HolyWater","Coffee Dripper"],"picked":"Runic Pyramid"},{"not_picked":["Snecko Eye","Tiny House"],"picked":"Busted Crown"}],"items_purged_floors":[2,27,38,42],"is_endless":false,"potions_floor_spawned":[5,14,16,18,23,31,37,39,45],"killed_by":"Reptomancer","ascension_level":9}}