{"host":"kw4o7b3ro2ktmmbe","time":1611462280,"event":{"mods":["BaseMod","CatGirl Mod","Evolution","Minty Spire (QoL Compilation)","StSLib"],"gold_per_floor":[116,116,41,52,70,70,70,70,93,93,107,117,117,130,130,225,225,236,256,219,232,232,232,258,258,258,258,107,107,135,135,135],"floor_reached":31,"language":"ENG","playtime":9668,"items_purged":[],"score":313,"play_id":"f9295d20-cfb8-48eb-a7ed-238f2a2139a2","local_time":"20210124172440","is_ascension_mode":false,"campfire_choices":[{"data":"theCatGirl:BloodScent","floor":6.0,"key":"SMITH"},{"data":"theCatGirl:Claws","floor":8.0,"key":"SMITH"},{"data":"theCatGirl:Claws","floor":15.0,"key":"SMITH"},{"data":"theCatGirl:Evasion","floor":23.0,"key":"SMITH"},{"data":"theCatGirl:HungerClaw","floor":25,"key":"SMITH"},{"data":"theCatGirl:BloodScent","floor":29,"key":"SMITH"}],"circlet_count":0,"master_deck":["theCatGirl:Strike","theCatGirl:Strike","theCatGirl:Strike","theCatGirl:Defend","theCatGirl:Defend","theCatGirl:Defend","theCatGirl:Defend","theCatGirl:ClawStrike","theCatGirl:Evasion+1","theCatGirl:SpinningStrike+1","theCatGirl:BloodScent+1","theCatGirl:Claws+1","theCatGirl:Claws+1","theCatGirl:Parry","theCatGirl:Parry","theCatGirl:AngryForm","theCatGirl:BloodScent+1","theCatGirl:BloodScent","theCatGirl:UnrelentingAssault+1","theCatGirl:HungerClaw+1","theCatGirl:Stalk+1"],"relics":["EVO:Axolotl","Sozu","Bag of Marbles","Coffee Dripper","Potion Belt","Bottled Tornado","Blood Vial","Ornamental Fan"],"acts_visited":["Exordium","TheCity"],"potions_floor_usage":[],"damage_taken":[{"damage":0.0,"enemies":"2 Louse","floor":1.0,"turns":3.0},{"damage":1.0,"enemies":"Cultist","floor":4.0,"turns":3.0},{"damage":11.0,"enemies":"Jaw Worm","floor":5.0,"turns":2.0},{"damage":0.0,"enemies":"Looter","floor":11.0,"turns":2.0},{"damage":0.0,"enemies":"Gremlin Gang","floor":12.0,"turns":2.0},{"damage":0.0,"enemies":"2 Fungi Beasts","floor":14.0,"turns":1.0},{"damage":0.0,"enemies":"Slime Boss","floor":16.0,"turns":5.0},{"damage":0.0,"enemies":"3 Byrds","floor":18.0,"turns":5.0},{"damage":10.0,"enemies":"Spheric Guardian","floor":19.0,"turns":3.0},{"damage":15.0,"enemies":"Snecko","floor":21.0,"turns":5.0},{"damage":21,"enemies":"Slavers","floor":24,"turns":4},{"damage":12,"enemies":"Gremlin Leader","floor":30,"turns":4},{"damage":8,"enemies":"Centurion and Healer","floor":31,"turns":1}],"seed_played":"-4976582134624840404","potions_obtained":[],"is_trial":false,"path_per_floor":["M","?","$","M","M","R","?","R","T","?","M","M","$","M","R","B",null,"M","M","$","M","?","R","E","R","T","?","$","R","E","M"],"character_chosen":"THE_CATGIRL","items_purchased":["theCatGirl:BloodScent","theCatGirl:BloodScent","Blood Vial"],"campfire_rested":0,"item_purchase_floors":[3,20,28],"current_hp_per_floor":[70,70,70,69,58,58,58,58,58,58,58,58,58,58,58,58,70,70,60,60,45,45,45,24,24,24,11,11,11,1,0,0],"gold":135,"neow_bonus":"BOSS_RELIC","is_daily":false,"chose_seed":false,"campfire_upgraded":6,"win_rate":0.0,"timestamp":1611462280,"path_taken":["M","?","?","M","?","R","?","R","T","?","M","M","$","M","R","BOSS","M","?","$","M","?","R","E","R","T","?","?","R","E","M"],"items_purchased_type":["Card","Card","Relic"],"build_version":"2020-12-22","purchased_purges":0,"victory":false,"max_hp_per_floor":[70,70,70,70,70,70,70,70,70,70,70,70,70,70,70,70,70,70,70,70,70,70,70,70,70,70,75,75,75,75,79,79],"card_choices":[{"not_picked":["theCatGirl:DefensiveStance","theCatGirl:ScratchFlurry"],"picked":"theCatGirl:SpinningStrike","floor":1.0},{"not_picked":["theCatGirl:ClenchYourTeeth","theCatGirl:RecoveryBlow"],"picked":"theCatGirl:Claws","floor":4.0},{"not_picked":["theCatGirl:ClawScratch","theCatGirl:DefensiveStance"],"picked":"theCatGirl:Claws","floor":5.0},{"not_picked":["theCatGirl:FinishingMove","theCatGirl:KeepAlert","theCatGirl:UnrelentingAssault"],"picked":"SKIP","floor":11.0},{"not_picked":["theCatGirl:ScratchFlurry","theCatGirl:ClawScratch"],"picked":"theCatGirl:Parry","floor":12.0},{"not_picked":["theCatGirl:Insane","theCatGirl:PlayAround"],"picked":"theCatGirl:Parry","floor":14.0},{"not_picked":["theCatGirl:LearnThePattern","theCatGirl:Insane"],"picked":"theCatGirl:AngryForm","floor":16.0},{"not_picked":["theCatGirl:LostTrinket","theCatGirl:BodyBlow"],"picked":"theCatGirl:BloodScent","floor":18.0},{"not_picked":["theCatGirl:QuickStrike","theCatGirl:ScratchFlurry","theCatGirl:BodyBlow"],"picked":"SKIP","floor":19.0},{"not_picked":["theCatGirl:RunningWithDaggers","theCatGirl:DefensiveStance"],"picked":"theCatGirl:UnrelentingAssault+1","floor":21.0},{"not_picked":["theCatGirl:LuckyBlow+1","theCatGirl:AccidentalSlap+1"],"picked":"theCatGirl:HungerClaw","floor":24},{"not_picked":["theCatGirl:LearnByMistake","theCatGirl:Growl"],"picked":"theCatGirl:Stalk+1","floor":30}],"player_experience":1831079,"relics_obtained":[{"floor":9.0,"key":"Bag of Marbles"},{"floor":24,"key":"Potion Belt"},{"floor":26,"key":"Bottled Tornado"},{"floor":30,"key":"Ornamental Fan"}],"event_choices":[{"damage_healed":0.0,"max_hp_gain":0.0,"max_hp_loss":0.0,"gold_gain":0.0,"event_name":"The Woman in Blue","player_choice":"Bought 0 Potions","floor":2.0,"gold_loss":0.0,"damage_taken":0.0},{"damage_healed":0.0,"max_hp_gain":0.0,"max_hp_loss":0.0,"gold_gain":0.0,"event_name":"Living Wall","player_choice":"Grow","floor":7.0,"gold_loss":0.0,"damage_taken":0.0,"cards_upgraded":["theCatGirl:SpinningStrike"]},{"cards_removed":["theCatGirl:Strike"],"damage_healed":0.0,"max_hp_gain":0.0,"max_hp_loss":0.0,"gold_gain":0.0,"event_name":"Bonfire Elementals","player_choice":"Offered Basic","floor":10.0,"gold_loss":0.0,"damage_taken":0.0},{"damage_healed":0,"gold_gain":0,"player_choice":"Shed Blood","damage_taken":18,"max_hp_gain":5,"max_hp_loss":0,"event_name":"Forgotten Altar","floor":27,"gold_loss":0}],"is_beta":false,"boss_relics":[{"not_picked":["Snecko Eye","Velvet Choker"],"picked":"Coffee Dripper"}],"items_purged_floors":[],"is_endless":false,"potions_floor_spawned":[4,11,14,16,18,19],"killed_by":"Centurion and Healer","ascension_level":0}}