{"host":"xy4wqu8xo5i22v3h","time":1611485978,"event":{"mods":["Act Like it!","BaseMod","Minty Spire (QoL Compilation)","SIMod","StSLib","WarShipGirlsR/’ΩΩ¢…Ÿ≈ÆR mod"],"gold_per_floor":[112,122,133,152,171,197,197,216,216,39,39,70,70,88,88,192,192,209,222,222,238,99,99,99,109,133,133,150,150,150],"floor_reached":29,"language":"ZHS","playtime":1558,"items_purged":["rmod:strick","rmod:strick"],"score":264,"play_id":"c4221210-5de2-4231-929b-95a89f4d0767","local_time":"20210124185938","is_ascension_mode":false,"campfire_choices":[{"data":"rmod:abidefaith","floor":7.0,"key":"SMITH"},{"floor":11.0,"key":"REST"},{"data":"rmod:goodsister","floor":15.0,"key":"SMITH"},{"data":"rmod:ridicule","floor":23.0,"key":"SMITH"},{"floor":27.0,"key":"REST"}],"circlet_count":0,"master_deck":["rmod:strick","rmod:strick","rmod:defend","rmod:defend","rmod:defend","rmod:basicallowance","rmod:maingunfire","rmod:luckystar","rmod:victimresponsibility","rmod:supportescort","rmod:fletcherpendant","rmod:abidefaith+1","rmod:supportaircraftcarrier","rmod:fletcherpendant","rmod:ammunitionsupply","rmod:mineteam","rmod:goodsister+1","rmod:ridicule+1","rmod:expedition","rmod:salvage+1","rmod:salvage","rmod:fletcherpendant","rmod:fletcher+1"],"relics":["rmod:firstchargereward","Shuriken","Bottled Tornado","Strawberry","SacredBark","Enchiridion","Pen Nib"],"acts_visited":["Exordium","TheCity"],"potions_floor_usage":[],"damage_taken":[{"damage":0.0,"enemies":"Cultist","floor":1.0,"turns":3.0},{"damage":4.0,"enemies":"Jaw Worm","floor":2.0,"turns":3.0},{"damage":0.0,"enemies":"Small Slimes","floor":3.0,"turns":3.0},{"damage":6.0,"enemies":"Exordium Wildlife","floor":4.0,"turns":5.0},{"damage":0.0,"enemies":"Large Slime","floor":5.0,"turns":4.0},{"damage":25.0,"enemies":"Gremlin Nob","floor":6.0,"turns":5.0},{"damage":0.0,"enemies":"Blue Slaver","floor":8.0,"turns":2.0},{"damage":0.0,"enemies":"Lagavulin","floor":12.0,"turns":5.0},{"damage":6.0,"enemies":"Looter","floor":14.0,"turns":3.0},{"damage":18.0,"enemies":"Hexaghost","floor":16.0,"turns":8.0},{"damage":0.0,"enemies":"Spheric Guardian","floor":18.0,"turns":3.0},{"damage":28.0,"enemies":"2 Thieves","floor":19.0,"turns":3.0},{"damage":13.0,"enemies":"Centurion and Healer","floor":21.0,"turns":3.0},{"damage":12.0,"enemies":"Snecko","floor":25.0,"turns":3.0},{"damage":17.0,"enemies":"Shelled Parasite and Fungi","floor":28.0,"turns":5.0},{"damage":23,"enemies":"Sentry and Sphere","floor":29,"turns":4}],"seed_played":"-2289275170737866540","potions_obtained":[{"floor":4.0,"key":"LiquidBronze"},{"floor":5.0,"key":"FearPotion"},{"floor":12.0,"key":"LiquidBronze"},{"floor":14.0,"key":"Dexterity Potion"},{"floor":16.0,"key":"Strength Potion"},{"floor":18.0,"key":"AttackPotion"},{"floor":21.0,"key":"Explosive Potion"},{"floor":28.0,"key":"Fire Potion"}],"is_trial":false,"path_per_floor":["M","M","M","M","M","E","R","M","T","$","R","E","?","M","R","B",null,"M","M","?","M","$","R","?","M","T","R","M","M"],"character_chosen":"PRAEFECT","items_purchased":["rmod:ammunitionsupply","rmod:mineteam","rmod:salvage"],"campfire_rested":2,"item_purchase_floors":[10,10,22],"current_hp_per_floor":[82,78,78,72,72,47,47,47,47,47,71,78,71,65,65,47,89,89,61,45,32,32,32,32,20,20,46,29,6,6],"gold":150,"neow_bonus":"TEN_PERCENT_HP_BONUS","is_daily":false,"chose_seed":false,"campfire_upgraded":3,"win_rate":0.0,"timestamp":1611485978,"path_taken":["M","M","M","?","M","E","R","M","T","$","R","E","?","M","R","BOSS","M","M","?","M","$","R","?","M","T","R","M","M"],"items_purchased_type":["Card","Card","Card"],"build_version":"2020-12-22","purchased_purges":2,"victory":false,"max_hp_per_floor":[82,82,82,82,82,82,82,82,82,82,82,89,89,89,89,89,89,89,89,89,89,89,89,89,89,89,89,89,89,89],"card_choices":[{"not_picked":["rmod:aviationdawn","rmod:supportescort"],"picked":"rmod:luckystar","floor":1.0},{"not_picked":["rmod:openingtorpedo","rmod:fletcherpendant"],"picked":"rmod:victimresponsibility","floor":2.0},{"not_picked":["rmod:fuelsupply","rmod:spoils"],"picked":"rmod:supportescort","floor":3.0},{"not_picked":["rmod:rockthrower","rmod:wolves"],"picked":"rmod:fletcherpendant","floor":4.0},{"not_picked":["rmod:victimresponsibility","rmod:diamondstrike"],"picked":"rmod:abidefaith","floor":5.0},{"not_picked":["rmod:generalist","rmod:expeditionaryescort"],"picked":"rmod:supportaircraftcarrier","floor":6.0},{"not_picked":["rmod:guardianhero","rmod:tearstotiara"],"picked":"rmod:fletcherpendant","floor":8.0},{"not_picked":["rmod:supportescort","rmod:firesupport","rmod:diamondstrike"],"picked":"SKIP","floor":12.0},{"not_picked":["rmod:goodfighter","rmod:firesupport"],"picked":"rmod:goodsister","floor":14.0},{"not_picked":["rmod:expeditionaryescort","rmod:highspeedmaneuver"],"picked":"rmod:ridicule","floor":16.0},{"not_picked":["rmod:intelligenceanalysis","rmod:smokecover","rmod:firesupport"],"picked":"SKIP","floor":18.0},{"not_picked":["rmod:smokecover+1","rmod:openingtorpedo"],"picked":"rmod:expedition","floor":19.0},{"not_picked":["rmod:maintain","rmod:tearstotiara+1"],"picked":"rmod:salvage+1","floor":21.0},{"not_picked":["rmod:rockthrower+1","rmod:robin","rmod:spoils"],"picked":"SKIP","floor":25.0},{"not_picked":["rmod:wolves","rmod:chargemoney","rmod:sl+1"],"picked":"SKIP","floor":28.0}],"player_experience":15303,"relics_obtained":[{"floor":6.0,"key":"Shuriken"},{"floor":9.0,"key":"Bottled Tornado"},{"floor":12.0,"key":"Strawberry"},{"floor":20.0,"key":"Enchiridion"},{"floor":26.0,"key":"Pen Nib"}],"event_choices":[{"cards_removed":["rmod:defend"],"damage_healed":0.0,"max_hp_gain":0.0,"max_hp_loss":0.0,"gold_gain":0.0,"event_name":"Golden Wing","player_choice":"Card Removal","floor":13.0,"gold_loss":0.0,"damage_taken":7.0},{"damage_healed":0.0,"max_hp_gain":0.0,"max_hp_loss":0.0,"gold_gain":0.0,"event_name":"Cursed Tome","player_choice":"Obtained Book","floor":20.0,"gold_loss":0.0,"damage_taken":16.0}],"is_beta":false,"boss_relics":[{"not_picked":["Cursed Key","Runic Dome"],"picked":"SacredBark"}],"items_purged_floors":[10,22],"is_endless":false,"potions_floor_spawned":[4,5,12,14,16,18,19,21,28],"killed_by":"Sentry and Sphere","ascension_level":0}}