{"host":"snn1c4qsf0fj7fzf","time":1611518370,"event":{"mods":["AchievementEnabler","Aspiration","Astrologer","BaseMod","Colored Powertips","Downfall","Duelist Mod","GifTheSpireLib","Hermit","Hubris","Infinite Spire","Lobotomy","Marisa????????","Minty Spire (QoL Compilation)","Random Character Button","Rare Cards Sparkle","Reimu??????","Replay The Spire","Shop Mod","Spire Arcade","StSLib","The Administrix","The Cursed","The Gatherer","The Hierophant","The Poker Player","The Runesmith"],"gold_per_floor":[119,119,119,135,149,149,176,193,193,227,1,1,36,50,50,155,155,166,166,182,208,208,243,243,273,321,421,441,441,452,471,471,573,573,627,627,680,902,112,112,112,112,139,139,160,200,229,271,271,271],"floor_reached":51,"language":"ENG","playtime":4097,"items_purged":["Strike_B","ReplayTheSpireMod:GoodbyeWorld","ReplayTheSpireMod:Restless Dread","downfall:Aged"],"score":1239,"play_id":"ec86f42f-3c23-41b2-b07b-365556500820","local_time":"20210125035930","is_ascension_mode":true,"campfire_choices":[{"data":"Zap","floor":6,"key":"SMITH"},{"data":"ReplayTheSpireMod:Calculation Training","floor":12,"key":"SMITH"},{"floor":24,"key":"REST"},{"data":"Fission","floor":24,"key":"SMITH"},{"data":"Creative AI","floor":29,"key":"SMITH"},{"floor":32,"key":"REST"},{"data":"White Noise","floor":32,"key":"SMITH"},{"floor":40,"key":"REST"},{"data":"hubris:InfiniteBlow+5","floor":40,"key":"SMITH"},{"floor":49,"key":"REST"},{"data":"hubris:InfiniteBlow+7","floor":49,"key":"SMITH"}],"circlet_count":0,"master_deck":["Defend_B","Defend_B","Defend_B","Zap+1","Dualcast","Gash","Heatsinks+1","infinitespire:Fortify","Go for the Eyes","Go for the Eyes","Beam Cell","Gash","ReplayTheSpireMod:Calculation Training+1","Coolheaded","Buffer","Gash","Replay:Fractal Strike","ReplayTheSpireMod:Haul","Hologram+1","Slimebound:Tackle+1","Slimebound:Tackle+1","Slimebound:Tackle+1","Steam","downfall:Haunted","downfall:Haunted","Creative AI+1","Hallucinations","White Noise+1","hubris:InfiniteBlow+8","infinitespire:Collect","Go for the Eyes+1","Hello World+1","Storm+1","Scrape+1","Rebound","Gash"],"relics":["Cracked Core","aspiration:Nostalgia","FlyPower:ReiMu","Runesmith:Nanobots","aspiration:ChemicalBlood","ReplayTheSpireMod:TigerMarble","Frozen Eye","Incense Burner","aspiration:MobileForge","infinitespire:Magic Flask","Red Mask","hubris:64BitClover","Oddly Smooth Stone","Lantern","Darkstone Periapt","infinitespire:EvilPickle","Sozu","aspiration:VileToxins","Prayer Wheel","MerchantsRug","Replay:WaspNest","Regal Pillow","Toolbox","hubris:ToyBattleship","Nunchaku","Blood Vial","infinitespire:Freezer"],"acts_visited":["Exordium","TheCity","TheBeyond"],"potions_floor_usage":[10,16,16,30,30,33,33,35],"damage_taken":[{"damage":0,"enemies":"Small Slimes","floor":1,"turns":4},{"damage":2,"enemies":"Jaw Worm","floor":4,"turns":4},{"damage":0,"enemies":"Cultist","floor":5,"turns":3},{"damage":9,"enemies":"Gremlin Nob","floor":7,"turns":5},{"damage":9,"enemies":"Exordium Thugs","floor":8,"turns":3},{"damage":15,"enemies":"3 Sentries","floor":10,"turns":7},{"damage":9,"enemies":"Lagavulin","floor":13,"turns":4},{"damage":3,"enemies":"Large Slime","floor":14,"turns":6},{"damage":9,"enemies":"Hexaghost","floor":16,"turns":11},{"damage":10,"enemies":"Spheric Guardian","floor":18,"turns":6},{"damage":7,"enemies":"3 Byrds","floor":20,"turns":4},{"damage":3,"enemies":"Masked Bandits","floor":21,"turns":5},{"damage":12,"enemies":"Gremlin Leader","floor":23,"turns":6},{"damage":0,"enemies":"Slavers","floor":25,"turns":6},{"damage":1,"enemies":"Centurion and Healer","floor":28,"turns":4},{"damage":35,"enemies":"Snecko","floor":30,"turns":6},{"damage":0,"enemies":"Snake Plant","floor":31,"turns":3},{"damage":9,"enemies":"Pondfish","floor":33,"turns":12},{"damage":21,"enemies":"3 Darklings","floor":35,"turns":5},{"damage":14,"enemies":"3 Shapes","floor":37,"turns":5},{"damage":9,"enemies":"Writhing Mass","floor":45,"turns":4},{"damage":13,"enemies":"Reptomancer","floor":46,"turns":3},{"damage":0,"enemies":"Sphere and 2 Shapes","floor":47,"turns":2},{"damage":13,"enemies":"Nemesis","floor":48,"turns":5},{"damage":0,"enemies":"Time Eater","floor":50,"turns":8}],"seed_played":"-3952932080637174495","potions_obtained":[{"floor":5,"key":"LiquidMemories"},{"floor":7,"key":"EssenceOfSteel"},{"floor":10,"key":"Weak Potion"},{"floor":13,"key":"infinitespire:BlackPotion"},{"floor":23,"key":"Fire Potion"}],"is_trial":false,"path_per_floor":["M","?","?","M","M","R","E","M","T","E","$","R","E","M","R","B",null,"M","AVR","M","?","?","E","R","E","T","?","M","R","M","M","R","B",null,"M","AVR","M","?","$","R","?","?","T","?","M","E","M","E","R","B",null],"character_chosen":"DEFECT","items_purchased":["Frozen Eye","MerchantsRug","Replay:WaspNest","Regal Pillow","Toolbox"],"campfire_rested":4,"item_purchase_floors":[11,39,39,39,39],"current_hp_per_floor":[75,75,57,55,55,55,46,37,37,22,22,22,13,10,10,1,75,65,65,58,55,55,43,65,65,65,100,99,99,64,64,97,88,110,89,89,75,75,75,110,110,110,110,110,101,88,90,79,110,110],"gold":271,"neow_bonus":"NOSTALGIA","is_daily":false,"chose_seed":false,"campfire_upgraded":7,"win_rate":0.0,"timestamp":1611518370,"path_taken":["M","?","?","?","?","R","E","M","T","E","$","R","E","M","R","BOSS","M","AVR","M","?","?","E","R","E","T","?","M","R","M","M","R","BOSS","M","AVR","M","?","$","R","?","?","T","?","?","E","M","E","R","BOSS"],"items_purchased_type":["Relic","Relic","Relic","Relic","Relic"],"build_version":"2020-12-22","purchased_purges":4,"victory":true,"max_hp_per_floor":[75,75,75,75,75,75,75,75,75,75,75,75,75,75,75,75,75,75,75,75,75,75,75,75,75,75,110,110,110,110,110,110,110,110,110,110,110,110,110,110,110,110,110,110,110,110,110,110,110,110],"card_choices":[{"not_picked":["Streamline","Rebound"],"picked":"Gash","floor":1},{"not_picked":["infinitespire:Execution","infinitespire:TheBestDefense"],"picked":"infinitespire:Fortify","floor":3},{"not_picked":["Thunder Strike","Redo"],"picked":"Go for the Eyes","floor":4},{"not_picked":["Sweeping Beam","Streamline"],"picked":"Go for the Eyes","floor":5},{"not_picked":["Heatsinks","Cold Snap"],"picked":"Beam Cell","floor":7},{"not_picked":["Leap","ReplaySort"],"picked":"Gash","floor":8},{"not_picked":["Chill","hubris:SpecializedCircuitry"],"picked":"ReplayTheSpireMod:Calculation Training","floor":10},{"not_picked":["Turbo","Coolheaded"],"picked":"ReplayTheSpireMod:GoodbyeWorld","floor":13},{"not_picked":["BasicCrystalCard","Capacitor"],"picked":"Coolheaded","floor":14},{"not_picked":["hubris:DoWhile","Multi-Cast"],"picked":"Buffer","floor":16},{"not_picked":["Streamline","Storm"],"picked":"Gash","floor":18},{"not_picked":["ReplayTheSpireMod:System Scan","Redo"],"picked":"Hologram+1","floor":20},{"not_picked":["ReplayTheSpireMod:GoodbyeWorld","Coolheaded"],"picked":"Fission","floor":23},{"not_picked":["Storm","Compile Driver"],"picked":"Steam","floor":25},{"not_picked":["Beam Cell","Leap+1","Seek"],"picked":"SKIP","floor":28},{"not_picked":["Glacier+1","Ball Lightning","ReplaySort"],"picked":"SKIP","floor":30},{"not_picked":["Sweeping Beam","Hologram"],"picked":"White Noise","floor":31},{"not_picked":["Fission","hubris:SpecializedCircuitry"],"picked":"ReplayTheSpireMod:Fabricate Wheel","floor":33},{"not_picked":["BasicCrystalCard","Turbo","Steam+1"],"picked":"SKIP","floor":35},{"not_picked":["Streamline+1","Sweeping Beam+1"],"picked":"Go for the Eyes+1","floor":37},{"not_picked":["Coolheaded+1","Rip and Tear"],"picked":"Hello World+1","floor":37},{"not_picked":["Coolheaded","Steam"],"picked":"Storm+1","floor":45},{"not_picked":["Hologram+1","BasicCrystalCard"],"picked":"Scrape+1","floor":45},{"not_picked":["Loop+1","aspiration:Polymerization"],"picked":"Rebound","floor":46},{"not_picked":["ReplayRNGCard","Redo","Streamline"],"picked":"SKIP","floor":47},{"not_picked":["Go for the Eyes+1","Ball Lightning+1","Compile Driver+1"],"picked":"SKIP","floor":47},{"not_picked":["Redo","Static Discharge+1"],"picked":"Gash","floor":48}],"player_experience":314738,"relics_obtained":[{"floor":7,"key":"Runesmith:Nanobots"},{"floor":9,"key":"aspiration:ChemicalBlood"},{"floor":10,"key":"ReplayTheSpireMod:TigerMarble"},{"floor":13,"key":"Incense Burner"},{"floor":21,"key":"Red Mask"},{"floor":23,"key":"hubris:64BitClover"},{"floor":25,"key":"Oddly Smooth Stone"},{"floor":26,"key":"Lantern"},{"floor":43,"key":"hubris:ToyBattleship"},{"floor":45,"key":"Nunchaku"},{"floor":46,"key":"Blood Vial"},{"floor":48,"key":"infinitespire:Freezer"}],"event_choices":[{"damage_healed":0,"gold_gain":0,"player_choice":"Got Potions","damage_taken":0,"max_hp_gain":0,"max_hp_loss":0,"event_name":"Lab","floor":15,"gold_loss":0},{"damage_healed":0,"gold_gain":0,"player_choice":"Fought Bandits","damage_taken":0,"max_hp_gain":0,"max_hp_loss":0,"event_name":"Masked Bandits","floor":21,"gold_loss":0},{"damage_healed":0,"gold_gain":222,"player_choice":"Wore Mask","damage_taken":0,"max_hp_gain":0,"max_hp_loss":0,"event_name":"Tomb of Lord Red Mask","floor":38,"gold_loss":0},{"cards_removed":["Fission"],"damage_healed":0,"gold_gain":0,"player_choice":"Removed Skill","damage_taken":0,"max_hp_gain":0,"max_hp_loss":0,"event_name":"Falling","floor":42,"gold_loss":0}],"is_beta":false,"boss_relics":[{"not_picked":["aspiration:SecretTechniqueScroll","aspiration:BursterCore"],"picked":"aspiration:MobileForge"},{"not_picked":["Fusion Hammer","Nuclear Battery"],"picked":"Sozu"}],"items_purged_floors":[11,19,36,39],"is_endless":false,"potions_floor_spawned":[5,7,10,13,23,25,28,30,35,45],"ascension_level":1}}