{"host":"dggqshehf2ar9kzd","time":1611525304,"event":{"mods":["BaseMod","Highlight Path","Minty Spire (QoL Compilation)"],"gold_per_floor":[111,111,111,125,144,144,319,342,367,387,411,424,439,15,15,136,136,161,161,186,111,127,161,161,39,39,57,80,80,80],"floor_reached":29,"language":"ENG","playtime":1929,"items_purged":["Decay","Bludgeon"],"score":239,"play_id":"329a7da7-b57b-41ff-b32d-d7fbe026ef49","local_time":"20210124165504","is_ascension_mode":false,"campfire_choices":[{"data":"True Grit","floor":6,"key":"SMITH"},{"data":"Fire Breathing","floor":15,"key":"SMITH"},{"data":"Dual Wield","floor":24,"key":"SMITH"}],"circlet_count":0,"master_deck":["Bash","True Grit+1","Fire Breathing+1","Clothesline","Pommel Strike","Doubt","Dual Wield+1","True Grit","Second Wind","Wild Strike","Power Through","Warcry","Spot Weakness","Double Tap","Intimidate","Disarm","Brutality","Exhume","Sword Boomerang","Reckless Charge","Fire Breathing+1","Battle Trance","Headbutt","Fire Breathing","Warcry","Rage+1"],"relics":["Burning Blood","Golden Idol","Potion Belt","Lee\u0027s Waffle","Tiny Chest","Pandora\u0027s Box","Red Skull","Gremlin Horn","Omamori"],"acts_visited":["Exordium","TheCity"],"potions_floor_usage":[12,12,13,27],"damage_taken":[{"damage":9,"enemies":"2 Louse","floor":1,"turns":3},{"damage":8,"enemies":"Jaw Worm","floor":4,"turns":3},{"damage":13,"enemies":"Small Slimes","floor":5,"turns":3},{"damage":12,"enemies":"Exordium Thugs","floor":8,"turns":5},{"damage":16,"enemies":"Red Slaver","floor":10,"turns":3},{"damage":22,"enemies":"Large Slime","floor":11,"turns":6},{"damage":3,"enemies":"Lots of Slimes","floor":12,"turns":4},{"damage":8,"enemies":"Gremlin Gang","floor":13,"turns":5},{"damage":54,"enemies":"Hexaghost","floor":16,"turns":11},{"damage":25,"enemies":"3 Byrds","floor":18,"turns":4},{"damage":21,"enemies":"Shell Parasite","floor":20,"turns":3},{"damage":12,"enemies":"Centurion and Healer","floor":22,"turns":5},{"damage":27,"enemies":"Book of Stabbing","floor":23,"turns":5},{"damage":25,"enemies":"Snecko","floor":27,"turns":6},{"damage":4,"enemies":"Chosen and Byrds","floor":29,"turns":4}],"seed_played":"5565664576813929609","potions_obtained":[{"floor":8,"key":"Weak Potion"},{"floor":10,"key":"LiquidMemories"},{"floor":11,"key":"AttackPotion"},{"floor":12,"key":"Swift Potion"},{"floor":16,"key":"Energy Potion"},{"floor":27,"key":"Energy Potion"}],"is_trial":false,"path_per_floor":["M","?","?","M","M","R","?","M","T","M","M","M","M","$","R","B",null,"M","?","M","?","M","E","R","$","T","M","T","M"],"character_chosen":"IRONCLAD","items_purchased":["Lee\u0027s Waffle","Tiny Chest","Warcry","Warcry"],"campfire_rested":0,"item_purchase_floors":[14,14,14,25],"current_hp_per_floor":[77,77,57,55,48,48,48,42,42,32,16,19,17,87,87,39,87,68,68,53,53,47,26,26,26,26,7,7,3,3],"gold":80,"neow_bonus":"THREE_RARE_CARDS","is_daily":false,"chose_seed":false,"campfire_upgraded":3,"win_rate":0.0,"timestamp":1611525304,"path_taken":["M","?","?","M","M","R","?","M","T","M","M","M","M","$","R","BOSS","M","?","M","?","M","E","R","?","T","M","?","?"],"items_purchased_type":["Relic","Relic","Card","Card"],"build_version":"2020-12-22","purchased_purges":2,"victory":false,"max_hp_per_floor":[80,80,80,80,80,80,80,80,80,80,80,80,80,87,87,87,87,87,87,87,87,87,87,87,87,87,87,87,87,87],"card_choices":[{"not_picked":["Corruption","Impervious"],"picked":"Offering","floor":0},{"not_picked":["Fire Breathing","Feel No Pain"],"picked":"True Grit","floor":1},{"not_picked":["Pommel Strike","Heavy Blade"],"picked":"Clothesline","floor":4},{"not_picked":["Heavy Blade","Clothesline"],"picked":"Pommel Strike","floor":5},{"not_picked":["True Grit","Headbutt"],"picked":"Dual Wield","floor":8},{"not_picked":["Infernal Blade","Metallicize"],"picked":"True Grit","floor":10},{"not_picked":["Rupture","Hemokinesis"],"picked":"Second Wind","floor":11},{"not_picked":["Perfected Strike","Disarm"],"picked":"Wild Strike","floor":12},{"not_picked":["Thunderclap","Sever Soul"],"picked":"Power Through","floor":13},{"not_picked":["Fiend Fire","Brutality"],"picked":"Bludgeon","floor":16},{"not_picked":["Armaments","Combust"],"picked":"Fire Breathing+1","floor":18},{"not_picked":["Flame Barrier","Shockwave"],"picked":"Headbutt","floor":20},{"not_picked":["Heavy Blade","Clash","Shrug It Off"],"picked":"SKIP","floor":22},{"not_picked":["Inflame","Entrench"],"picked":"Fire Breathing","floor":23},{"not_picked":["Iron Wave","Perfected Strike"],"picked":"Rage+1","floor":27}],"player_experience":311462,"relics_obtained":[{"floor":9,"key":"Potion Belt"},{"floor":23,"key":"Red Skull"},{"floor":26,"key":"Gremlin Horn"},{"floor":28,"key":"Omamori"}],"event_choices":[{"damage_healed":0,"gold_gain":0,"cards_transformed":["Defend_R"],"player_choice":"Change","damage_taken":0,"max_hp_gain":0,"max_hp_loss":0,"event_name":"Living Wall","floor":2,"gold_loss":0,"cards_obtained":["Fire Breathing"]},{"damage_healed":0,"gold_gain":0,"player_choice":"Take Damage","damage_taken":20,"relics_obtained":["Golden Idol"],"max_hp_gain":0,"max_hp_loss":0,"event_name":"Golden Idol","floor":3,"gold_loss":0},{"damage_healed":0,"gold_gain":175,"player_choice":"AGREE","damage_taken":0,"max_hp_gain":0,"max_hp_loss":0,"event_name":"Liars Game","floor":7,"gold_loss":0,"cards_obtained":["Doubt"]},{"damage_healed":0,"gold_gain":0,"player_choice":"Read","damage_taken":0,"max_hp_gain":0,"max_hp_loss":0,"event_name":"The Library","floor":19,"gold_loss":0,"cards_obtained":["Battle Trance"]},{"cards_removed":["Offering"],"damage_healed":0,"gold_gain":0,"player_choice":"Gave Gold","damage_taken":0,"max_hp_gain":0,"max_hp_loss":0,"event_name":"Beggar","floor":21,"gold_loss":75}],"is_beta":false,"boss_relics":[{"not_picked":["Mark of Pain","Cursed Key"],"picked":"Pandora\u0027s Box"}],"items_purged_floors":[14,25],"is_endless":false,"potions_floor_spawned":[8,10,11,12,16,27],"killed_by":"Chosen and Byrds","ascension_level":0}}