{"host":"g8ufh7m4frdlkxwv","time":1611462105,"event":{"mods":["AchievementEnabler","BaseMod","Colored Map","Dark Map","Minty Spire (QoL Compilation)","Relic Stats","StSLib","ojb\u0027s Info Mod"],"gold_per_floor":[138,173,209,309,341,395,430,430,455,505,465,465,465,534,534,534,534],"floor_reached":16,"language":"ENG","playtime":1046,"items_purged":[],"score":228,"play_id":"3b8c6ada-a7bd-4496-9eae-0a23c3c9d665","local_time":"20210124052145","is_ascension_mode":true,"campfire_choices":[{"floor":8,"key":"REST"},{"data":"Poisoned Stab","floor":15,"key":"SMITH"}],"circlet_count":0,"master_deck":["AscendersBane","Strike_G","Strike_G","Strike_G","Strike_G","Strike_G","Defend_G","Defend_G","Defend_G","Defend_G","Defend_G","Survivor","Neutralize","HandOfGreed+1","Dagger Spray","Backflip","Leg Sweep","Poisoned Stab+1","Footwork"],"relics":["Ring of the Snake","Thread and Needle","Strawberry","Dream Catcher"],"acts_visited":["Exordium"],"potions_floor_usage":[6,10,16],"damage_taken":[{"damage":1,"enemies":"Small Slimes","floor":1,"turns":3},{"damage":6,"enemies":"Cultist","floor":2,"turns":5},{"damage":0,"enemies":"Jaw Worm","floor":3,"turns":5},{"damage":12,"enemies":"Gremlin Gang","floor":4,"turns":11},{"damage":4,"enemies":"Blue Slaver","floor":5,"turns":4},{"damage":31,"enemies":"Gremlin Nob","floor":6,"turns":4},{"damage":0,"enemies":"Exordium Wildlife","floor":7,"turns":3},{"damage":18,"enemies":"Lagavulin","floor":10,"turns":8},{"damage":0,"enemies":"Looter","floor":11,"turns":4},{"damage":0,"enemies":"2 Fungi Beasts","floor":14,"turns":4},{"damage":12,"enemies":"Hexaghost","floor":16,"turns":9}],"seed_played":"-3229971884860500728","potions_obtained":[{"floor":2,"key":"Energy Potion"},{"floor":4,"key":"Poison Potion"},{"floor":5,"key":"BlessingOfTheForge"},{"floor":6,"key":"Weak Potion"}],"is_trial":false,"path_per_floor":["M","M","M","M","M","E","M","R","T","E","M","?","?","M","R","B"],"character_chosen":"THE_SILENT","items_purchased":[],"campfire_rested":1,"item_purchase_floors":[],"current_hp_per_floor":[58,52,52,40,36,5,5,23,30,12,12,12,12,12,12,0,0],"gold":534,"neow_bonus":"RANDOM_COLORLESS_2","is_daily":false,"chose_seed":false,"campfire_upgraded":1,"win_rate":0.0,"timestamp":1611462105,"path_taken":["M","M","M","M","M","E","M","R","T","E","M","?","?","M","R","BOSS"],"items_purchased_type":[],"build_version":"2020-12-22","purchased_purges":0,"victory":false,"max_hp_per_floor":[60,60,60,60,60,60,60,60,67,67,67,67,67,67,67,67,67],"relic_stats":{"Dream Catcher":0,"counters":[11,60],"obtain_stats":[{"Dream Catcher":10,"Strawberry":9,"Thread and Needle":6,"Ring of the Snake":0},{"Dream Catcher":8,"Strawberry":7,"Thread and Needle":6,"Ring of the Snake":0},{"Dream Catcher":43,"Strawberry":35,"Thread and Needle":32,"Ring of the Snake":0}],"Ring of the Snake":[22]},"card_choices":[{"not_picked":["Magnetism","Metamorphosis"],"picked":"HandOfGreed","floor":0},{"not_picked":["Cloak And Dagger","Calculated Gamble"],"picked":"Dagger Spray","floor":1},{"not_picked":["Underhanded Strike","Reflex","Dodge and Roll"],"picked":"SKIP","floor":2},{"not_picked":["Underhanded Strike","Reflex","Dodge and Roll"],"picked":"SKIP","floor":2},{"not_picked":["Prepared","Finisher","Deadly Poison"],"picked":"SKIP","floor":3},{"not_picked":["Prepared","Finisher","Deadly Poison"],"picked":"SKIP","floor":3},{"not_picked":["Acrobatics","Infinite Blades","Sucker Punch"],"picked":"SKIP","floor":4},{"not_picked":["PiercingWail","Dodge and Roll","Blade Dance"],"picked":"SKIP","floor":5},{"not_picked":["Finisher","Blade Dance"],"picked":"Backflip","floor":6},{"not_picked":["Blur","Prepared","Outmaneuver"],"picked":"SKIP","floor":7},{"not_picked":["Infinite Blades","Grand Finale"],"picked":"Leg Sweep","floor":10},{"not_picked":["Dagger Throw","Outmaneuver"],"picked":"Poisoned Stab","floor":11},{"not_picked":["Finisher","Bane"],"picked":"Footwork","floor":14}],"player_experience":1096828,"relics_obtained":[{"floor":6,"key":"Thread and Needle"},{"floor":9,"key":"Strawberry"},{"floor":10,"key":"Dream Catcher"}],"event_choices":[{"damage_healed":0,"gold_gain":0,"player_choice":"Ignored","damage_taken":0,"max_hp_gain":0,"max_hp_loss":0,"event_name":"Liars Game","floor":12,"gold_loss":0},{"damage_healed":0,"gold_gain":0,"player_choice":"Grow","damage_taken":0,"max_hp_gain":0,"max_hp_loss":0,"event_name":"Living Wall","floor":13,"gold_loss":0,"cards_upgraded":["HandOfGreed"]}],"is_beta":false,"boss_relics":[],"items_purged_floors":[],"is_endless":false,"potions_floor_spawned":[2,4,5,6],"killed_by":"Hexaghost","ascension_level":20}}