{"host":"a5523bqxi3k68xf3","time":1611489649,"event":{"mods":["BaseMod","BetterRewards","Hermit","Koishi","Marisa????????","Minty Spire (QoL Compilation)","Quick Restart","Random Character Button","Relic Stats","Shop Mod","StSLib","The Animator","The Cursed","The Necromancer","The Servant 0.9.4"],"gold_per_floor":[116,166,179,68,218,218,251,176,244,259,95,110,134,169,169,247,247,222,88,100,100,100,100],"floor_reached":22,"language":"ENG","playtime":492,"items_purged":["Defend_R"],"score":384,"play_id":"36bb77ac-2bc3-4538-a582-d3698a0e0850","local_time":"20210124130049","is_ascension_mode":true,"campfire_choices":[{"data":"Heavy Blade","floor":6,"key":"SMITH"},{"floor":15,"key":"REST"}],"circlet_count":0,"master_deck":["AscendersBane","Strike_R","Strike_R","Strike_R","Strike_R","Strike_R","Defend_R","Defend_R","Defend_R","Bash","Heavy Blade+1","Clash","Spot Weakness","Headbutt","Cleave","Offering","Flex","Rampage+1"],"relics":["Burning Blood","NeowsBlessing","Mummified Hand","HornCleat","Pen Nib","Odd Mushroom","Lantern","Black Star"],"acts_visited":["Exordium","TheCity"],"potions_floor_usage":[],"damage_taken":[{"damage":0,"enemies":"Small Slimes","floor":1,"turns":1},{"damage":0,"enemies":"Cultist","floor":3,"turns":1},{"damage":5,"enemies":"3 Sentries","floor":7,"turns":2},{"damage":0,"enemies":"2 Louse","floor":10,"turns":3},{"damage":6,"enemies":"Looter","floor":12,"turns":3},{"damage":13,"enemies":"The Mushroom Lair","floor":13,"turns":3},{"damage":55,"enemies":"Gremlin Nob","floor":14,"turns":6},{"damage":45,"enemies":"Slime Boss","floor":16,"turns":8},{"damage":18,"enemies":"2 Thieves","floor":18,"turns":4},{"damage":50,"enemies":"3 Byrds","floor":20,"turns":6},{"damage":21,"enemies":"Shelled Parasite and Fungi","floor":22,"turns":1}],"seed_played":"2748652501486668511","potions_obtained":[{"floor":1,"key":"Dexterity Potion"},{"floor":10,"key":"FairyPotion"},{"floor":20,"key":"Ancient Potion"}],"is_trial":false,"path_per_floor":["M","?","M","$","?","R","E","?","T","M","$","M","?","E","R","B",null,"M","$","M","?","M"],"character_chosen":"IRONCLAD","items_purchased":["Clash","Spot Weakness","Pen Nib","Flex"],"campfire_rested":1,"item_purchase_floors":[4,4,11,19],"current_hp_per_floor":[74,74,75,75,75,75,75,75,75,75,75,75,68,19,41,28,63,51,51,7,7,0,0],"gold":100,"neow_bonus":"THREE_ENEMY_KILL","is_daily":false,"chose_seed":false,"campfire_upgraded":1,"win_rate":0.0,"timestamp":1611489649,"path_taken":["M","?","M","?","?","R","E","?","T","?","$","?","?","E","R","BOSS","M","$","M","?","M"],"items_purchased_type":["Card","Card","Relic","Card"],"build_version":"2020-12-22","purchased_purges":1,"victory":false,"max_hp_per_floor":[75,75,75,75,75,75,75,75,75,75,75,75,75,75,75,75,75,75,75,75,75,75,75],"relic_stats":{"counters":[11,38],"Mummified Hand":[0],"Pen Nib":[5],"Black Star":0,"obtain_stats":[{"Lantern":14,"HornCleat":9,"NeowsBlessing":0,"Mummified Hand":7,"Pen Nib":11,"Black Star":17,"Odd Mushroom":13,"Burning Blood":0},{"Lantern":7,"HornCleat":3,"NeowsBlessing":0,"Mummified Hand":3,"Pen Nib":4,"Black Star":8,"Odd Mushroom":6,"Burning Blood":0},{"Lantern":19,"HornCleat":4,"NeowsBlessing":0,"Mummified Hand":4,"Pen Nib":7,"Black Star":27,"Odd Mushroom":13,"Burning Blood":0}],"Burning Blood":48},"card_choices":[{"not_picked":["Uppercut","True Grit","Infernal Blade"],"picked":"SKIP","floor":1},{"not_picked":["Twin Strike","Sever Soul"],"picked":"Heavy Blade","floor":3},{"not_picked":["Dual Wield","Havoc","Double Tap"],"picked":"SKIP","floor":7},{"not_picked":["Armaments","Pommel Strike"],"picked":"Headbutt","floor":10},{"not_picked":["Clothesline","Perfected Strike","Reckless Charge"],"picked":"SKIP","floor":12},{"not_picked":["Shrug It Off","Seeing Red"],"picked":"Cleave","floor":14},{"not_picked":["Impervious","Corruption"],"picked":"Offering","floor":16},{"not_picked":["Clothesline","Shrug It Off+1","Ghostly Armor"],"picked":"SKIP","floor":18},{"not_picked":["Searing Blow","Warcry"],"picked":"Rampage+1","floor":20}],"player_experience":1707205,"relics_obtained":[{"floor":7,"key":"Mummified Hand"},{"floor":9,"key":"HornCleat"},{"floor":13,"key":"Odd Mushroom"},{"floor":14,"key":"Lantern"}],"event_choices":[{"damage_healed":0,"gold_gain":50,"player_choice":"Pray","damage_taken":0,"max_hp_gain":0,"max_hp_loss":0,"event_name":"Golden Shrine","floor":2,"gold_loss":0},{"damage_healed":0,"gold_gain":150,"player_choice":"AGREE","damage_taken":0,"max_hp_gain":0,"max_hp_loss":0,"event_name":"Liars Game","floor":5,"gold_loss":0,"cards_obtained":["Doubt"]},{"cards_removed":["Doubt"],"damage_healed":0,"gold_gain":0,"player_choice":"Card Removal","damage_taken":0,"max_hp_gain":0,"max_hp_loss":0,"event_name":"The Cleric","floor":8,"gold_loss":75},{"damage_healed":0,"gold_gain":0,"player_choice":"Fought Mushrooms","damage_taken":0,"max_hp_gain":0,"max_hp_loss":0,"event_name":"Mushrooms","floor":13,"gold_loss":0},{"damage_healed":0,"gold_gain":0,"player_choice":"Ignored","damage_taken":0,"max_hp_gain":0,"max_hp_loss":0,"event_name":"Cursed Tome","floor":21,"gold_loss":0}],"is_beta":false,"boss_relics":[{"not_picked":["Cursed Key","Pandora\u0027s Box"],"picked":"Black Star"}],"items_purged_floors":[19],"is_endless":false,"potions_floor_spawned":[1,10,14,20],"killed_by":"Shelled Parasite and Fungi","ascension_level":20}}