{"host":"test","time":1611498615,"event":{"mods":["BaseMod","Colored Map","Colored Powertips","Minty Spire (QoL Compilation)","Relic Stats","Slay the Relics Exporter","SpireBot","StSLib","ojb\u0027s Better Paths Mod","ojb\u0027s Info Mod"],"gold_per_floor":[216,17,17,33,50,50,77,101,127,142,155,180,180,197,197,269,269,280,295,307,307,383,383,413,413,413,432,442,1,11,11,11,85,85,101,111,111,111,130,130,150,184,209,222,233,252,284,129,129,129,129,129,129,45,77,77,77],"floor_reached":56,"language":"JPN","playtime":6050,"items_purged":["Strike_G","Writhe"],"score":1911,"play_id":"4e30960a-cacd-4a4f-9870-e0c4cba42a6e","local_time":"20210124233015","is_ascension_mode":true,"campfire_choices":[{"data":"Dagger Spray","floor":6.0,"key":"SMITH"},{"data":"Crippling Poison","floor":13.0,"key":"SMITH"},{"data":"Skewer","floor":15.0,"key":"SMITH"},{"data":"Wraith Form v2","floor":23.0,"key":"SMITH"},{"floor":25.0,"key":"REST"},{"data":"Calculated Gamble","floor":32.0,"key":"SMITH"},{"data":"Well Laid Plans","floor":40.0,"key":"SMITH"},{"floor":49.0,"key":"RECALL"},{"data":"After Image","floor":53.0,"key":"SMITH"}],"circlet_count":0,"master_deck":["AscendersBane","Strike_G","Defend_G+1","Defend_G","Defend_G","Defend_G+1","Survivor","Neutralize","Dagger Throw","Dagger Spray+1","Underhanded Strike","Calculated Gamble+1","Crippling Poison+1","Skewer+1","Footwork","Wraith Form v2+1","PiercingWail+1","Bane+1","Tools of the Trade+1","Bouncing Flask","Leg Sweep","Reflex","Prepared","Calculated Gamble","Acrobatics","Well Laid Plans+1","Crippling Poison","After Image+1","PiercingWail","Dodge and Roll+1","Panacea","PanicButton","Dark Shackles","Reflex","Footwork+1","Backflip","Concentrate+1","Noxious Fumes","Blur"],"relics":["Ring of the Snake","Orichalcum","Potion Belt","War Paint","Boot","InkBottle","Astrolabe","Letter Opener","Oddly Smooth Stone","Thread and Needle","Toy Ornithopter","Cursed Key","Lantern","Prayer Wheel","FossilizedHelix"],"acts_visited":["Exordium","TheCity","TheBeyond","TheEnding"],"potions_floor_usage":[],"damage_taken":[{"damage":0.0,"enemies":"Small Slimes","floor":1.0,"turns":5.0},{"damage":0.0,"enemies":"Cultist","floor":4.0,"turns":3.0},{"damage":1.0,"enemies":"Jaw Worm","floor":5.0,"turns":3.0},{"damage":10.0,"enemies":"3 Sentries","floor":7.0,"turns":7.0},{"damage":1.0,"enemies":"Exordium Thugs","floor":10.0,"turns":3.0},{"damage":0.0,"enemies":"3 Louse","floor":11.0,"turns":2.0},{"damage":2.0,"enemies":"Gremlin Nob","floor":12.0,"turns":3.0},{"damage":0.0,"enemies":"Lots of Slimes","floor":14.0,"turns":1.0},{"damage":27.0,"enemies":"Slime Boss","floor":16.0,"turns":9.0},{"damage":5.0,"enemies":"Spheric Guardian","floor":18.0,"turns":5.0},{"damage":0.0,"enemies":"3 Byrds","floor":19.0,"turns":3.0},{"damage":21.0,"enemies":"Snecko","floor":20.0,"turns":6.0},{"damage":24.0,"enemies":"Book of Stabbing","floor":24.0,"turns":7.0},{"damage":0.0,"enemies":"Centurion and Healer","floor":27.0,"turns":6.0},{"damage":5.0,"enemies":"Snake Plant","floor":28.0,"turns":6.0},{"damage":5.0,"enemies":"Shelled Parasite and Fungi","floor":30.0,"turns":7.0},{"damage":11.0,"enemies":"Champ","floor":33.0,"turns":18.0},{"damage":7.0,"enemies":"3 Shapes","floor":35.0,"turns":5.0},{"damage":0.0,"enemies":"Orb Walker","floor":36.0,"turns":5.0},{"damage":0.0,"enemies":"Jaw Worm Horde","floor":39.0,"turns":5.0},{"damage":0.0,"enemies":"Maw","floor":41.0,"turns":9.0},{"damage":0.0,"enemies":"Nemesis","floor":42.0,"turns":9.0},{"damage":0.0,"enemies":"3 Darklings","floor":44.0,"turns":7.0},{"damage":0.0,"enemies":"Sphere and 2 Shapes","floor":45.0,"turns":8.0},{"damage":0.0,"enemies":"Writhing Mass","floor":46.0,"turns":9.0},{"damage":1.0,"enemies":"Giant Head","floor":47.0,"turns":10.0},{"damage":34.0,"enemies":"Awakened One","floor":50.0,"turns":27.0},{"damage":14.0,"enemies":"Time Eater","floor":51.0,"turns":21.0},{"damage":41.0,"enemies":"Shield and Spear","floor":55.0,"turns":11.0},{"damage":47,"enemies":"The Heart","floor":56,"turns":14}],"seed_played":"5671705373749789497","potions_obtained":[{"floor":1.0,"key":"Fire Potion"},{"floor":5.0,"key":"CunningPotion"},{"floor":7.0,"key":"PowerPotion"},{"floor":10.0,"key":"SteroidPotion"},{"floor":19.0,"key":"LiquidBronze"},{"floor":24.0,"key":"FearPotion"},{"floor":36.0,"key":"SteroidPotion"},{"floor":39.0,"key":"Poison Potion"},{"floor":41.0,"key":"ColorlessPotion"},{"floor":45.0,"key":"DuplicationPotion"},{"floor":47.0,"key":"Fruit Juice"}],"is_trial":false,"path_per_floor":["M","$","?","M","M","R","E","T","T","M","M","E","R","M","R","B",null,"M","M","M","?","T","R","E","R","T","M","M","$","M","?","R","B",null,"M","M","?","?","M","R","M","E","T","M","M","M","E","$","R","B","B",null,"R","$","E","B"],"character_chosen":"THE_SILENT","items_purchased":["Orichalcum","Dagger Spray","GhostInAJar","Well Laid Plans","Toy Ornithopter","Block Potion","Blur"],"campfire_rested":1,"item_purchase_floors":[2,2,29,29,29,48,54],"current_hp_per_floor":[59,59,59,59,58,58,48,48,48,47,47,45,45,45,45,18,54,49,49,28,28,28,28,4,23,23,23,18,18,13,13,13,17,54,47,47,47,37,37,37,37,47,47,47,47,47,51,51,51,22,23,59,59,59,18,0,0],"gold":77,"neow_bonus":"HUNDRED_GOLD","is_daily":false,"chose_seed":true,"campfire_upgraded":7,"win_rate":0.0,"timestamp":1611498615,"path_taken":["M","$","?","M","?","R","E","?","T","?","M","E","R","M","R","BOSS","M","M","M","?","?","R","E","R","T","?","M","$","M","?","R","BOSS","M","?","?","?","M","R","M","E","T","M","M","M","E","$","R","BOSS","BOSS","R","$","E","BOSS"],"items_purchased_type":["Relic","Card","Potion","Card","Relic","Potion","Card"],"build_version":"2020-12-18","purchased_purges":2,"victory":false,"max_hp_per_floor":[66,66,66,66,66,66,66,66,66,66,66,66,66,66,66,66,66,66,66,66,66,66,66,66,66,66,66,66,66,66,66,66,66,66,66,66,66,66,66,66,66,66,66,66,66,66,66,66,66,66,71,71,71,71,71,71,71],"relic_stats":{"counters":[30,234],"Astrolabe":["PiercingWail","Bane","Tools of the Trade"],"Prayer Wheel":0,"Letter Opener":[362],"Orichalcum":[282],"War Paint":["Defend_G","Defend_G"],"Boot":[211],"Cursed Key":1,"obtain_stats":[{"Potion Belt":7,"Lantern":42,"Astrolabe":17,"Oddly Smooth Stone":24,"Thread and Needle":26,"Letter Opener":22,"Orichalcum":2,"War Paint":8,"Boot":9,"Cursed Key":34,"Prayer Wheel":47,"InkBottle":12,"Toy Ornithopter":29,"FossilizedHelix":55,"Ring of the Snake":0},{"Potion Belt":4,"Lantern":22,"Astrolabe":9,"Oddly Smooth Stone":13,"Thread and Needle":13,"Letter Opener":12,"Orichalcum":1,"War Paint":4,"Boot":4,"Cursed Key":17,"Prayer Wheel":26,"InkBottle":7,"Toy Ornithopter":15,"FossilizedHelix":29,"Ring of the Snake":0},{"Potion Belt":18,"Lantern":127,"Astrolabe":36,"Oddly Smooth Stone":57,"Thread and Needle":57,"Letter Opener":50,"Orichalcum":5,"War Paint":18,"Boot":18,"Cursed Key":94,"Prayer Wheel":161,"InkBottle":26,"Toy Ornithopter":69,"FossilizedHelix":220,"Ring of the Snake":0}],"InkBottle":[80],"Toy Ornithopter":45,"Ring of the Snake":[60]},"card_choices":[{"not_picked":["Heel Hook","Dodge and Roll"],"picked":"Dagger Throw","floor":1.0},{"not_picked":["Backflip","Dodge and Roll"],"picked":"Underhanded Strike","floor":4.0},{"not_picked":["Underhanded Strike","Dagger Spray","Flying Knee"],"picked":"SKIP","floor":5.0},{"not_picked":["Cloak And Dagger","Caltrops"],"picked":"Calculated Gamble","floor":7.0},{"not_picked":["Tactician","Slice","Underhanded Strike"],"picked":"SKIP","floor":10.0},{"not_picked":["Flechettes","Prepared"],"picked":"Crippling Poison","floor":11.0},{"not_picked":["Expertise","Backflip"],"picked":"Skewer","floor":12.0},{"not_picked":["Dagger Throw","Blur"],"picked":"Footwork","floor":14.0},{"not_picked":["Phantasmal Killer","Adrenaline"],"picked":"Wraith Form v2","floor":16.0},{"not_picked":["Eviscerate","Setup"],"picked":"Bouncing Flask","floor":18.0},{"not_picked":["Deflect","Expertise","Underhanded Strike"],"picked":"SKIP","floor":19.0},{"not_picked":["Prepared","Tactician"],"picked":"Leg Sweep","floor":20.0},{"not_picked":["Flying Knee","All Out Attack"],"picked":"Prepared","floor":24.0},{"not_picked":["Glass Knife","Bane"],"picked":"Calculated Gamble","floor":27.0},{"not_picked":["Sucker Punch","Endless Agony"],"picked":"Acrobatics","floor":28.0},{"not_picked":["Slice","Dagger Spray+1","Expertise"],"picked":"SKIP","floor":30.0},{"not_picked":["Phantasmal Killer","Grand Finale"],"picked":"After Image","floor":33.0},{"not_picked":["Dagger Spray+1","Blade Dance"],"picked":"PiercingWail","floor":35.0},{"not_picked":["Prepared","Bane+1"],"picked":"Dodge and Roll+1","floor":36.0},{"not_picked":["Deep Breath","Swift Strike"],"picked":"Panacea","floor":38.0},{"not_picked":["Madness","Transmutation"],"picked":"PanicButton","floor":38.0},{"not_picked":["Impatience","Purity"],"picked":"Dark Shackles","floor":38.0},{"not_picked":["Sucker Punch","Outmaneuver+1"],"picked":"Reflex","floor":39.0},{"not_picked":["Flying Knee","Finisher","Acrobatics"],"picked":"SKIP","floor":41.0},{"not_picked":["Quick Slash","Prepared"],"picked":"Footwork+1","floor":42.0},{"not_picked":["Flying Knee+1","Backstab","Underhanded Strike"],"picked":"SKIP","floor":44.0},{"not_picked":["Blade Dance","Escape Plan"],"picked":"Backflip","floor":45.0},{"not_picked":["Reflex","Outmaneuver"],"picked":"Concentrate+1","floor":46.0},{"not_picked":["Flechettes","Finisher"],"picked":"Noxious Fumes","floor":47.0},{"not_picked":["Endless Agony","Glass Knife","Riddle With Holes"],"picked":"SKIP","floor":55.0}],"player_experience":1968371,"relics_obtained":[{"floor":7.0,"key":"Potion Belt"},{"floor":8.0,"key":"War Paint"},{"floor":9.0,"key":"Boot"},{"floor":12.0,"key":"InkBottle"},{"floor":22.0,"key":"Letter Opener"},{"floor":24.0,"key":"Oddly Smooth Stone"},{"floor":26.0,"key":"Thread and Needle"},{"floor":42.0,"key":"Lantern"},{"floor":47.0,"key":"Prayer Wheel"},{"floor":55.0,"key":"FossilizedHelix"}],"event_choices":[{"cards_removed":["Defend_G"],"damage_healed":0.0,"max_hp_gain":0.0,"max_hp_loss":0.0,"gold_gain":0.0,"event_name":"Bonfire Elementals","player_choice":"Offered Basic","floor":3.0,"gold_loss":0.0,"damage_taken":0.0},{"damage_healed":0.0,"max_hp_gain":0.0,"max_hp_loss":0.0,"gold_gain":0.0,"event_name":"The Library","player_choice":"Read","floor":21.0,"gold_loss":0.0,"damage_taken":0.0,"cards_obtained":["Reflex"]},{"damage_healed":0.0,"max_hp_gain":0.0,"max_hp_loss":0.0,"gold_gain":0.0,"event_name":"Match and Keep!","player_choice":"1 cards matched","floor":31.0,"gold_loss":0.0,"damage_taken":0.0,"cards_obtained":["Crippling Poison"]},{"damage_healed":0.0,"max_hp_gain":0.0,"max_hp_loss":0.0,"gold_gain":0.0,"event_name":"Tomb of Lord Red Mask","player_choice":"Ignored","floor":37.0,"gold_loss":0.0,"damage_taken":0.0},{"damage_healed":0.0,"max_hp_gain":0.0,"max_hp_loss":0.0,"gold_gain":0.0,"event_name":"SensoryStone","player_choice":"Memory 3","floor":38.0,"gold_loss":0.0,"damage_taken":10.0}],"is_beta":true,"boss_relics":[{"not_picked":["Sozu","SlaversCollar"],"picked":"Astrolabe"},{"not_picked":["Black Star","Tiny House"],"picked":"Cursed Key"}],"items_purged_floors":[29,48],"is_endless":false,"potions_floor_spawned":[1,5,7,10,19,24,36,39,41,45,47],"killed_by":"The Heart","ascension_level":20}}