{"host":"o6rpelx2jpc8yies","time":1611463785,"event":{"mods":["BaseMod","Downfall","Minty Spire (QoL Compilation)","StSLib"],"gold_per_floor":[99,117,22,39,139,39,39,70,245,145,161,196,96,41,56,56,56,56],"floor_reached":16,"language":"ENG","playtime":1271,"items_purged":[],"score":119,"play_id":"41837bce-bb81-492b-a613-0cb6c0a82718","local_time":"20210123214945","is_ascension_mode":true,"campfire_choices":[{"floor":1,"key":"RECALL"},{"floor":6,"key":"REST"},{"data":"champ:StanceDance","floor":10,"key":"SMITH"},{"floor":13,"key":"REST"}],"circlet_count":0,"master_deck":["champ:Strike","champ:Strike","champ:Strike","champ:Strike","champ:Defend","champ:Defend","champ:Defend","champ:Defend","champ:Execute","champ:Taunt","champ:StanceDance+1","champ:CrookedStrike","champ:DefensiveShout","champ:FocusedBerserking","champ:Backstep","champ:ShieldSigil","champ:BringItOn","Doubt","champ:VampiricStrike","champ:GutPunch","champ:HeartStrike","champ:FocusedBerserking"],"relics":["champ:ChampionCrown","CloakClasp","downfall:HeartBlessingRed","Centennial Puzzle","downfall:HeartBlessingBlue","champ:DefensiveTrainingManual","downfall:HeartBlessingGreen"],"acts_visited":["Exordium"],"potions_floor_usage":[],"damage_taken":[{"damage":10,"enemies":"Jaw Worm","floor":2,"turns":3},{"damage":10,"enemies":"downfall:FleeingMerchant","floor":3,"turns":4},{"damage":14,"enemies":"2 Louse","floor":4,"turns":4},{"damage":89,"enemies":"2 Louse","floor":5,"turns":12},{"damage":56,"enemies":"Lagavulin","floor":8,"turns":7},{"damage":20,"enemies":"Small Slimes","floor":11,"turns":3},{"damage":69,"enemies":"3 Sentries","floor":12,"turns":8},{"damage":16,"enemies":"downfall:FleeingMerchant","floor":14,"turns":4},{"damage":20,"enemies":"Blue Slaver","floor":15,"turns":4},{"damage":151,"enemies":"DF_ARCHETYPE_STREAMLINE","floor":16,"turns":14}],"seed_played":"-5749952160339795194","potions_obtained":[{"floor":4,"key":"Dexterity Potion"},{"floor":12,"key":"Ancient Potion"},{"floor":15,"key":"Explosive Potion"}],"is_trial":false,"path_per_floor":["R","M","$","M","?","R","T","E","?","R","M","E","R","$","M","B"],"character_chosen":"THE_CHAMP","items_purchased":["champ:FocusedBerserking","champ:FocusedBerserking"],"campfire_rested":2,"item_purchase_floors":[3,14],"current_hp_per_floor":[90,90,90,86,37,64,64,58,58,68,68,39,69,68,68,0,0,0],"gold":56,"neow_bonus":"THREE_CARDS","is_daily":false,"chose_seed":false,"campfire_upgraded":1,"win_rate":0.0,"timestamp":1611463785,"path_taken":["R","M","$","M","?","R","T","E","?","R","M","E","R","$","M","BOSS"],"items_purchased_type":["Card","Card"],"build_version":"2020-12-22","purchased_purges":0,"victory":false,"max_hp_per_floor":[90,90,90,90,90,90,90,90,90,100,100,100,100,100,100,100,100,100],"card_choices":[{"not_picked":["champ:CrookedStrike","champ:Backstep"],"picked":"champ:StanceDance","floor":0},{"not_picked":["champ:RisingSlash","champ:Circumvent"],"picked":"champ:CrookedStrike","floor":2},{"not_picked":["champ:LastStand","champ:BringItOn"],"picked":"champ:DefensiveShout","floor":3},{"not_picked":["champ:Haymaker","champ:ShieldSigil"],"picked":"champ:Backstep","floor":4},{"not_picked":["champ:FalseCounter","champ:EndlessRage"],"picked":"champ:ShieldSigil","floor":5},{"not_picked":["champ:ShieldSlam","champ:FlashCut"],"picked":"champ:BringItOn","floor":8},{"not_picked":["champ:CrownThrow","champ:CrookedStrike"],"picked":"champ:VampiricStrike","floor":11},{"not_picked":["champ:ShieldWall","champ:CrownThrow"],"picked":"champ:GutPunch","floor":12},{"not_picked":["champ:Duel","champ:CrownThrow"],"picked":"champ:HeartStrike","floor":14},{"not_picked":["champ:PerfectedStrike","champ:PreemptiveStrike","champ:DefensiveShout"],"picked":"SKIP","floor":15}],"player_experience":1847585,"relics_obtained":[{"floor":5,"key":"CloakClasp"},{"floor":8,"key":"Centennial Puzzle"},{"floor":12,"key":"champ:DefensiveTrainingManual"}],"event_choices":[],"is_beta":false,"boss_relics":[],"items_purged_floors":[],"is_endless":false,"potions_floor_spawned":[4,12,15],"killed_by":"DF_ARCHETYPE_STREAMLINE","ascension_level":2}}