{"host":"mqhvlr3kpxebko0t","time":1611458252,"event":{"mods":["AchievementEnabler","BaseMod","Colored Map","Colored Powertips","KOR Keyword Fix","Keyboard Shortcuts","Minty Spire (QoL Compilation)","StSLib","SuperFastMode"],"gold_per_floor":[119,119,138,138,152,152,0,29,104,139,139,39,39,66,66,66,66],"floor_reached":16,"language":"KOR","playtime":215,"items_purged":["Strike_G","Strike_G"],"score":209,"play_id":"d0417635-41f4-4d72-b49a-ed1c8990921b","local_time":"20210124121732","is_ascension_mode":true,"campfire_choices":[{"data":"Bouncing Flask","floor":6.0,"key":"SMITH"},{"data":"Deadly Poison","floor":11,"key":"SMITH"},{"floor":15,"key":"DIG"}],"circlet_count":0,"master_deck":["AscendersBane","Strike_G","Strike_G","Strike_G","Defend_G","Defend_G","Defend_G","Defend_G","Defend_G","Survivor","Neutralize","Backflip","Bouncing Flask+1","Deadly Poison+1","Burst","Adrenaline","Tactician"],"relics":["Ring of the Snake","NeowsBlessing","Centennial Puzzle","Shovel","Meat on the Bone","Dream Catcher","Nunchaku"],"acts_visited":["Exordium"],"potions_floor_usage":[],"damage_taken":[{"damage":0.0,"enemies":"Jaw Worm","floor":1.0,"turns":1.0},{"damage":0.0,"enemies":"Cultist","floor":3.0,"turns":1.0},{"damage":0.0,"enemies":"Small Slimes","floor":5.0,"turns":1.0},{"damage":24.0,"enemies":"Gremlin Nob","floor":8.0,"turns":3.0},{"damage":10.0,"enemies":"Lagavulin","floor":10.0,"turns":5.0},{"damage":14,"enemies":"3 Sentries","floor":14,"turns":7},{"damage":45,"enemies":"Slime Boss","floor":16,"turns":7}],"seed_played":"-6255933661951461044","potions_obtained":[{"floor":1.0,"key":"LiquidMemories"},{"floor":2.0,"key":"Dexterity Potion"}],"is_trial":false,"path_per_floor":["M","?","M","T","M","R","$","E","T","E","R","$","?","E","R","B"],"character_chosen":"THE_SILENT","items_purchased":["Burst"],"campfire_rested":0,"item_purchase_floors":[7],"current_hp_per_floor":[59,59,59,59,59,59,59,35,35,37,37,37,37,35,35,0,0],"gold":66,"neow_bonus":"THREE_ENEMY_KILL","is_daily":false,"chose_seed":false,"campfire_upgraded":2,"win_rate":0.0,"timestamp":1611458252,"path_taken":["M","?","?","?","M","R","$","E","T","E","R","?","?","E","R","BOSS"],"items_purchased_type":["Card"],"build_version":"2020-12-22","purchased_purges":2,"victory":false,"max_hp_per_floor":[66,66,66,66,66,66,66,66,66,66,66,66,66,66,66,66,66],"card_choices":[{"not_picked":["Quick Slash","Endless Agony"],"picked":"Backflip","floor":1.0},{"not_picked":["Quick Slash","Blade Dance"],"picked":"Bouncing Flask","floor":3.0},{"not_picked":["Acrobatics","Riddle With Holes"],"picked":"Deadly Poison","floor":5.0},{"not_picked":["Acrobatics","Dagger Throw"],"picked":"Adrenaline","floor":8.0},{"not_picked":["Expertise","Blade Dance","Eviscerate"],"picked":"SKIP","floor":10.0},{"not_picked":["Grand Finale","Masterful Stab"],"picked":"Tactician","floor":14}],"player_experience":687708,"relics_obtained":[{"floor":4.0,"key":"Centennial Puzzle"},{"floor":8.0,"key":"Shovel"},{"floor":9.0,"key":"Meat on the Bone"},{"floor":14,"key":"Dream Catcher"},{"floor":15,"key":"Nunchaku"}],"event_choices":[{"damage_healed":0.0,"max_hp_gain":0.0,"max_hp_loss":0.0,"gold_gain":0.0,"event_name":"Lab","player_choice":"Got Potions","floor":2.0,"gold_loss":0.0,"damage_taken":0.0},{"damage_healed":0,"gold_gain":0,"player_choice":"Ignored","damage_taken":0,"max_hp_gain":0,"max_hp_loss":0,"event_name":"Liars Game","floor":13,"gold_loss":0}],"is_beta":false,"boss_relics":[],"items_purged_floors":[7,12],"is_endless":false,"potions_floor_spawned":[1,3,5],"killed_by":"Slime Boss","ascension_level":16}}