{"host":"y4sghvfd0ewtcchd","time":1611513736,"event":{"mods":["Aspiration","BaseMod","Better Debug","Better Note","Better Third Choice","BetterRewards","Block Reminder","Colored Map","Colored Powertips","Highlight Path","Hubris","Infinite Spire","Minty Spire (QoL Compilation)","Relic Sorter","Relic Stats","Replay The Spire","Robot Space Explorer","Shop Mod","Spicy Shops","StSLib","The Jungle","The Saiyan"],"gold_per_floor":[112,112,129,129,146,146,163,174,174,206,206,271,354,369,369,572,572,584,602,21,38,101,128,128,155,182,182,201,201,219,250,250,347,347,361,376,391,391,475,525,558,570,582,594,606,668,713,825,837,849,861,923,411,446,532],"floor_reached":56,"language":"ENG","playtime":6086,"items_purged":["Delirium","Pride"],"score":2725,"play_id":"3417d3e8-8bed-426f-8ca4-fb89bd5e526d","local_time":"20210124214216","is_ascension_mode":true,"campfire_choices":[{"floor":6.0,"key":"REST"},{"data":"Adrenaline","floor":11.0,"key":"SMITH"},{"data":"Noxious Fumes","floor":15.0,"key":"SMITH"},{"data":"hubris:EnhanceAbility","floor":24.0,"key":"SMITH"},{"floor":27.0,"key":"RECALL"},{"data":"Sneak Up","floor":32.0,"key":"SMITH"},{"data":"Doppelganger","floor":40.0,"key":"SMITH"},{"data":"Burst","floor":42.0,"key":"SMITH"},{"floor":46.0,"key":"REST"},{"data":"Replay:Bag of Tricks","floor":49.0,"key":"SMITH"},{"data":"Wraith Form v2","floor":52.0,"key":"SMITH"}],"circlet_count":0,"master_deck":["AscendersBane","Strike_G","Strike_G","Defend_G","Defend_G","Survivor","Neutralize","Accuracy","Escape Plan","Bane","Crippling Poison","ReplayTheSpireMod:Speed Training","Bane","Blade Dance","Doppelganger+1","Replay:BasicMightCard","Accuracy","Blade Dance","Skewer+1","All Out Attack+1","ReplayTheSpireMod:Scrap Shanks","Backstab+1","Dash+1","Replay:Bag of Tricks+1","PiercingWail","ReplayTheSpireMod:From All Sides+1","Dagger Spray+1","Adrenaline+1","Bouncing Flask","Noxious Fumes+1","Leg Sweep","Storm of Steel","AbeCurse","Backflip+1","Bane+1","hubris:EnhanceAbility+1","Bane+1","Escape Plan","Terror+1","Distraction+1","Sneak Up+1","ReplayTheSpireMod:Speed Training+1","Blur","ReplayTheSpireMod:The Works","Corpse Explosion","Crippling Poison","Blade Dance","Cloak And Dagger+1","Discovery","Calculated Gamble+1","Accuracy+1","Catalyst+1","Atom Bomb+1","Burst+1","Storm of Steel","ReplayTheSpireMod:Tripwire","Bouncing Flask","Dagger Spray+1","Flying Knee+1","Wraith Form v2+1","Leg Sweep+1"],"relics":["Ring of the Snake","hubris:MobiusCoin","Thread and Needle","Question Card","Orrery","Molten Egg 2","Pantograph","ReplayTheSpireMod:CursedCoin","aspiration:FrozenJewel","ReplayFunnel","hubris:Metronome","Bottled Lightning","Lantern","hubris:MysteriousPyramids","Abe\u0027s Treasure","TwistedFunnel","Kunai","aspiration:HiddenCompartment","Blood Vial","Replay:PocketPolymizer","ChewingGum","MawBank","aspiration:StickyExplosives_weak","hubris:Icosahedron","infinitespire:BottledMercury","Ice Cream","Membership Card","infinitespire:Midas Blood","aspiration:Lifesprig","Snake Skull","infinitespire:CheckeredPen","infinitespire:Satchel"],"acts_visited":["Exordium","Exordium","TheBeyond","TheEnding"],"potions_floor_usage":[55,55],"damage_taken":[{"damage":0.0,"enemies":"2 Louse","floor":1.0,"turns":3.0},{"damage":0.0,"enemies":"Jaw Worm","floor":3.0,"turns":1.0},{"damage":0.0,"enemies":"Small Slimes","floor":5.0,"turns":2.0},{"damage":0.0,"enemies":"3 Louse","floor":7.0,"turns":3.0},{"damage":0.0,"enemies":"Exordium Wildlife","floor":8.0,"turns":2.0},{"damage":0.0,"enemies":"Lagavulin","floor":10.0,"turns":3.0},{"damage":0.0,"enemies":"3 Sentries","floor":12.0,"turns":2.0},{"damage":0.0,"enemies":"Replay:BlueRogue","floor":13.0,"turns":2.0},{"damage":0.0,"enemies":"Gremlin Gang","floor":14.0,"turns":3.0},{"damage":0.0,"enemies":"Fading Forest","floor":16.0,"turns":11.0},{"damage":0.0,"enemies":"theJungle:MUSHROOMGANG","floor":18.0,"turns":3.0},{"damage":0.0,"enemies":"theJungle:GiantWrat","floor":19.0,"turns":1.0},{"damage":13.0,"enemies":"theJungle:Snecko_Cultist_And_Trap","floor":21.0,"turns":2.0},{"damage":0.0,"enemies":"theJungle:JungleHuntersEncounter","floor":22.0,"turns":3.0},{"damage":0.0,"enemies":"theJungle:MamaSnecko","floor":23.0,"turns":3.0},{"damage":0.0,"enemies":"theJungle:2_Phrogs","floor":25.0,"turns":4.0},{"damage":0.0,"enemies":"theJungle:Lyon","floor":28.0,"turns":2.0},{"damage":0.0,"enemies":"theJungle:SlimyTreeVines","floor":30.0,"turns":2.0},{"damage":0.0,"enemies":"theJungle:MamaSnecko","floor":31.0,"turns":4.0},{"damage":0.0,"enemies":"theJungle:QueenSpyder","floor":33.0,"turns":7.0},{"damage":0.0,"enemies":"Orb Walker","floor":35.0,"turns":2.0},{"damage":11.0,"enemies":"3 Shapes","floor":36.0,"turns":3.0},{"damage":0.0,"enemies":"Sphere and 2 Shapes","floor":37.0,"turns":3.0},{"damage":3.0,"enemies":"Giant Head","floor":41.0,"turns":5.0},{"damage":0.0,"enemies":"Nemesis","floor":47.0,"turns":5.0},{"damage":0.0,"enemies":"Mind Bloom Boss Battle","floor":48.0,"turns":3.0},{"damage":23.0,"enemies":"Awakened One","floor":50.0,"turns":9.0},{"damage":0,"enemies":"Shield and Spear","floor":54,"turns":5},{"damage":52,"enemies":"The Heart","floor":55,"turns":8}],"seed_played":"-1298969625667552770","potions_obtained":[{"floor":1.0,"key":"Block Potion"},{"floor":3.0,"key":"FearPotion"},{"floor":7.0,"key":"AttackPotion"},{"floor":10.0,"key":"PowerPotion"},{"floor":14.0,"key":"Elixir"},{"floor":23.0,"key":"SpeedPotion"},{"floor":28.0,"key":"EssenceOfSteel"},{"floor":30.0,"key":"Swift Potion"},{"floor":31.0,"key":"Toxic Potion"},{"floor":33.0,"key":"Fruit Juice"},{"floor":35.0,"key":"PowerPotion"},{"floor":47.0,"key":"Adrenaline Potion"}],"is_trial":false,"path_per_floor":["M","?","M","?","M","R","M","M","T","E","R","?","E","M","R","B",null,"M","M","$","M","M","E","R","E","T","R","M","?","M","E","R","B",null,"M","M","M","?","?","R","E","R","T","?","?","R","E","?","R","B",null,"R","$","E","B",null],"character_chosen":"THE_SILENT","items_purchased":["hubris:MobiusCoin","Thread and Needle","Accuracy","Escape Plan","Bane","Question Card","Orrery","Replay:BasicMightCard","Molten Egg 2","Accuracy","Blade Dance","Pantograph","Skewer+1","All Out Attack+1","ReplayTheSpireMod:CursedCoin","ReplayTheSpireMod:Scrap Shanks","aspiration:FrozenJewel","ReplayFunnel","TwistedFunnel","Kunai","hubris:EnhanceAbility","Membership Card","infinitespire:Midas Blood","aspiration:Lifesprig","Snake Skull","infinitespire:CheckeredPen","Weak Potion","PowerPotion"],"campfire_rested":2,"item_purchase_floors":[0,0,0,0,0,0,0,0,0,0,0,0,0,0,0,0,0,0,20,20,20,53,53,53,53,53,53,53],"current_hp_per_floor":[21,21,21,21,21,42,42,42,42,42,42,42,42,42,42,70,70,70,70,70,57,57,57,57,57,57,57,59,59,61,63,63,75,75,75,64,66,66,48,48,47,47,47,47,47,69,71,75,75,52,69,69,69,71,23],"gold":532,"neow_bonus":"","is_daily":false,"chose_seed":false,"campfire_upgraded":8,"win_rate":0.0,"timestamp":1611513736,"path_taken":["M","?","M","?","M","R","M","M","T","E","R","?","E","M","R","BOSS","M","M","$","M","M","E","R","E","T","R","M","?","M","E","R","BOSS","M","M","M","?","?","R","E","R","T","?","?","R","E","?","R","BOSS","R","$","E","BOSS"],"items_purchased_type":["Relic","Relic","Card","Card","Card","Relic","Relic","Card","Relic","Card","Card","Relic","Card","Card","Relic","Card","Relic","Relic","Relic","Relic","Card","Relic","Relic","Relic","Relic","Relic","Potion","Potion"],"build_version":"2020-12-22","purchased_purges":2,"victory":true,"max_hp_per_floor":[70,70,70,70,70,70,70,70,70,70,70,70,70,70,70,70,70,70,70,70,70,70,70,70,70,70,70,70,70,70,70,70,75,75,75,75,75,75,75,75,75,75,75,75,75,75,75,75,75,75,75,75,75,75,75],"relic_stats":{"Blood Vial":20,"counters":[432,1863],"Pantograph":34,"Snake Skull":[33],"Kunai":[46],"Question Card":45,"MawBank":144,"obtain_stats":[{"Vampiric Spirits":46,"downfall:HeartBlessingGreen":10,"aspiration:PoetsPen_weak":17,"hubris:MysteriousPyramids":9,"Sling":55,"Ring of Searing":38,"Blood Vial":43,"Replay:Wanted Poster":34,"infinitespire:ShieldingShard":13,"hubris:HerbalPaste":0,"hubris:AstralHammer":40,"Replay:Bronze Core":34,"Fusion Hammer":34,"Replay:Bottled Flurry":46,"Replay:Bottled Steam":53,"hubris:MobiusCoin":6,"MerchantsRug":53,"Eternal Feather":53,"Pen Nib":25,"ReplayTheSpireMod:SealedPack":17,"infinitespire:Magic Flask":9,"infinitespire:EvilPickle":33,"infinitespire:Broken Mirror":54,"Bird Faced Urn":39,"Unceasing Top":14,"hubris:Reverence":23,"Regal Pillow":29,"Torii":7,"Singing Bowl":25,"hubris:EmptyBottle":29,"Ancient Tea Set":5,"Pet Ghost":41,"Ring of Fangs":46,"hubris:Backtick":34,"infinitespire:Bottled Soul":43,"aspiration:AnachronicSnailShell":41,"Toolbox":53,"hubris:CuriousFeather":38,"Replay:Bottled Eggs":53,"infinitespire:Eraser":23,"InkBottle":25,"aspiration:ChemicalBlood":24,"Ring of the Snake":0,"Potion Belt":44,"Lee\u0027s Waffle":53,"Replay:M_StaffOfTheSnake":0,"Replay:Fungal Core":29,"NeowsBlessing":0,"hubris:64BitClover":0,"PreservedInsect":26,"infinitespire:Lucky Rock":26,"hubris:Towel":30,"Replay:Arrowhead":0,"Ornamental Fan":6,"Art of War":37,"Garlic":11,"infinitespire:Midas Blood":0,"hubris:BottledRain":17,"Ice Cream":44,"Calipers":23,"Gremlin Horn":38,"hubris:TerracottaHorce":48,"Sozu":17,"Centennial Puzzle":48,"Prayer Wheel":11,"Iron Hammer":54,"hubris:DuctTape":34,"ReplayTheSpireMod:CursedCoin":53,"Replay:Grab Bag":34,"Ring of Chaos":34,"SaiyanHeart":0,"aspiration:HiddenCompartment":29,"hubris:Zylophone":53,"hubris:PeanutButter":9,"infinitespire:EmpoweringShard":0,"aspiration:HatOfInfinitePower":37,"Mirror":9,"Pocketwatch":36,"aspiration:TomeofQuesting":38,"Snake Skull":7,"hubris:RunicObelisk":17,"aspiration:StickyExplosives_weak":24,"Tough Bandages":9,"Dream Catcher":23,"hubris:Icosahedron":47,"TheAbacus":53,"aspiration:DefectSkillbook":34,"downfall:HeartBlessingBlue":18,"Red Mask":31,"Runic Pyramid":21,"hubris:KleinBottle":37,"Guide Book":0,"Replay:WaspNest":53,"Odd Mushroom":13,"Mercury Hourglass":6,"Calling Bell":47,"Strange Spoon":53,"Cauldron":53,"Pondfish Scales":29,"infinitespire:Satchel":31,"SaiyanSoul":0,"Bag of Marbles":6,"Membership Card":20,"hubris:AncientText":36,"FossilizedHelix":36,"hubris:OldNail":0,"TwistedFunnel":0,"infinitespire:BottledMercury":46,"Golden Egg":53,"Ginger":25,"Whetstone":29,"Bottled Tornado":0,"Boot":52,"aspiration:RitualStick":25,"Replay:Ringing Soul":43,"MealTicket":48,"hubris:DeckOfHolding":28,"infinitespire:Golems Mask":48,"Kunai":47,"Replay:Wax Seal":18,"hubris:TinFlute":53,"Pear":20,"Counterbalance":38,"ReplayTheSpireMod:Ring of Addiction":46,"hubris:SphereOfDissonance":0,"Replay:Ancient Bell":34,"aspiration:IroncladSkillbook":17,"aspiration:FrozenJewel":9,"SlaversCollar":17,"Pandora\u0027s Box":34,"hubris:TenFootPole":2,"infinitespire:PuzzleCube":24,"Abe\u0027s Treasure":17,"aspiration:Lifesprig":0,"Lantern":40,"hubris:Metronome":41,"Blue Doll":52,"Bag of Preparation":42,"Replay:Multitool":20,"Cursed Key":34,"Replay:Rubber Ducky":36,"Shovel":3,"Ring of Peace":38,"WingedGreaves":36,"Ring of Panic":10,"hubris:GlazedTorus":46,"aspiration:VileToxins":42,"downfall:HeartBlessingRed":10,"Basket Of Snakes":31,"Damaru":6,"Thread and Needle":53,"The Courier":41,"infinitespire:Joker Card":0,"Omamori":45,"infinitespire:CheckeredPen":43,"MawBank":41,"Busted Crown":17,"Orrery":0,"Turnip":19,"Bottled Lightning":52,"ReplayTheSpireMod:Onyx Gauntlets":34,"ReplayTheSpireMod:Lightbulb":0,"Toy Ornithopter":46,"hubris:CrystalStatue":41,"Vajra":12,"Lizard Tail":13,"DollysMirror":20,"Strawberry":49,"aspiration:ArtOfWarUpgrade":49,"Toxic Egg 2":0,"Byrd Skull":41,"Happy Flower":43,"Astrolabe":17,"Oddly Smooth Stone":10,"infinitespire:Beetle Shell":53,"aspiration:SeaSaltIceCream":41,"War Paint":9,"Question Card":25,"Replay:Baseball":29,"Bottled Flame":8,"ReplayTheSpireMod:Shallot":36,"Shuriken":0,"Bronze Scales":54,"Molten Egg 2":23,"ReplayTheSpireMod:TigerMarble":43,"Black Star":17,"Grinning Jar":17,"Meat on the Bone":4,"ReplayFunnel":36,"Darkstone Periapt":24,"ReplayTheSpireMod:Ring of Exchange":3,"Replay:PocketPolymizer":31,"SacredBark":46,"Mango":20,"hubris:SlimyHat":36,"ClockworkSouvenir":53,"Replay:Bandana":0,"Mummified Hand":19,"Gambling Chip":0,"Pantograph":0,"infinitespire:Chaos":0,"Gremlin Food":21,"BargainBundle":0,"ReplayTheSpireMod:Ninjato":41,"infinitespire:CursedDice":8,"Quantum Egg":43,"ReplayTheSpireMod:Ring of Sloth":10,"infinitespire:EmptyRelic":0,"aspiration:HummingbirdHeart":0,"Orichalcum":47,"Anchor":37,"CaptainsWheel":17,"infinitespire:WardingShard":12,"ChewingGum":17,"Snack Pack":0,"PureWater":0,"TungstenRod":29,"hubris:Potato":0,"hubris:NiceRug":53},{"Vampiric Spirits":144,"downfall:HeartBlessingGreen":6,"aspiration:PoetsPen_weak":187,"hubris:MysteriousPyramids":97,"Sling":207,"Ring of Searing":83,"Blood Vial":85,"Replay:Wanted Poster":168,"infinitespire:ShieldingShard":70,"hubris:HerbalPaste":92,"hubris:AstralHammer":24,"Replay:Bronze Core":51,"Fusion Hammer":196,"Replay:Bottled Flurry":116,"Replay:Bottled Steam":321,"hubris:MobiusCoin":4,"MerchantsRug":32,"Eternal Feather":262,"Pen Nib":16,"ReplayTheSpireMod:SealedPack":244,"infinitespire:Magic Flask":37,"infinitespire:EvilPickle":51,"infinitespire:Broken Mirror":120,"Bird Faced Urn":113,"Unceasing Top":186,"hubris:Reverence":223,"Regal Pillow":18,"Torii":4,"Singing Bowl":386,"hubris:EmptyBottle":18,"Ancient Tea Set":4,"Pet Ghost":24,"Ring of Fangs":27,"hubris:Backtick":196,"infinitespire:Bottled Soul":26,"aspiration:AnachronicSnailShell":114,"Toolbox":353,"hubris:CuriousFeather":54,"Replay:Bottled Eggs":32,"infinitespire:Eraser":249,"InkBottle":107,"aspiration:ChemicalBlood":15,"Ring of the Snake":0,"Potion Belt":86,"Lee\u0027s Waffle":177,"Replay:M_StaffOfTheSnake":371,"Replay:Fungal Core":165,"NeowsBlessing":371,"hubris:64BitClover":323,"PreservedInsect":223,"infinitespire:Lucky Rock":276,"hubris:Towel":136,"Replay:Arrowhead":371,"Ornamental Fan":151,"Art of War":23,"Garlic":98,"infinitespire:Midas Blood":92,"hubris:BottledRain":158,"Ice Cream":144,"Calipers":105,"Gremlin Horn":392,"hubris:TerracottaHorce":232,"Sozu":244,"Centennial Puzzle":29,"Prayer Wheel":329,"Iron Hammer":146,"hubris:DuctTape":196,"ReplayTheSpireMod:CursedCoin":60,"Replay:Grab Bag":196,"Ring of Chaos":22,"SaiyanHeart":0,"aspiration:HiddenCompartment":78,"hubris:Zylophone":401,"hubris:PeanutButter":153,"infinitespire:EmpoweringShard":323,"aspiration:HatOfInfinitePower":23,"Mirror":127,"Pocketwatch":112,"aspiration:TomeofQuesting":24,"Snake Skull":184,"hubris:RunicObelisk":362,"aspiration:StickyExplosives_weak":191,"Tough Bandages":359,"Dream Catcher":384,"hubris:Icosahedron":144,"TheAbacus":401,"aspiration:DefectSkillbook":225,"downfall:HeartBlessingBlue":11,"Red Mask":279,"Runic Pyramid":74,"hubris:KleinBottle":23,"Guide Book":147,"Replay:WaspNest":60,"Odd Mushroom":156,"Mercury Hourglass":295,"Calling Bell":88,"Strange Spoon":262,"Cauldron":321,"Pondfish Scales":18,"infinitespire:Satchel":80,"SaiyanSoul":0,"Bag of Marbles":36,"Membership Card":13,"hubris:AncientText":112,"FossilizedHelix":169,"hubris:OldNail":264,"TwistedFunnel":121,"infinitespire:BottledMercury":58,"Golden Egg":401,"Ginger":250,"Whetstone":369,"Bottled Tornado":236,"Boot":32,"aspiration:RitualStick":367,"Replay:Ringing Soul":257,"MealTicket":59,"hubris:DeckOfHolding":77,"infinitespire:Golems Mask":144,"Kunai":88,"Replay:Wax Seal":11,"hubris:TinFlute":353,"Pear":189,"Counterbalance":24,"ReplayTheSpireMod:Ring of Addiction":27,"hubris:SphereOfDissonance":121,"Replay:Ancient Bell":253,"aspiration:IroncladSkillbook":42,"aspiration:FrozenJewel":67,"SlaversCollar":11,"Pandora\u0027s Box":137,"hubris:TenFootPole":180,"infinitespire:PuzzleCube":45,"Abe\u0027s Treasure":272,"aspiration:Lifesprig":62,"Lantern":171,"hubris:Metronome":200,"Blue Doll":32,"Bag of Preparation":85,"Replay:Multitool":335,"Cursed Key":111,"Replay:Rubber Ducky":23,"Shovel":2,"Ring of Peace":83,"WingedGreaves":140,"Ring of Panic":97,"hubris:GlazedTorus":88,"aspiration:VileToxins":257,"downfall:HeartBlessingRed":6,"Basket Of Snakes":224,"Damaru":67,"Thread and Needle":321,"The Courier":229,"infinitespire:Joker Card":323,"Omamori":27,"infinitespire:CheckeredPen":284,"MawBank":427,"Busted Crown":131,"Orrery":236,"Turnip":381,"Bottled Lightning":400,"ReplayTheSpireMod:Onyx Gauntlets":196,"ReplayTheSpireMod:Lightbulb":264,"Toy Ornithopter":27,"hubris:CrystalStatue":114,"Vajra":155,"Lizard Tail":216,"DollysMirror":13,"Strawberry":30,"aspiration:ArtOfWarUpgrade":175,"Toxic Egg 2":291,"Byrd Skull":257,"Happy Flower":114,"Astrolabe":380,"Oddly Smooth Stone":6,"infinitespire:Beetle Shell":32,"aspiration:SeaSaltIceCream":24,"War Paint":6,"Question Card":107,"Replay:Baseball":18,"Bottled Flame":127,"ReplayTheSpireMod:Shallot":112,"Shuriken":264,"Bronze Scales":120,"Molten Egg 2":105,"ReplayTheSpireMod:TigerMarble":26,"Black Star":100,"Grinning Jar":158,"Meat on the Bone":94,"ReplayFunnel":169,"Darkstone Periapt":305,"ReplayTheSpireMod:Ring of Exchange":266,"Replay:PocketPolymizer":422,"SacredBark":27,"Mango":13,"hubris:SlimyHat":23,"ClockworkSouvenir":32,"Replay:Bandana":147,"Mummified Hand":43,"Gambling Chip":33,"Pantograph":403,"infinitespire:Chaos":371,"Gremlin Food":74,"BargainBundle":62,"ReplayTheSpireMod:Ninjato":143,"infinitespire:CursedDice":269,"Quantum Egg":56,"ReplayTheSpireMod:Ring of Sloth":97,"infinitespire:EmptyRelic":371,"aspiration:HummingbirdHeart":236,"Orichalcum":88,"Anchor":83,"CaptainsWheel":158,"infinitespire:WardingShard":243,"ChewingGum":333,"Snack Pack":62,"PureWater":0,"TungstenRod":109,"hubris:Potato":179,"hubris:NiceRug":177},{"Vampiric Spirits":705,"downfall:HeartBlessingGreen":31,"aspiration:PoetsPen_weak":930,"hubris:MysteriousPyramids":480,"Sling":992,"Ring of Searing":418,"Blood Vial":426,"Replay:Wanted Poster":818,"infinitespire:ShieldingShard":356,"hubris:HerbalPaste":462,"hubris:AstralHammer":137,"Replay:Bronze Core":277,"Fusion Hammer":971,"Replay:Bottled Flurry":563,"Replay:Bottled Steam":1446,"hubris:MobiusCoin":22,"MerchantsRug":214,"Eternal Feather":1236,"Pen Nib":78,"ReplayTheSpireMod:SealedPack":1150,"infinitespire:Magic Flask":235,"infinitespire:EvilPickle":277,"infinitespire:Broken Mirror":585,"Bird Faced Urn":547,"Unceasing Top":919,"hubris:Reverence":1056,"Regal Pillow":94,"Torii":22,"Singing Bowl":1669,"hubris:EmptyBottle":94,"Ancient Tea Set":22,"Pet Ghost":137,"Ring of Fangs":167,"hubris:Backtick":971,"infinitespire:Bottled Soul":154,"aspiration:AnachronicSnailShell":555,"Toolbox":1548,"hubris:CuriousFeather":289,"Replay:Bottled Eggs":214,"infinitespire:Eraser":1173,"InkBottle":523,"aspiration:ChemicalBlood":72,"Ring of the Snake":0,"Potion Belt":431,"Lee\u0027s Waffle":867,"Replay:M_StaffOfTheSnake":1620,"Replay:Fungal Core":804,"NeowsBlessing":1620,"hubris:64BitClover":1452,"PreservedInsect":1056,"infinitespire:Lucky Rock":1305,"hubris:Towel":656,"Replay:Arrowhead":1620,"Ornamental Fan":742,"Art of War":126,"Garlic":487,"infinitespire:Midas Blood":462,"hubris:BottledRain":773,"Ice Cream":705,"Calipers":517,"Gremlin Horn":1693,"hubris:TerracottaHorce":1095,"Sozu":1150,"Centennial Puzzle":181,"Prayer Wheel":1463,"Iron Hammer":718,"hubris:DuctTape":971,"ReplayTheSpireMod:CursedCoin":314,"Replay:Grab Bag":971,"Ring of Chaos":116,"SaiyanHeart":0,"aspiration:HiddenCompartment":394,"hubris:Zylophone":1742,"hubris:PeanutButter":749,"infinitespire:EmpoweringShard":1452,"aspiration:HatOfInfinitePower":126,"Mirror":610,"Pocketwatch":545,"aspiration:TomeofQuesting":137,"Snake Skull":909,"hubris:RunicObelisk":1580,"aspiration:StickyExplosives_weak":948,"Tough Bandages":1565,"Dream Catcher":1660,"hubris:Icosahedron":705,"TheAbacus":1742,"aspiration:DefectSkillbook":1067,"downfall:HeartBlessingBlue":49,"Red Mask":1318,"Runic Pyramid":381,"hubris:KleinBottle":126,"Guide Book":725,"Replay:WaspNest":314,"Odd Mushroom":763,"Mercury Hourglass":1373,"Calling Bell":441,"Strange Spoon":1236,"Cauldron":1446,"Pondfish Scales":94,"infinitespire:Satchel":402,"SaiyanSoul":0,"Bag of Marbles":233,"Membership Card":56,"hubris:AncientText":545,"FossilizedHelix":823,"hubris:OldNail":1248,"TwistedFunnel":591,"infinitespire:BottledMercury":304,"Golden Egg":1742,"Ginger":1178,"Whetstone":1608,"Bottled Tornado":1121,"Boot":214,"aspiration:RitualStick":1599,"Replay:Ringing Soul":1209,"MealTicket":307,"hubris:DeckOfHolding":389,"infinitespire:Golems Mask":705,"Kunai":441,"Replay:Wax Seal":49,"hubris:TinFlute":1548,"Pear":941,"Counterbalance":137,"ReplayTheSpireMod:Ring of Addiction":167,"hubris:SphereOfDissonance":591,"Replay:Ancient Bell":1192,"aspiration:IroncladSkillbook":246,"aspiration:FrozenJewel":343,"SlaversCollar":49,"Pandora\u0027s Box":666,"hubris:TenFootPole":883,"infinitespire:PuzzleCube":255,"Abe\u0027s Treasure":1290,"aspiration:Lifesprig":323,"Lantern":832,"hubris:Metronome":978,"Blue Doll":214,"Bag of Preparation":426,"Replay:Multitool":1485,"Cursed Key":542,"Replay:Rubber Ducky":126,"Shovel":12,"Ring of Peace":418,"WingedGreaves":683,"Ring of Panic":480,"hubris:GlazedTorus":441,"aspiration:VileToxins":1209,"downfall:HeartBlessingRed":31,"Basket Of Snakes":1060,"Damaru":343,"Thread and Needle":1446,"The Courier":1082,"infinitespire:Joker Card":1452,"Omamori":167,"infinitespire:CheckeredPen":1337,"MawBank":1833,"Busted Crown":632,"Orrery":1121,"Turnip":1651,"Bottled Lightning":1735,"ReplayTheSpireMod:Onyx Gauntlets":971,"ReplayTheSpireMod:Lightbulb":1248,"Toy Ornithopter":167,"hubris:CrystalStatue":555,"Vajra":761,"Lizard Tail":1021,"DollysMirror":56,"Strawberry":193,"aspiration:ArtOfWarUpgrade":853,"Toxic Egg 2":1362,"Byrd Skull":1209,"Happy Flower":555,"Astrolabe":1649,"Oddly Smooth Stone":31,"infinitespire:Beetle Shell":214,"aspiration:SeaSaltIceCream":137,"War Paint":31,"Question Card":523,"Replay:Baseball":94,"Bottled Flame":610,"ReplayTheSpireMod:Shallot":545,"Shuriken":1248,"Bronze Scales":585,"Molten Egg 2":517,"ReplayTheSpireMod:TigerMarble":154,"Black Star":500,"Grinning Jar":773,"Meat on the Bone":467,"ReplayFunnel":823,"Darkstone Periapt":1403,"ReplayTheSpireMod:Ring of Exchange":1257,"Replay:PocketPolymizer":1813,"SacredBark":167,"Mango":56,"hubris:SlimyHat":126,"ClockworkSouvenir":214,"Replay:Bandana":725,"Mummified Hand":249,"Gambling Chip":226,"Pantograph":1757,"infinitespire:Chaos":1620,"Gremlin Food":381,"BargainBundle":323,"ReplayTheSpireMod:Ninjato":699,"infinitespire:CursedDice":1272,"Quantum Egg":297,"ReplayTheSpireMod:Ring of Sloth":480,"infinitespire:EmptyRelic":1620,"aspiration:HummingbirdHeart":1121,"Orichalcum":441,"Anchor":418,"CaptainsWheel":773,"infinitespire:WardingShard":1143,"ChewingGum":1480,"Snack Pack":323,"PureWater":0,"TungstenRod":530,"hubris:Potato":879,"hubris:NiceRug":867}],"Ring of the Snake":[122]},"card_choices":[{"not_picked":["Outmaneuver","Deflect","ReplayTheSpireMod:Speed Training"],"picked":"Crippling Poison","floor":0.0},{"not_picked":["Poisoned Stab","ReplayTheSpireMod:The Works","Hidden Blade"],"picked":"ReplayTheSpireMod:Speed Training","floor":0.0},{"not_picked":["Draining Mist","hubris:SlightOfHand","Masterful Stab"],"picked":"Bane","floor":0.0},{"not_picked":["Escape Plan","hubris:SlightOfHand","Hidden Blade"],"picked":"Blade Dance","floor":0.0},{"not_picked":["hubris:Counter","Finisher","hubris:TrickCloak"],"picked":"Doppelganger","floor":0.0},{"not_picked":["Outmaneuver","Sucker Punch+1","Poisoned Stab+1"],"picked":"Backstab+1","floor":1.0},{"not_picked":["Finisher+1","Tactician","Outmaneuver"],"picked":"Dash+1","floor":3.0},{"not_picked":["Catalyst","Skewer+1","Outmaneuver"],"picked":"PiercingWail","floor":5.0},{"not_picked":["Leg Sweep","Concentrate","Terror"],"picked":"ReplayTheSpireMod:From All Sides+1","floor":7.0},{"not_picked":["PiercingWail","Quick Slash+1","Cloak And Dagger"],"picked":"Dagger Spray+1","floor":8.0},{"not_picked":["Backflip","Envenom","Caltrops"],"picked":"Adrenaline","floor":10.0},{"not_picked":["Bane+1","Dodge and Roll","Cloak And Dagger"],"picked":"Bouncing Flask","floor":12.0},{"not_picked":["Distraction","Calculated Gamble","Setup"],"picked":"Noxious Fumes","floor":13.0},{"not_picked":["Concentrate","Draining Mist","Cloak And Dagger"],"picked":"Leg Sweep","floor":14.0},{"not_picked":["Doppelganger","Envenom","Venomology"],"picked":"Storm of Steel","floor":16.0},{"not_picked":["hubris:SlightOfHand","Acrobatics","Backstab+1"],"picked":"Backflip+1","floor":18.0},{"not_picked":["Poisoned Stab+1","Deadly Poison","ReplayTheSpireMod:Tripwire"],"picked":"Bane+1","floor":19.0},{"not_picked":["ReplayTheSpireMod:Exploit Weakness","Deflect","Cloak And Dagger"],"picked":"Bane+1","floor":21.0},{"not_picked":["Quick Slash+1","Flechettes+1","Outmaneuver"],"picked":"Escape Plan","floor":22.0},{"not_picked":["Underhanded Strike+1","Quick Slash+1","Backstab+1"],"picked":"Terror+1","floor":23.0},{"not_picked":["Sucker Punch+1","Concentrate","hubris:TrickCloak"],"picked":"Distraction+1","floor":25.0},{"not_picked":["ReplayTheSpireMod:The Works","Poisoned Stab+1","Quick Slash+1"],"picked":"Sneak Up","floor":28.0},{"not_picked":["Cloak And Dagger+1","PiercingWail","Prepared+1"],"picked":"ReplayTheSpireMod:Speed Training+1","floor":30.0},{"not_picked":["Atom Bomb+1","Bane+1","Sucker Punch+1"],"picked":"Blur","floor":31.0},{"not_picked":["Malaise","Atom Bomb+1","A Thousand Cuts"],"picked":"Corpse Explosion","floor":33.0},{"not_picked":["Hidden Blade","Endless Agony+1","Eviscerate+1"],"picked":"Crippling Poison","floor":35.0},{"not_picked":["Deflect+1","Eviscerate+1","Expertise+1"],"picked":"Blade Dance","floor":36.0},{"not_picked":["Dodge and Roll+1","Replay:Poison Smokescreen+1","Poisoned Stab+1"],"picked":"Cloak And Dagger+1","floor":37.0},{"not_picked":["Flash of Steel+1","Dramatic Entrance+1","PanicButton"],"picked":"Discovery","floor":38.0},{"not_picked":["Dagger Throw+1","Cloak And Dagger","Sucker Punch+1"],"picked":"Calculated Gamble+1","floor":39.0},{"not_picked":["Dodge and Roll","hubris:SlightOfHand","Replay:Poison Smokescreen"],"picked":"Accuracy+1","floor":39.0},{"not_picked":["Blur","Expertise","Sucker Punch+1"],"picked":"Catalyst+1","floor":39.0},{"not_picked":["ReplayTheSpireMod:Shiv Toss","Dodge and Roll+1","All Out Attack+1"],"picked":"Burst","floor":41.0},{"not_picked":["Well Laid Plans","Acrobatics","Skewer+1"],"picked":"Bouncing Flask","floor":47.0},{"not_picked":["Finisher+1","Masterful Stab+1","Dagger Throw+1"],"picked":"Dagger Spray+1","floor":48.0},{"not_picked":["Underhanded Strike+1","Deadly Poison+1","Tactician"],"picked":"Leg Sweep+1","floor":54}],"player_experience":679211,"relics_obtained":[{"floor":9.0,"key":"hubris:Metronome"},{"floor":10.0,"key":"Bottled Lightning"},{"floor":12.0,"key":"Lantern"},{"floor":13.0,"key":"hubris:MysteriousPyramids"},{"floor":23.0,"key":"aspiration:HiddenCompartment"},{"floor":25.0,"key":"Blood Vial"},{"floor":31.0,"key":"Replay:PocketPolymizer"},{"floor":41.0,"key":"MawBank"},{"floor":43.0,"key":"aspiration:StickyExplosives_weak"},{"floor":47.0,"key":"infinitespire:BottledMercury"},{"floor":48.0,"key":"Ice Cream"},{"floor":54,"key":"infinitespire:Satchel"}],"event_choices":[{"damage_healed":0.0,"max_hp_gain":0.0,"max_hp_loss":0.0,"gold_gain":30.0,"event_name":"Dead Adventurer","player_choice":"Searched \u00272\u0027 times","floor":12.0,"gold_loss":0.0,"damage_taken":0.0},{"damage_healed":0.0,"max_hp_gain":0.0,"max_hp_loss":0.0,"gold_gain":0.0,"event_name":"SensoryStone","player_choice":"Memory 1","floor":38.0,"gold_loss":0.0,"damage_taken":0.0},{"damage_healed":0.0,"max_hp_gain":0.0,"max_hp_loss":0.0,"gold_gain":0.0,"event_name":"MindBloom","player_choice":"Fight","floor":48.0,"gold_loss":0.0,"damage_taken":0.0}],"is_beta":false,"boss_relics":[{"not_picked":["Replay:Drink Me","Replay:Bronze Core"],"picked":"Abe\u0027s Treasure"},{"not_picked":["Philosopher\u0027s Stone","WristBlade"],"picked":"ChewingGum"}],"items_purged_floors":[0,53],"is_endless":false,"potions_floor_spawned":[1,3,7,10,14,23,28,30,31,33,35,47,54],"ascension_level":11}}