{"host":"s41rn2jhghpwfrvz","time":1611515197,"event":{"mods":["BaseMod","Minty Spire (QoL Compilation)","Quick Restart","Relic Stats","SuperFastMode"],"gold_per_floor":[113,163,173,189,204,230,230,155,155,186,86,161,193,263,263,335,335,352,267,277,109,119,134,134,134],"floor_reached":24,"language":"ENG","playtime":600,"items_purged":["Setup","Hologram"],"score":482,"play_id":"a8427695-f52a-4409-a0c0-ac9cf1ea24ce","local_time":"20210124210637","daily_mods":["SealedDeck","Diverse","DeadlyEvents"],"is_ascension_mode":true,"campfire_choices":[{"data":"Prostrate","floor":7,"key":"SMITH"},{"data":"Flex","floor":15,"key":"SMITH"}],"circlet_count":0,"master_deck":["AscendersBane","Deflect","WheelKick","Battle Trance","Hologram","Flex+1","Gash","Pommel Strike","Beam Cell","Prostrate+1","Adrenaline","Acrobatics","Turbo+1"],"relics":["Burning Blood","Regal Pillow","Bottled Lightning","Potion Belt","Question Card","Black Star","Pen Nib","Medical Kit"],"acts_visited":["Exordium","TheCity"],"potions_floor_usage":[13,24],"damage_taken":[{"damage":0,"enemies":"Cultist","floor":1,"turns":2},{"damage":0,"enemies":"2 Louse","floor":3,"turns":2},{"damage":7,"enemies":"Small Slimes","floor":4,"turns":4},{"damage":0,"enemies":"2 Fungi Beasts","floor":5,"turns":3},{"damage":42,"enemies":"3 Sentries","floor":6,"turns":9},{"damage":0,"enemies":"Lagavulin","floor":10,"turns":3},{"damage":18,"enemies":"3 Sentries","floor":13,"turns":5},{"damage":4,"enemies":"Hexaghost","floor":16,"turns":3},{"damage":7,"enemies":"2 Thieves","floor":18,"turns":3},{"damage":7,"enemies":"Spheric Guardian","floor":20,"turns":3},{"damage":8,"enemies":"Centurion and Healer","floor":22,"turns":2},{"damage":15,"enemies":"Shelled Parasite and Fungi","floor":23,"turns":3},{"damage":52,"enemies":"Book of Stabbing","floor":24,"turns":4}],"seed_played":"7582533446932578275","potions_obtained":[{"floor":3,"key":"Energy Potion"},{"floor":5,"key":"SpeedPotion"},{"floor":10,"key":"Swift Potion"},{"floor":18,"key":"GamblersBrew"},{"floor":20,"key":"Ancient Potion"},{"floor":23,"key":"ElixirPotion"}],"is_trial":true,"path_per_floor":["M","?","M","M","M","E","R","$","T","E","$","?","E","T","R","B",null,"M","?","M","$","M","M","E"],"character_chosen":"IRONCLAD","items_purchased":["Medical Kit"],"campfire_rested":0,"item_purchase_floors":[21],"current_hp_per_floor":[74,67,73,72,75,39,39,39,39,45,45,34,22,22,22,24,62,61,61,60,60,58,49,0,0],"gold":134,"neow_bonus":"","is_daily":false,"chose_seed":false,"campfire_upgraded":2,"win_rate":0.0,"timestamp":1611515197,"path_taken":["M","?","M","?","M","E","R","?","T","?","$","?","E","?","R","BOSS","M","?","M","$","M","M","E"],"items_purchased_type":["Relic"],"build_version":"2020-12-22","purchased_purges":2,"victory":false,"max_hp_per_floor":[75,75,75,75,75,75,75,75,75,75,75,75,75,75,75,75,75,75,75,75,75,75,75,75,75],"relic_stats":{"Regal Pillow":0,"counters":[13,46],"Pen Nib":[4],"Black Star":0,"Question Card":5,"Medical Kit":[2],"obtain_stats":[{"Potion Belt":13,"Regal Pillow":6,"Pen Nib":19,"Black Star":17,"Bottled Lightning":10,"Question Card":14,"Medical Kit":21,"Burning Blood":0},{"Potion Belt":7,"Regal Pillow":5,"Pen Nib":9,"Black Star":8,"Bottled Lightning":6,"Question Card":7,"Medical Kit":10,"Burning Blood":0},{"Potion Belt":28,"Regal Pillow":20,"Pen Nib":34,"Black Star":31,"Bottled Lightning":23,"Question Card":28,"Medical Kit":37,"Burning Blood":0}],"Burning Blood":69},"card_choices":[{"not_picked":["Bane","Lockon","Redo"],"picked":"SKIP","floor":1},{"not_picked":["Dodge and Roll","Wild Strike"],"picked":"Prostrate","floor":3},{"not_picked":["Meditate","Steam","Hemokinesis"],"picked":"SKIP","floor":4},{"not_picked":["ClearTheMind","Quick Slash","Escape Plan"],"picked":"SKIP","floor":5},{"not_picked":["Melter","Power Through","Pommel Strike"],"picked":"SKIP","floor":6},{"not_picked":["CarveReality","Blade Dance","Glacier"],"picked":"SKIP","floor":10},{"not_picked":["Malaise","Havoc","Accuracy"],"picked":"SKIP","floor":13},{"not_picked":["Meteor Strike","Offering","Venomology"],"picked":"Adrenaline","floor":16},{"not_picked":["JustLucky","CrushJoints+1","Quick Slash"],"picked":"Acrobatics","floor":18},{"not_picked":["Pray","Clash+1","Dropkick","Twin Strike"],"picked":"SKIP","floor":20},{"not_picked":["ThirdEye","Rage","Accuracy","Sucker Punch"],"picked":"SKIP","floor":22},{"not_picked":["Anger","Brutality","Twin Strike"],"picked":"Turbo+1","floor":23}],"player_experience":1851290,"relics_obtained":[{"floor":6,"key":"Regal Pillow"},{"floor":10,"key":"Bottled Lightning"},{"floor":13,"key":"Potion Belt"},{"floor":14,"key":"Question Card"}],"event_choices":[{"damage_healed":0,"gold_gain":50,"player_choice":"Touch","damage_taken":7,"max_hp_gain":0,"max_hp_loss":0,"event_name":"FaceTrader","floor":2,"gold_loss":0},{"damage_healed":0,"gold_gain":75,"player_choice":"Gather Gold","damage_taken":11,"max_hp_gain":0,"max_hp_loss":0,"event_name":"World of Goop","floor":12,"gold_loss":0},{"damage_healed":0,"gold_gain":0,"player_choice":"Obtained Relic","damage_taken":0,"relics_obtained":["Pen Nib"],"max_hp_gain":0,"max_hp_loss":0,"event_name":"Addict","floor":19,"gold_loss":85}],"is_beta":false,"boss_relics":[{"not_picked":["Fusion Hammer","Coffee Dripper"],"picked":"Black Star"}],"items_purged_floors":[8,11],"is_endless":false,"potions_floor_spawned":[3,5,6,10,18,20,23],"killed_by":"Book of Stabbing","ascension_level":20}}