{"host":"qgpqu878cmwvz894","time":1611498354,"event":{"mods":["AchievementEnabler","BaseMod","Colored Map","Minty Spire (QoL Compilation)","Rare Cards Sparkle","SuperFastMode"],"gold_per_floor":[119,44,60,78,97,129,129,160,160,60,60,89,105,125,125,223,223,233,158,184,197,122,155,155,155,155,167,195,195,70,89,89,186,186,199,199,212,228,78,78,94,111,134,134,134,163,163,183,183,183,183,183,8,38,38],"floor_reached":56,"language":"KOR","playtime":3541,"items_purged":["Defend_B","Strike_B","Fission","Strike_B","Self Repair+1"],"score":1383,"play_id":"d8753404-5dc6-45bc-ab63-69e801139874","local_time":"20210124232554","is_ascension_mode":true,"campfire_choices":[{"floor":11,"key":"RECALL"},{"data":"Zap","floor":15,"key":"SMITH"},{"data":"Fusion","floor":24,"key":"SMITH"},{"data":"Dualcast","floor":29,"key":"SMITH"},{"data":"Double Energy","floor":32,"key":"SMITH"},{"data":"Defragment","floor":40,"key":"SMITH"},{"data":"Ball Lightning","floor":44,"key":"SMITH"},{"data":"Stack","floor":47,"key":"SMITH"},{"data":"Genetic Algorithm","floor":49,"key":"SMITH"},{"data":"Doom and Gloom","floor":52,"key":"SMITH"}],"circlet_count":0,"master_deck":["Defend_B","Zap+1","Dualcast+1","Barrage+1","Sweeping Beam+1","Beam Cell+1","Fusion+1","FTL","Ball Lightning+1","Doom and Gloom+1","Genetic Algorithm+1","Stack+1","Steam","Go for the Eyes","Defragment+1","Chill","Double Energy+1","Blizzard+1"],"relics":["Astrolabe","InkBottle","Blood Vial","Gambling Chip","Busted Crown","Red Mask","Regal Pillow","Centennial Puzzle","Bag of Preparation","Lizard Tail","Inserter","Bag of Marbles","Dead Branch","Ice Cream"],"acts_visited":["Exordium","TheCity","TheBeyond","TheEnding"],"potions_floor_usage":[16,16,16,27,27,28,31,36,37,37,38,41,46],"damage_taken":[{"damage":1,"enemies":"Cultist","floor":1,"turns":3},{"damage":4,"enemies":"Small Slimes","floor":3,"turns":3},{"damage":0,"enemies":"2 Louse","floor":4,"turns":2},{"damage":0,"enemies":"Large Slime","floor":5,"turns":2},{"damage":33,"enemies":"Gremlin Nob","floor":6,"turns":4},{"damage":18,"enemies":"Lagavulin","floor":8,"turns":3},{"damage":16,"enemies":"3 Sentries","floor":12,"turns":4},{"damage":10,"enemies":"Looter","floor":13,"turns":2},{"damage":14,"enemies":"Blue Slaver","floor":14,"turns":3},{"damage":12,"enemies":"Slime Boss","floor":16,"turns":6},{"damage":16,"enemies":"Shell Parasite","floor":18,"turns":4},{"damage":40,"enemies":"Masked Bandits","floor":20,"turns":4},{"damage":10,"enemies":"2 Thieves","floor":21,"turns":3},{"damage":47,"enemies":"Slavers","floor":23,"turns":5},{"damage":5,"enemies":"Shelled Parasite and Fungi","floor":27,"turns":5},{"damage":2,"enemies":"Book of Stabbing","floor":28,"turns":3},{"damage":0,"enemies":"Chosen and Byrds","floor":31,"turns":3},{"damage":56,"enemies":"Champ","floor":33,"turns":9},{"damage":12,"enemies":"3 Shapes","floor":35,"turns":2},{"damage":0,"enemies":"3 Darklings","floor":37,"turns":4},{"damage":18,"enemies":"4 Shapes","floor":38,"turns":3},{"damage":2,"enemies":"Writhing Mass","floor":41,"turns":5},{"damage":14,"enemies":"Maw","floor":42,"turns":6},{"damage":20,"enemies":"Nemesis","floor":46,"turns":5},{"damage":0,"enemies":"Transient","floor":48,"turns":5},{"damage":144,"enemies":"Time Eater","floor":50,"turns":12},{"damage":70,"enemies":"Shield and Spear","floor":54,"turns":6},{"damage":277,"enemies":"The Heart","floor":55,"turns":11}],"seed_played":"2915541081160941062","potions_obtained":[{"floor":4,"key":"FocusPotion"},{"floor":8,"key":"DistilledChaos"},{"floor":12,"key":"FocusPotion"},{"floor":13,"key":"Regen Potion"},{"floor":16,"key":"Energy Potion"},{"floor":23,"key":"Dexterity Potion"},{"floor":27,"key":"PowerPotion"},{"floor":28,"key":"AttackPotion"},{"floor":33,"key":"AttackPotion"},{"floor":35,"key":"LiquidMemories"},{"floor":36,"key":"Fruit Juice"},{"floor":36,"key":"FearPotion"},{"floor":37,"key":"Regen Potion"},{"floor":42,"key":"Block Potion"}],"is_trial":false,"path_per_floor":["M","$","M","M","M","E","?","E","T","$","R","E","M","M","R","B",null,"M","?","?","M","$","E","R","?","T","M","E","R","$","M","R","B",null,"M","?","M","M","$","R","M","M","T","R","?","E","R","M","R","B",null,"R","$","E","B",null],"character_chosen":"DEFECT","items_purchased":["Defragment"],"campfire_rested":0,"item_purchase_floors":[22],"current_hp_per_floor":[74,74,70,70,70,37,12,56,56,56,56,42,67,55,55,59,75,59,59,71,63,63,68,68,68,68,65,65,65,65,67,67,73,75,63,68,70,59,59,59,59,47,47,47,47,79,79,80,80,16,80,80,80,59,25],"gold":38,"neow_bonus":"BOSS_RELIC","is_daily":false,"chose_seed":false,"campfire_upgraded":9,"win_rate":0.0,"timestamp":1611498354,"path_taken":["M","$","?","M","M","E","?","E","T","$","R","E","M","M","R","BOSS","M","?","?","M","$","E","R","?","T","M","E","R","?","?","R","BOSS","M","?","M","?","?","R","M","M","T","R","?","E","R","M","R","BOSS","R","$","E","BOSS"],"items_purchased_type":["Card"],"build_version":"2020-12-22","purchased_purges":5,"victory":true,"max_hp_per_floor":[75,75,75,75,75,75,75,75,75,75,75,75,75,75,75,75,75,75,75,75,75,75,75,75,75,75,75,75,75,75,75,75,75,75,75,80,80,80,80,80,80,80,80,80,80,80,80,80,80,80,80,80,80,80,80],"card_choices":[{"not_picked":["Beam Cell","Force Field"],"picked":"Coolheaded","floor":1},{"not_picked":["Sweeping Beam","Force Field"],"picked":"Fusion","floor":3},{"not_picked":["Leap","Auto Shields"],"picked":"FTL","floor":4},{"not_picked":["Steam","Auto Shields"],"picked":"Ball Lightning","floor":5},{"not_picked":["Genetic Algorithm","Scrape"],"picked":"Fission","floor":6},{"not_picked":["Rebound","Melter"],"picked":"Doom and Gloom","floor":8},{"not_picked":["Fusion","Turbo"],"picked":"Genetic Algorithm","floor":12},{"not_picked":["Storm","Leap"],"picked":"Stack","floor":13},{"not_picked":["Reprogram","Fission"],"picked":"Steam","floor":14},{"not_picked":[],"picked":"Go for the Eyes","floor":18},{"not_picked":["BootSequence"],"picked":"SKIP","floor":21},{"not_picked":[],"picked":"Chill","floor":23},{"not_picked":["Leap"],"picked":"SKIP","floor":27},{"not_picked":["Leap"],"picked":"SKIP","floor":28},{"not_picked":[],"picked":"Double Energy","floor":31},{"not_picked":[],"picked":"Blizzard+1","floor":35},{"not_picked":["Steam+1"],"picked":"SKIP","floor":37},{"not_picked":["Heatsinks+1"],"picked":"SKIP","floor":38},{"not_picked":["Doom and Gloom"],"picked":"SKIP","floor":41},{"not_picked":["Steam+1"],"picked":"SKIP","floor":42},{"not_picked":["Streamline"],"picked":"SKIP","floor":46},{"not_picked":[],"picked":"Self Repair+1","floor":48},{"not_picked":["Storm"],"picked":"SKIP","floor":54}],"player_experience":124204,"relics_obtained":[{"floor":6,"key":"InkBottle"},{"floor":12,"key":"Gambling Chip"},{"floor":20,"key":"Red Mask"},{"floor":23,"key":"Regal Pillow"},{"floor":26,"key":"Bag of Preparation"},{"floor":28,"key":"Lizard Tail"},{"floor":43,"key":"Bag of Marbles"},{"floor":46,"key":"Dead Branch"},{"floor":54,"key":"Ice Cream"}],"event_choices":[{"damage_healed":0,"gold_gain":0,"player_choice":"Success","damage_taken":25,"relics_obtained":["Blood Vial"],"max_hp_gain":0,"max_hp_loss":0,"event_name":"Scrap Ooze","floor":7,"gold_loss":0},{"cards_removed":["Strike_B"],"damage_healed":0,"gold_gain":0,"player_choice":"Gave Gold","damage_taken":0,"max_hp_gain":0,"max_hp_loss":0,"event_name":"Beggar","floor":19,"gold_loss":75},{"damage_healed":0,"gold_gain":0,"player_choice":"Fought Bandits","damage_taken":0,"max_hp_gain":0,"max_hp_loss":0,"event_name":"Masked Bandits","floor":20,"gold_loss":0},{"damage_healed":0,"gold_gain":0,"player_choice":"Opened","damage_taken":0,"relics_obtained":["Centennial Puzzle"],"max_hp_gain":0,"max_hp_loss":0,"event_name":"The Mausoleum","floor":25,"gold_loss":0},{"damage_healed":0,"gold_gain":0,"player_choice":"Got Potions","damage_taken":0,"max_hp_gain":0,"max_hp_loss":0,"event_name":"Lab","floor":36,"gold_loss":0},{"cards_removed":["Coolheaded"],"damage_healed":0,"gold_gain":0,"player_choice":"Removed Skill","damage_taken":0,"max_hp_gain":0,"max_hp_loss":0,"event_name":"Falling","floor":45,"gold_loss":0}],"is_beta":false,"boss_relics":[{"not_picked":["Coffee Dripper","Black Star"],"picked":"Busted Crown"},{"not_picked":["Runic Dome","Empty Cage"],"picked":"Inserter"}],"items_purged_floors":[2,10,30,39,53],"is_endless":false,"potions_floor_spawned":[4,8,12,13,16,23,27,28,33,35,37,42],"ascension_level":1}}