{"host":"kn32u0f2pym5bozc","time":1611447868,"event":{"mods":["2.2 Compatiblity","BaseMod","Better Third Choice","Marisa????????","Minty Spire (QoL Compilation)","Permanent Neow","Relic Stats","StSLib","The Animator"],"gold_per_floor":[114,389,119,129,151,151,195,195,195,215,233,233,233],"floor_reached":12,"language":"ENG","playtime":751,"items_purged":["Regret"],"score":140,"play_id":"8d92f3ea-41fe-402f-a472-91b6ea0b41cd","local_time":"20210123192428","is_ascension_mode":true,"campfire_choices":[{"data":"animator:Jibril","floor":6,"key":"SMITH"},{"data":"animator:Priestess","floor":8,"key":"SMITH"}],"circlet_count":0,"master_deck":["AscendersBane","animator:Strike_GoblinSlayer","animator:Defend_GoblinSlayer","animator:Strike","animator:Strike","animator:Strike","animator:Defend","animator:Defend","animator:Defend","animator:LizardPriest","animator:DwarfShaman+1","animator:MetalKnight","animator:UneriGinkaku","animator:Jibril+1","animator:GuildGirl","animator:Priestess+1","animator:IzunaHatsuse","animator:Shinoa"],"relics":["animator:LivingPicture","animator:TheMissingPiece","animator:PurgingStone","PreservedInsect","Prayer Wheel","Dream Catcher"],"acts_visited":["Exordium"],"potions_floor_usage":[5],"damage_taken":[{"damage":8,"enemies":"2 Louse","floor":1,"turns":3},{"damage":0,"enemies":"Cultist","floor":4,"turns":3},{"damage":2,"enemies":"Jaw Worm","floor":5,"turns":4},{"damage":23,"enemies":"3 Sentries","floor":7,"turns":6},{"damage":16,"enemies":"Lots of Slimes","floor":10,"turns":4},{"damage":7,"enemies":"Exordium Wildlife","floor":11,"turns":5},{"damage":20,"enemies":"Gremlin Nob","floor":12,"turns":3}],"seed_played":"-8516554746305985838","potions_obtained":[{"floor":1,"key":"AttackPotion"}],"is_trial":false,"path_per_floor":["M","?","$","M","M","R","E","R","T","M","M","E"],"character_chosen":"THE_ANIMATOR","items_purchased":["PreservedInsect","animator:UneriGinkaku"],"campfire_rested":0,"item_purchase_floors":[3,3],"current_hp_per_floor":[46,46,46,46,44,44,22,22,22,6,3,0,0],"gold":233,"neow_bonus":"UPGRADE_CARD","is_daily":false,"chose_seed":false,"campfire_upgraded":2,"win_rate":0.0,"timestamp":1611447868,"path_taken":["M","?","$","M","M","R","E","R","T","M","M","E"],"items_purchased_type":["Relic","Card"],"build_version":"2020-12-22","purchased_purges":1,"victory":false,"max_hp_per_floor":[60,60,60,60,60,60,61,61,61,61,61,61,61],"relic_stats":{"Dream Catcher":0,"counters":[7,27],"Prayer Wheel":2,"PreservedInsect":56,"obtain_stats":[{"Dream Catcher":9,"animator:PurgingStone":0,"animator:TheMissingPiece":0,"Prayer Wheel":7,"animator:LivingPicture":0,"PreservedInsect":3},{"Dream Catcher":4,"animator:PurgingStone":0,"animator:TheMissingPiece":0,"Prayer Wheel":4,"animator:LivingPicture":0,"PreservedInsect":1},{"Dream Catcher":16,"animator:PurgingStone":0,"animator:TheMissingPiece":0,"Prayer Wheel":16,"animator:LivingPicture":0,"PreservedInsect":3}]},"card_choices":[{"not_picked":["animator:Shuna","animator:Darkness"],"picked":"animator:MetalKnight","floor":1},{"not_picked":["animator:Hitei","animator:Lancer"],"picked":"animator:Jibril","floor":4},{"not_picked":["animator:Demiurge","animator:Shalltear"],"picked":"animator:GuildGirl","floor":5},{"not_picked":["animator:LizardPriest","animator:DwarfShaman"],"picked":"animator:Priestess","floor":7},{"not_picked":["animator:CrowleyEusford","animator:PandorasActor"],"picked":"animator:IzunaHatsuse","floor":10},{"not_picked":["animator:Aqua","animator:MetalKnight"],"picked":"animator:Shinoa","floor":10},{"not_picked":["animator:Souei","animator:MumenRider","animator:Tyuule"],"picked":"SKIP","floor":11},{"not_picked":["animator:UneriGinkaku","animator:Ara","animator:GazelDwargon"],"picked":"SKIP","floor":11}],"player_experience":876858,"relics_obtained":[{"floor":7,"key":"Prayer Wheel"},{"floor":9,"key":"Dream Catcher"}],"event_choices":[{"damage_healed":0,"gold_gain":275,"player_choice":"Desecrate","damage_taken":0,"max_hp_gain":0,"max_hp_loss":0,"event_name":"Golden Shrine","floor":2,"gold_loss":0,"cards_obtained":["Regret"]}],"is_beta":false,"boss_relics":[],"items_purged_floors":[3],"is_endless":false,"potions_floor_spawned":[1],"killed_by":"Gremlin Nob","ascension_level":15}}