{"host":"aqym1xxr3lb31d9m","time":1611491512,"event":{"mods":["BaseMod","Block Reminder","Colored Map","Colored Powertips","DeckTracker","Highlight Path","Minty Spire (QoL Compilation)","Quick Restart","Random Character Button","StSLib","SuperFastMode","UnlockEverythingMod"],"gold_per_floor":[112,129,142,217,217,217,242,257,308,331,344,357,357,372,372,451,451,464,464,18,30,30,30],"floor_reached":22,"language":"JPN","playtime":621,"items_purged":[],"score":376,"play_id":"f76ce24b-b779-41c4-bc8a-dc9f985d0d83","local_time":"20210124213152","is_ascension_mode":true,"campfire_choices":[{"data":"Sunder","floor":6,"key":"SMITH"},{"data":"Zap","floor":13,"key":"SMITH"},{"data":"Beam Cell","floor":15,"key":"SMITH"}],"circlet_count":0,"master_deck":["AscendersBane","Strike_B+1","Strike_B+1","Strike_B","Strike_B","Defend_B","Defend_B","Defend_B","Defend_B","Zap+1","Dualcast","Sunder+1","Scrape","Cold Snap","Chill","Hello World","All For One","White Noise","Beam Cell+1","All For One","Beam Cell","Go for the Eyes","Defragment","Hologram"],"relics":["Cracked Core","NeowsBlessing","Kunai","Whetstone","Vajra","Runic Pyramid","NlothsMask","TungstenRod"],"acts_visited":["Exordium","TheCity"],"potions_floor_usage":[12,14,16],"damage_taken":[{"damage":0,"enemies":"Cultist","floor":1,"turns":1},{"damage":0,"enemies":"2 Louse","floor":2,"turns":1},{"damage":0,"enemies":"Jaw Worm","floor":3,"turns":1},{"damage":28,"enemies":"Gremlin Nob","floor":7,"turns":4},{"damage":13,"enemies":"Blue Slaver","floor":8,"turns":2},{"damage":5,"enemies":"Exordium Wildlife","floor":11,"turns":3},{"damage":0,"enemies":"Looter","floor":12,"turns":1},{"damage":3,"enemies":"Gremlin Gang","floor":14,"turns":4},{"damage":6,"enemies":"Slime Boss","floor":16,"turns":7},{"damage":7,"enemies":"3 Byrds","floor":18,"turns":5},{"damage":7,"enemies":"Spheric Guardian","floor":21,"turns":3},{"damage":51,"enemies":"Shelled Parasite and Fungi","floor":22,"turns":3}],"seed_played":"7301444647184843050","potions_obtained":[{"floor":1,"key":"PowerPotion"},{"floor":2,"key":"Energy Potion"},{"floor":12,"key":"Strength Potion"},{"floor":21,"key":"PowerPotion"}],"is_trial":false,"path_per_floor":["M","M","M","?","?","R","E","M","T","T","M","M","R","M","R","B",null,"M","?","$","M","M"],"character_chosen":"DEFECT","items_purchased":["TungstenRod","Go for the Eyes","Defragment"],"campfire_rested":0,"item_purchase_floors":[20,20,20],"current_hp_per_floor":[64,64,64,53,58,58,30,17,17,17,12,12,12,9,9,3,58,51,51,51,44,0,0],"gold":30,"neow_bonus":"THREE_ENEMY_KILL","is_daily":false,"chose_seed":false,"campfire_upgraded":3,"win_rate":0.0,"timestamp":1611491512,"path_taken":["M","M","?","?","?","R","E","M","T","?","M","M","R","?","R","BOSS","M","?","$","M","M"],"items_purchased_type":["Relic","Card","Card"],"build_version":"2020-12-22","purchased_purges":0,"victory":false,"max_hp_per_floor":[71,71,71,71,76,76,76,76,76,76,76,76,76,76,76,76,76,76,76,76,76,76,76],"card_choices":[{"not_picked":["Chaos","Compile Driver"],"picked":"Sunder","floor":1},{"not_picked":["Chill","Sweeping Beam"],"picked":"Scrape","floor":2},{"not_picked":["Leap","Hologram"],"picked":"Cold Snap","floor":3},{"not_picked":["Rip and Tear","Reprogram"],"picked":"Chill","floor":7},{"not_picked":["Reprogram","Redo"],"picked":"Hello World","floor":8},{"not_picked":["Stack","Turbo"],"picked":"All For One","floor":11},{"not_picked":["Turbo","Scrape"],"picked":"White Noise","floor":12},{"not_picked":["Leap","Cold Snap"],"picked":"Beam Cell","floor":14},{"not_picked":["Seek","Multi-Cast"],"picked":"All For One","floor":16},{"not_picked":["Cold Snap","Blizzard"],"picked":"Beam Cell","floor":18},{"not_picked":["Stack+1","Hello World"],"picked":"Hologram","floor":21}],"player_experience":4011829,"relics_obtained":[{"floor":7,"key":"Kunai"},{"floor":9,"key":"Whetstone"},{"floor":10,"key":"Vajra"}],"event_choices":[{"damage_healed":0,"gold_gain":75,"player_choice":"Gather Gold","damage_taken":11,"max_hp_gain":0,"max_hp_loss":0,"event_name":"World of Goop","floor":4,"gold_loss":0},{"damage_healed":0,"gold_gain":0,"player_choice":"Donut","damage_taken":0,"max_hp_gain":5,"max_hp_loss":0,"event_name":"Big Fish","floor":5,"gold_loss":0},{"damage_healed":0,"gold_gain":0,"player_choice":"Trade","damage_taken":0,"relics_obtained":["NlothsMask"],"max_hp_gain":0,"max_hp_loss":0,"event_name":"FaceTrader","floor":19,"gold_loss":0}],"is_beta":false,"boss_relics":[{"not_picked":["FrozenCore","SacredBark"],"picked":"Runic Pyramid"}],"items_purged_floors":[],"is_endless":false,"potions_floor_spawned":[1,2,3,12,21],"killed_by":"Shelled Parasite and Fungi","ascension_level":20}}