{"host":"lip44byzewa3adv8","time":1611468721,"event":{"mods":["BaseMod","Curses Come First","Minty Spire (QoL Compilation)","Relic Sorter","Relic Stats","StSLib","Synergy Search"],"gold_per_floor":[114,129,129,144,159,159,189,189,264,264,294,309,339,414,414,514,514,529,544,559,609,624,624,654,669,669,699,302,302,317,332,332,432,432,447,462,477,492,507,537,537,223,223,0,30,45,75,90,90,90],"floor_reached":51,"language":"ENG","playtime":3954,"items_purged":[],"score":903,"play_id":"5c2ee2ef-85f6-40d1-8a30-0f0fad0ddc06","local_time":"20210124011201","daily_mods":["Draft","Colorless Cards","Terminal"],"is_ascension_mode":false,"campfire_choices":[{"data":"Backstab","floor":6.0,"key":"SMITH"},{"data":"Caltrops","floor":8.0,"key":"SMITH"},{"data":"Crippling Poison","floor":10.0,"key":"SMITH"},{"data":"Prepared","floor":15.0,"key":"SMITH"},{"data":"Finesse","floor":23.0,"key":"SMITH"},{"data":"Footwork","floor":29.0,"key":"SMITH"},{"data":"Panacea","floor":32.0,"key":"SMITH"},{"data":"Caltrops","floor":41.0,"key":"SMITH"},{"data":"Dodge and Roll","floor":49,"key":"SMITH"}],"circlet_count":0,"master_deck":["Backflip","Cloak And Dagger","Underhanded Strike","Flying Knee+1","Finesse+1","PiercingWail","Dagger Spray","PiercingWail","Cloak And Dagger","Quick Slash","Backflip+1","Dodge and Roll+1","Dodge and Roll+1","Predator+1","Caltrops+1","Dark Shackles","Bandage Up","Panacea+1","Backstab+1","Crippling Poison+1","Prepared+1","Blade Dance","Master of Strategy","Bouncing Flask","Quick Slash+1","Sucker Punch+1","Slice","Footwork+1","Sucker Punch","Cloak And Dagger+1","Apotheosis+1","Caltrops+1","Caltrops","Parasite","Blade Dance+1","Blade Dance+1","Caltrops","Clumsy","Parasite","Blur+1","Madness+1"],"relics":["Ring of the Serpent","Bottled Flame","Mercury Hourglass","Oddly Smooth Stone","Bag of Marbles","Boot","Darkstone Periapt","Blue Candle","Membership Card","War Paint","Toxic Egg 2","Cursed Key","Nunchaku","Turnip","Pear","Pantograph","Red Mask","Bag of Preparation","Whetstone"],"acts_visited":["Exordium","TheCity","TheBeyond"],"potions_floor_usage":[50,50,50],"damage_taken":[{"damage":0.0,"enemies":"Small Slimes","floor":1.0,"turns":3.0},{"damage":0.0,"enemies":"2 Louse","floor":2.0,"turns":2.0},{"damage":0.0,"enemies":"Jaw Worm","floor":4.0,"turns":5.0},{"damage":0.0,"enemies":"Lots of Slimes","floor":5.0,"turns":2.0},{"damage":2.0,"enemies":"Lagavulin","floor":7.0,"turns":7.0},{"damage":0.0,"enemies":"3 Sentries","floor":11.0,"turns":5.0},{"damage":0.0,"enemies":"Gremlin Gang","floor":12.0,"turns":2.0},{"damage":4.0,"enemies":"Gremlin Nob","floor":13.0,"turns":3.0},{"damage":4.0,"enemies":"The Guardian","floor":16.0,"turns":8.0},{"damage":0.0,"enemies":"3 Byrds","floor":18.0,"turns":3.0},{"damage":0.0,"enemies":"Spheric Guardian","floor":19.0,"turns":4.0},{"damage":0.0,"enemies":"Centurion and Healer","floor":20.0,"turns":6.0},{"damage":0.0,"enemies":"Snake Plant","floor":22.0,"turns":3.0},{"damage":1.0,"enemies":"Book of Stabbing","floor":24.0,"turns":5.0},{"damage":1.0,"enemies":"3 Cultists","floor":25.0,"turns":5.0},{"damage":0.0,"enemies":"Gremlin Leader","floor":27.0,"turns":6.0},{"damage":0.0,"enemies":"Snecko","floor":30.0,"turns":4.0},{"damage":0.0,"enemies":"Shelled Parasite and Fungi","floor":31.0,"turns":3.0},{"damage":3.0,"enemies":"Collector","floor":33.0,"turns":8.0},{"damage":0.0,"enemies":"3 Shapes","floor":35.0,"turns":4.0},{"damage":0.0,"enemies":"3 Darklings","floor":36.0,"turns":5.0},{"damage":15.0,"enemies":"Writhing Mass","floor":37.0,"turns":5.0},{"damage":2.0,"enemies":"4 Shapes","floor":38.0,"turns":4.0},{"damage":3.0,"enemies":"Transient","floor":39.0,"turns":5.0},{"damage":1.0,"enemies":"Reptomancer","floor":40.0,"turns":6.0},{"damage":7.0,"enemies":"Giant Head","floor":45.0,"turns":8.0},{"damage":4.0,"enemies":"Writhing Mass","floor":46.0,"turns":5.0},{"damage":3,"enemies":"Nemesis","floor":47,"turns":6},{"damage":3,"enemies":"Sphere and 2 Shapes","floor":48,"turns":5},{"damage":25,"enemies":"Awakened One","floor":50,"turns":12}],"seed_played":"-992185634128019100","potions_obtained":[{"floor":2.0,"key":"GamblersBrew"},{"floor":4.0,"key":"LiquidMemories"},{"floor":13.0,"key":"Swift Potion"},{"floor":16.0,"key":"Energy Potion"},{"floor":19.0,"key":"Explosive Potion"},{"floor":24.0,"key":"PowerPotion"},{"floor":36.0,"key":"Strength Potion"},{"floor":39.0,"key":"FearPotion"},{"floor":45.0,"key":"Dexterity Potion"}],"is_trial":false,"path_per_floor":["M","M","?","M","M","R","E","R","T","R","E","M","E","?","R","B",null,"M","M","M","?","M","R","E","M","T","E","$","R","M","M","R","B",null,"M","M","M","M","M","E","R","$","T","?","E","M","E","M","R","B",null],"character_chosen":"THE_SILENT","items_purchased":["Membership Card","Footwork","Sucker Punch","War Paint","Toxic Egg 2","Turnip","Pear","Caltrops"],"campfire_rested":0,"item_purchase_floors":[28,28,28,28,28,42,42,42],"current_hp_per_floor":[68,67,66,65,64,63,61,61,60,59,58,57,53,42,42,42,52,51,50,49,48,47,46,45,44,43,42,41,40,39,38,37,36,35,34,33,28,26,29,32,32,42,48,47,42,48,49,48,48,27],"gold":90,"neow_bonus":"","is_daily":true,"chose_seed":false,"campfire_upgraded":9,"win_rate":0.0,"timestamp":1611468721,"path_taken":["M","M","?","M","M","R","E","R","T","R","E","M","E","?","R","BOSS","M","M","M","?","M","R","E","M","T","E","$","R","M","M","R","BOSS","M","M","?","?","M","E","R","$","T","?","E","M","E","M","R","BOSS"],"items_purchased_type":["Relic","Card","Card","Relic","Relic","Relic","Relic","Card"],"build_version":"2020-12-22","purchased_purges":0,"victory":true,"max_hp_per_floor":[68,67,66,65,64,63,62,61,60,59,58,57,56,55,54,53,52,51,50,49,48,47,46,45,44,43,42,41,40,39,38,37,36,35,34,33,38,37,36,35,34,43,48,47,46,51,50,49,48,47],"relic_stats":{"Darkstone Periapt":18,"counters":[30,149],"Blue Candle":[14],"Bag of Preparation":[8],"Whetstone":["Flying Knee","Predator"],"War Paint":["Backflip","Dodge and Roll"],"Boot":[132],"Cursed Key":1,"Mercury Hourglass":[513],"Nunchaku":[15],"Pantograph":0,"Turnip":[5],"obtain_stats":[{"Darkstone Periapt":26,"Pear":42,"Blue Candle":27,"Oddly Smooth Stone":11,"Bag of Preparation":45,"Whetstone":47,"War Paint":28,"Boot":24,"Cursed Key":34,"Mercury Hourglass":9,"Bottled Flame":7,"Nunchaku":40,"Pantograph":43,"Turnip":42,"Bag of Marbles":13,"Red Mask":44,"Membership Card":28,"Toxic Egg 2":28,"Ring of the Serpent":17,"Ring of the Snake":0},{"Darkstone Periapt":15,"Pear":25,"Blue Candle":16,"Oddly Smooth Stone":6,"Bag of Preparation":26,"Whetstone":28,"War Paint":16,"Boot":14,"Cursed Key":19,"Mercury Hourglass":5,"Bottled Flame":5,"Nunchaku":25,"Pantograph":25,"Turnip":25,"Bag of Marbles":8,"Red Mask":25,"Membership Card":16,"Toxic Egg 2":16,"Ring of the Serpent":9,"Ring of the Snake":0},{"Darkstone Periapt":63,"Pear":113,"Blue Candle":69,"Oddly Smooth Stone":24,"Bag of Preparation":121,"Whetstone":132,"War Paint":69,"Boot":58,"Cursed Key":84,"Mercury Hourglass":19,"Bottled Flame":19,"Nunchaku":113,"Pantograph":113,"Turnip":113,"Bag of Marbles":29,"Red Mask":113,"Membership Card":69,"Toxic Egg 2":69,"Ring of the Serpent":37,"Ring of the Snake":0}]},"card_choices":[{"not_picked":["Acrobatics","Slice"],"picked":"Backflip","floor":0.0},{"not_picked":["Quick Slash","Prepared"],"picked":"Cloak And Dagger","floor":0.0},{"not_picked":["PanicButton","Enlightenment"],"picked":"Underhanded Strike","floor":0.0},{"not_picked":["Trip","Impatience"],"picked":"Flying Knee","floor":0.0},{"not_picked":["Endless Agony","Catalyst"],"picked":"Finesse","floor":0.0},{"not_picked":["Finisher","Acrobatics"],"picked":"PiercingWail","floor":0.0},{"not_picked":["PiercingWail","Bane"],"picked":"Dagger Spray","floor":0.0},{"not_picked":["Prepared","Deadly Poison"],"picked":"PiercingWail","floor":0.0},{"not_picked":["Quick Slash","Expertise"],"picked":"Cloak And Dagger","floor":0.0},{"not_picked":["Cloak And Dagger","Mind Blast"],"picked":"Quick Slash","floor":0.0},{"not_picked":["Deadly Poison","Poisoned Stab"],"picked":"Backflip","floor":0.0},{"not_picked":["Flying Knee","Cloak And Dagger"],"picked":"Dodge and Roll","floor":0.0},{"not_picked":["Underhanded Strike","Acrobatics"],"picked":"Dodge and Roll","floor":0.0},{"not_picked":["Mind Blast","Escape Plan"],"picked":"Predator","floor":0.0},{"not_picked":["Cloak And Dagger","Flying Knee"],"picked":"Caltrops","floor":0.0},{"not_picked":["Bane","Poisoned Stab"],"picked":"Dark Shackles","floor":1.0},{"not_picked":["Sucker Punch","Outmaneuver"],"picked":"Bandage Up","floor":2.0},{"not_picked":["PiercingWail","Underhanded Strike"],"picked":"Panacea","floor":4.0},{"not_picked":["Dagger Throw","Acrobatics"],"picked":"Backstab","floor":5.0},{"not_picked":["Expertise","Doppelganger"],"picked":"Crippling Poison","floor":7.0},{"not_picked":["Dagger Throw","Finisher","Prepared"],"picked":"SKIP","floor":11.0},{"not_picked":["Deflect","Deep Breath"],"picked":"Prepared","floor":12.0},{"not_picked":["Noxious Fumes","Secret Technique"],"picked":"Blade Dance","floor":13.0},{"not_picked":["Unload","Secret Technique"],"picked":"Master of Strategy","floor":16.0},{"not_picked":["Deflect","Escape Plan+1"],"picked":"Bouncing Flask","floor":18.0},{"not_picked":["Sucker Punch","Distraction"],"picked":"Quick Slash+1","floor":19.0},{"not_picked":["Deadly Poison+1","Deflect","Skewer"],"picked":"SKIP","floor":20.0},{"not_picked":["Poisoned Stab+1","Dagger Spray"],"picked":"Sucker Punch+1","floor":22.0},{"not_picked":["Eviscerate+1","Bullet Time","Expertise"],"picked":"SKIP","floor":24.0},{"not_picked":["PiercingWail","Setup"],"picked":"Slice","floor":25.0},{"not_picked":["Crippling Poison","Storm of Steel","Blind"],"picked":"SKIP","floor":27.0},{"not_picked":["Prepared+1","Catalyst+1"],"picked":"Cloak And Dagger+1","floor":30.0},{"not_picked":["Prepared+1","Predator","Flying Knee"],"picked":"SKIP","floor":31.0},{"not_picked":["Panache","Master of Strategy+1"],"picked":"Apotheosis+1","floor":33.0},{"not_picked":["Dramatic Entrance","Underhanded Strike"],"picked":"Caltrops","floor":35.0},{"not_picked":["Poisoned Stab","Deep Breath+1"],"picked":"Caltrops","floor":36.0},{"not_picked":["Poisoned Stab","Dagger Throw","Heel Hook"],"picked":"SKIP","floor":37.0},{"not_picked":["Deadly Poison+1","Poisoned Stab+1","Cloak And Dagger+1"],"picked":"SKIP","floor":38.0},{"not_picked":["Sucker Punch+1","Flying Knee+1"],"picked":"Blade Dance+1","floor":39.0},{"not_picked":["Flechettes+1","Flying Knee"],"picked":"Blade Dance+1","floor":40.0},{"not_picked":["Magnetism","Acrobatics+1","Forethought+1"],"picked":"SKIP","floor":45.0},{"not_picked":["Underhanded Strike","Outmaneuver+1"],"picked":"Blur+1","floor":46.0},{"not_picked":["All Out Attack+1","Dagger Spray+1","Catalyst+1"],"picked":"SKIP","floor":47},{"not_picked":["Mind Blast","Underhanded Strike+1"],"picked":"Madness+1","floor":48}],"player_experience":747311,"relics_obtained":[{"floor":7.0,"key":"Bottled Flame"},{"floor":9.0,"key":"Mercury Hourglass"},{"floor":11.0,"key":"Oddly Smooth Stone"},{"floor":13.0,"key":"Bag of Marbles"},{"floor":24.0,"key":"Boot"},{"floor":26.0,"key":"Darkstone Periapt"},{"floor":27.0,"key":"Blue Candle"},{"floor":40.0,"key":"Nunchaku"},{"floor":43.0,"key":"Pantograph"},{"floor":45.0,"key":"Bag of Preparation"},{"floor":47,"key":"Whetstone"}],"event_choices":[{"damage_healed":0.0,"max_hp_gain":0.0,"max_hp_loss":0.0,"gold_gain":0.0,"event_name":"Liars Game","player_choice":"Ignored","floor":3.0,"gold_loss":0.0,"damage_taken":0.0},{"damage_healed":0.0,"max_hp_gain":0.0,"max_hp_loss":0.0,"gold_gain":75.0,"event_name":"World of Goop","player_choice":"Gather Gold","floor":14.0,"gold_loss":0.0,"damage_taken":11.0},{"damage_healed":0.0,"max_hp_gain":0.0,"max_hp_loss":0.0,"gold_gain":100.0,"event_name":"The Joust","player_choice":"Bet on Murderer","floor":21.0,"gold_loss":50.0,"damage_taken":0.0},{"damage_healed":0.0,"max_hp_gain":0.0,"max_hp_loss":0.0,"gold_gain":0.0,"event_name":"Tomb of Lord Red Mask","player_choice":"Paid","floor":44.0,"gold_loss":223.0,"damage_taken":0.0,"relics_obtained":["Red Mask"]}],"is_beta":false,"boss_relics":[{"not_picked":["Philosopher\u0027s Stone","Tiny House"],"picked":"Ring of the Serpent"},{"not_picked":["WristBlade","Busted Crown"],"picked":"Cursed Key"}],"items_purged_floors":[],"is_endless":false,"potions_floor_spawned":[2,4,13,16,19,24,25,31,36,39,45,48],"ascension_level":0}}