{"host":"ju66gn9zov5ov15o","time":1611493060,"event":{"mods":["2.2 Compatiblity","Act Like it!","Arknights The Spire","Aspiration","BaseMod","Conspire","Downfall","GifTheSpireLib","Hubris","Lobotomy","LobotomyExtend","Marisa????????","Minty Spire (QoL Compilation)","Pale of the Ancients","Rare Cards Sparkle","Relic Stats","StSLib","The Alterego","The Animator"],"gold_per_floor":[116,49,62,62,80,116,132,132,132,148,148,188,210,234,234,333,333,347,357,357,205,205,205,237,237,287,47,47,47,146,146,146,249,249,269,269,269,314,359,391,93,93,93,56,87,87,0,0,0,0,0],"floor_reached":50,"language":"ENG","playtime":2301,"items_purged":["alterego_mod:Strike","Writhe"],"score":595,"play_id":"9baf4e0d-ebfd-4779-8519-d8f80ad2f67e","local_time":"20210124135740","is_ascension_mode":false,"campfire_choices":[{"data":"alterego_mod:DiscoLights","floor":8,"key":"SMITH"},{"data":"alterego_mod:BigMeatyClaws","floor":11,"key":"SMITH"},{"floor":15,"key":"REST"},{"data":"alterego_mod:Rip","floor":23,"key":"SMITH"},{"data":"alterego_mod:Cycle","floor":25,"key":"SMITH"},{"data":"alterego_mod:VirginLaserPalladion","floor":29,"key":"SMITH"},{"data":"alterego_mod:PainIsPleasure","floor":32,"key":"SMITH"},{"floor":42,"key":"REST"},{"floor":49,"key":"REST"}],"circlet_count":0,"master_deck":[],"relics":["alterego_mod:MasochisticConstitution","conspire:DeflatedDodgeball","Matryoshka","aspiration:StickyExplosives_weak","Sozu","aspiration:Stabinomicon","hubris:TenFootPole","Juzu Bracelet","aspiration:SeaSaltIceCream","aspiration:Nostalgia","ats:Sanity","Letter Opener","hubris:Reverence","Question Card","conspire:RunicOctahedron","hubris:Icosahedron","CatCart","Du-Vu Doll","Eternal Feather","DollysMirror","Lizard Tail","conspire:GlowingRock","Red Mask"],"acts_visited":["Exordium","TheCity","TheBeyond"],"potions_floor_usage":[6,16,16,16],"damage_taken":[{"damage":2,"enemies":"Cultist","floor":1,"turns":5},{"damage":10,"enemies":"Small Slimes","floor":3,"turns":5},{"damage":15,"enemies":"2 Louse","floor":5,"turns":4},{"damage":26,"enemies":"3 Sentries","floor":6,"turns":5},{"damage":14,"enemies":"Blue Slaver","floor":7,"turns":5},{"damage":0,"enemies":"Exordium Wildlife","floor":10,"turns":3},{"damage":34,"enemies":"Gremlin Nob","floor":12,"turns":5},{"damage":5,"enemies":"Looter","floor":13,"turns":3},{"damage":26,"enemies":"Exordium Thugs","floor":14,"turns":6},{"damage":42,"enemies":"The Guardian","floor":16,"turns":16},{"damage":5,"enemies":"Chosen","floor":18,"turns":5},{"damage":4,"enemies":"3 Byrds","floor":19,"turns":5},{"damage":23,"enemies":"Book of Stabbing","floor":24,"turns":5},{"damage":14,"enemies":"Automaton","floor":33,"turns":3},{"damage":13,"enemies":"Orb Walker","floor":35,"turns":3},{"damage":5,"enemies":"Orin","floor":38,"turns":4},{"damage":46,"enemies":"2 Orb Walkers","floor":39,"turns":5},{"damage":76,"enemies":"Reptomancer","floor":40,"turns":4},{"damage":123,"enemies":"Nemesis","floor":45,"turns":7},{"damage":153,"enemies":"conspire:OrnateMirror","floor":50,"turns":6}],"seed_played":"7663623266717314738","potions_obtained":[{"floor":5,"key":"SkillPotion"},{"floor":7,"key":"Slimebound:ThreeZeroPotion"},{"floor":12,"key":"Dexterity Potion"},{"floor":14,"key":"Energy Potion"}],"is_trial":false,"path_per_floor":["M","$","M","?","M","E","M","R","T","M","R","E","M","M","R","B",null,"M","M","?","$","?","R","E","R","T","$","T","R","?","?","R","B",null,"M","?","?","?","?","E","$","R","T","$","E","?","?","?","R","B"],"character_chosen":"The_Alterego","items_purchased":["alterego_mod:Bounce","alterego_mod:MagicResistance","alterego_mod:Punishment","alterego_mod:Pet","aspiration:SeaSaltIceCream","alterego_mod:Bounce","DollysMirror","alterego_mod:Clones"],"campfire_rested":3,"item_purchase_floors":[2,2,21,21,27,41,41,44],"current_hp_per_floor":[55,55,60,60,53,49,43,43,43,57,57,31,27,16,39,19,79,80,81,81,81,65,65,59,59,59,59,59,59,59,59,59,46,83,71,74,74,70,60,6,6,51,51,51,13,91,91,91,91,0,0],"gold":0,"neow_bonus":"RANDOM_COLORLESS_2","is_daily":false,"chose_seed":false,"campfire_upgraded":6,"win_rate":0.0,"timestamp":1611493060,"path_taken":["M","$","?","?","?","E","M","R","T","M","R","E","M","?","R","BOSS","M","M","?","$","?","R","E","R","T","$","?","R","?","?","R","BOSS","M","?","?","?","?","E","$","R","T","?","E","?","?","?","R","BOSS"],"items_purchased_type":["Card","Card","Card","Card","Relic","Card","Relic","Card"],"build_version":"2020-12-22","purchased_purges":2,"victory":false,"max_hp_per_floor":[71,71,72,72,73,74,75,75,75,75,75,76,77,78,78,79,79,80,81,81,81,81,81,82,82,82,82,82,82,82,82,82,83,83,84,87,87,88,89,90,90,90,90,90,91,91,91,91,91,91,91],"relic_stats":{"Sozu":4,"Lizard Tail":45,"counters":[21,106],"Eternal Feather":18,"Juzu Bracelet":2,"Letter Opener":[41],"Question Card":6,"obtain_stats":[{"alterego_mod:MasochisticConstitution":0,"aspiration:Nostalgia":27,"conspire:RunicOctahedron":34,"Eternal Feather":40,"aspiration:Stabinomicon":22,"Juzu Bracelet":26,"aspiration:SeaSaltIceCream":27,"Letter Opener":28,"Question Card":31,"aspiration:StickyExplosives_weak":12,"Sozu":17,"Du-Vu Doll":39,"Lizard Tail":43,"conspire:GlowingRock":45,"Matryoshka":9,"hubris:Icosahedron":37,"DollysMirror":41,"hubris:TenFootPole":26,"Red Mask":47,"ats:Sanity":27,"conspire:DeflatedDodgeball":6,"CatCart":38,"hubris:Reverence":28},{"alterego_mod:MasochisticConstitution":0,"aspiration:Nostalgia":14,"conspire:RunicOctahedron":15,"Eternal Feather":19,"aspiration:Stabinomicon":12,"Juzu Bracelet":13,"aspiration:SeaSaltIceCream":13,"Letter Opener":14,"Question Card":14,"aspiration:StickyExplosives_weak":7,"Sozu":10,"Du-Vu Doll":18,"Lizard Tail":19,"conspire:GlowingRock":20,"Matryoshka":5,"hubris:Icosahedron":16,"DollysMirror":19,"hubris:TenFootPole":13,"Red Mask":20,"ats:Sanity":14,"conspire:DeflatedDodgeball":4,"CatCart":17,"hubris:Reverence":14},{"alterego_mod:MasochisticConstitution":0,"aspiration:Nostalgia":73,"conspire:RunicOctahedron":77,"Eternal Feather":93,"aspiration:Stabinomicon":67,"Juzu Bracelet":72,"aspiration:SeaSaltIceCream":72,"Letter Opener":74,"Question Card":74,"aspiration:StickyExplosives_weak":32,"Sozu":57,"Du-Vu Doll":89,"Lizard Tail":93,"conspire:GlowingRock":100,"Matryoshka":24,"hubris:Icosahedron":80,"DollysMirror":93,"hubris:TenFootPole":72,"Red Mask":100,"ats:Sanity":73,"conspire:DeflatedDodgeball":19,"CatCart":84,"hubris:Reverence":74}]},"card_choices":[{"not_picked":["Metamorphosis","Secret Weapon"],"picked":"Violence","floor":0},{"not_picked":["alterego_mod:HighServant","alterego_mod:Pet"],"picked":"alterego_mod:DiscoLights","floor":1},{"not_picked":["alterego_mod:Lingerie","alterego_mod:Jiggle"],"picked":"alterego_mod:Belle","floor":3},{"not_picked":["alterego_mod:Clap","alterego_mod:Mirror"],"picked":"alterego_mod:1TonWallop","floor":5},{"not_picked":["alterego_mod:DiscoLights","alterego_mod:Alter"],"picked":"alterego_mod:Bounce","floor":6},{"not_picked":["alterego_mod:Cooking","alterego_mod:1TonWallop"],"picked":"alterego_mod:Bounce","floor":7},{"not_picked":["alterego_mod:Belts","alterego_mod:Jiggle"],"picked":"alterego_mod:ChallengeComplete","floor":10},{"not_picked":["alterego_mod:PurpleHair","alterego_mod:PerceptionDisorder","alterego_mod:GoddessCore"],"picked":"SKIP","floor":12},{"not_picked":["alterego_mod:GachaTicket","alterego_mod:Pet"],"picked":"alterego_mod:PainIsPleasure","floor":13},{"not_picked":["alterego_mod:DestructionOfProperty","alterego_mod:HighServant"],"picked":"alterego_mod:DeftHands","floor":14},{"not_picked":["alterego_mod:STier","alterego_mod:Lift"],"picked":"alterego_mod:VirginLaserPalladion","floor":16},{"not_picked":["alterego_mod:Cooking","alterego_mod:Birthday"],"picked":"alterego_mod:Rip","floor":18},{"not_picked":["alterego_mod:MagicResistance","alterego_mod:Belts"],"picked":"alterego_mod:AlterEgo","floor":19},{"not_picked":["alterego_mod:HighServant","alterego_mod:Bloomers+1"],"picked":"alterego_mod:Cycle","floor":24},{"not_picked":["alterego_mod:SideboobHour","alterego_mod:Vow","alterego_mod:BrynhildrRomantia"],"picked":"alterego_mod:Rake","floor":33},{"not_picked":["alterego_mod:SakuraPetals+1","alterego_mod:Complex+1","alterego_mod:DeftHands+1"],"picked":"alterego_mod:Rip+1","floor":35},{"not_picked":["alterego_mod:Collar","alterego_mod:Skirt","alterego_mod:GachaTicket"],"picked":"alterego_mod:TrashNCrash+1","floor":38},{"not_picked":["alterego_mod:DiscoLights","alterego_mod:Jiggle","alterego_mod:Undulate+1"],"picked":"alterego_mod:GIGAMILK","floor":39},{"not_picked":["alterego_mod:DustData","alterego_mod:Birthday+1","alterego_mod:Bounce"],"picked":"alterego_mod:Clones+1","floor":40},{"not_picked":["alterego_mod:Table+1","alterego_mod:GachaTicket+1","alterego_mod:Pet+1"],"picked":"alterego_mod:Valentines+1","floor":45}],"player_experience":463947,"relics_obtained":[{"floor":6,"key":"conspire:DeflatedDodgeball"},{"floor":9,"key":"Matryoshka"},{"floor":12,"key":"aspiration:StickyExplosives_weak"},{"floor":22,"key":"aspiration:Stabinomicon"},{"floor":26,"key":"hubris:TenFootPole"},{"floor":26,"key":"Juzu Bracelet"},{"floor":28,"key":"Letter Opener"},{"floor":28,"key":"hubris:Reverence"},{"floor":38,"key":"CatCart"},{"floor":39,"key":"Du-Vu Doll"},{"floor":40,"key":"Eternal Feather"},{"floor":43,"key":"Lizard Tail"},{"floor":45,"key":"conspire:GlowingRock"}],"event_choices":[{"damage_healed":0,"gold_gain":0,"player_choice":"Forge","damage_taken":0,"max_hp_gain":0,"max_hp_loss":0,"event_name":"Accursed Blacksmith","floor":4,"gold_loss":0,"cards_upgraded":["alterego_mod:Belle"]},{"damage_healed":0,"gold_gain":0,"player_choice":"Obtained Book","damage_taken":16,"max_hp_gain":0,"max_hp_loss":0,"event_name":"Cursed Tome","floor":22,"gold_loss":0},{"damage_healed":0,"gold_gain":99,"player_choice":"Stole From Cult","damage_taken":0,"max_hp_gain":0,"max_hp_loss":0,"event_name":"Nest","floor":30,"gold_loss":0},{"damage_healed":0,"gold_gain":0,"player_choice":"Opened","damage_taken":0,"relics_obtained":["Question Card"],"max_hp_gain":0,"max_hp_loss":0,"event_name":"The Mausoleum","floor":31,"gold_loss":0,"cards_obtained":["Writhe"]},{"damage_healed":0,"gold_gain":0,"player_choice":"Fight","damage_taken":0,"max_hp_gain":0,"max_hp_loss":0,"event_name":"OrinTheCat","floor":38,"gold_loss":0},{"damage_healed":0,"gold_gain":0,"player_choice":"Fight","damage_taken":0,"max_hp_gain":0,"max_hp_loss":0,"event_name":"Mysterious Sphere","floor":39,"gold_loss":0},{"damage_healed":0,"gold_gain":0,"player_choice":"Paid","damage_taken":0,"relics_obtained":["Red Mask"],"max_hp_gain":0,"max_hp_loss":0,"event_name":"Tomb of Lord Red Mask","floor":47,"gold_loss":87},{"damage_healed":0,"gold_gain":0,"player_choice":"Ignored","damage_taken":0,"max_hp_gain":0,"max_hp_loss":0,"event_name":"Upgrade Shrine","floor":48,"gold_loss":0}],"is_beta":false,"boss_relics":[{"not_picked":["Runic Pyramid","Velvet Choker"],"picked":"Sozu"},{"not_picked":["aspiration:WatcherSkillbook","Empty Cage"],"picked":"conspire:RunicOctahedron"}],"items_purged_floors":[21,41],"is_endless":false,"potions_floor_spawned":[5,7,12,14,18,35,39,45],"killed_by":"conspire:OrnateMirror","ascension_level":0}}