{"host":"j7au2ovow4c9pz79","time":1611498975,"event":{"mods":["AchievementEnabler","BaseMod","Better Third Choice","BetterRewards","Colored Powertips","Defuse TimeMaze Blight","Energized Spire","Googly Eyes","Hubris","Infinite Spire","Minty Spire (QoL Compilation)","Quick Restart","Spicy Shops","StSLib","SuperFastMode","Transform Curses"],"gold_per_floor":[119,196,223,223,0,0,33,33,33,51,51,51,84,84,84,184,184,199,199,199,209,221,221,221,251,274,602,602,629,629,658,658,762,762,781,781,794,794,794],"floor_reached":38,"language":"ENG","playtime":778,"items_purged":[],"score":609,"play_id":"e0e6eda5-ef4b-4d82-9503-f7735e2121ef","local_time":"20210124153615","daily_mods":["Specialized","Vintage","Allstar","Colorless Cards","Heirloom","Time Dilation","Flight","Elite Swarm","Lethality"],"is_ascension_mode":false,"campfire_choices":[{"data":"Demon Form","floor":6,"key":"SMITH"},{"data":"Feed","floor":8,"key":"SMITH"},{"data":"DevaForm","floor":11,"key":"SMITH"},{"data":"Echo Form","floor":12,"key":"SMITH"},{"data":"Wraith Form v2","floor":15,"key":"SMITH"},{"data":"Demon Form","floor":23,"key":"SMITH"},{"data":"PanicButton","floor":24,"key":"SMITH"},{"data":"Enlightenment","floor":28,"key":"SMITH"},{"data":"Sadistic Nature","floor":30,"key":"SMITH"},{"floor":32,"key":"REST"}],"circlet_count":0,"master_deck":["Demon Form+1","Wraith Form v2+1","Echo Form+1","DevaForm+1","Strike_R+1","Strike_R+1","Strike_R+1","Strike_R+1","Defend_R+1","Defend_R+1","Defend_R+1","Bash+1","Wild Strike+1","Wild Strike+1","Wild Strike+1","Sadistic Nature+1","Mayhem+1","PanicButton+1","Enlightenment+1","Panache+1","Enlightenment+1","Feed+1","Demon Form+1","Bludgeon+1","Magnetism+1","Bludgeon+1","Exhume+1","Reaper+1","Mayhem+1","Apotheosis+1","Jack Of All Trades+1"],"relics":["Unceasing Top","Lizard Tail","infinitespire:Lucky Rock","Happy Flower","infinitespire:CheckeredPen","Bottled Tornado","Strawberry","hubris:BottledRain","Akabeko","Black Star","StoneCalendar","MutagenicStrength","Nloth\u0027s Gift","Bag of Marbles","Pear","infinitespire:PuzzleCube","infinitespire:ShieldingShard","Oddly Smooth Stone","Tiny Chest","Old Coin","War Paint","hubris:DeckOfHolding","Smiling Mask","Astrolabe","Juzu Bracelet","Art of War","Mark of the Bloom"],"acts_visited":["Exordium","TheCity","TheBeyond"],"potions_floor_usage":[25,35,37],"damage_taken":[{"damage":21,"enemies":"Cultist","floor":1,"turns":4},{"damage":11,"enemies":"Gremlin Nob","floor":7,"turns":3},{"damage":14,"enemies":"Jaw Worm","floor":10,"turns":2},{"damage":0,"enemies":"3 Sentries","floor":13,"turns":4},{"damage":0,"enemies":"Slime Boss","floor":16,"turns":4},{"damage":16,"enemies":"Chosen","floor":18,"turns":3},{"damage":13,"enemies":"Shell Parasite","floor":21,"turns":2},{"damage":24,"enemies":"Cultist and Chosen","floor":22,"turns":6},{"damage":57,"enemies":"Gremlin Leader","floor":25,"turns":7},{"damage":29,"enemies":"Nightmare","floor":27,"turns":8},{"damage":59,"enemies":"Gremlin Leader","floor":31,"turns":7},{"damage":28,"enemies":"hubris:MusketHawk","floor":33,"turns":5},{"damage":61,"enemies":"3 Darklings","floor":35,"turns":4},{"damage":19,"enemies":"Orb Walker","floor":37,"turns":3}],"seed_played":"2803969994797391745","potions_obtained":[{"floor":10,"key":"Energy Potion"},{"floor":13,"key":"ElixirPotion"},{"floor":18,"key":"SkillPotion"},{"floor":27,"key":"DuplicationPotion"},{"floor":37,"key":"LiquidMemories"}],"is_trial":true,"path_per_floor":["M","T","T","T","?","R","E","R","T","M","R","R","E","$","R","B",null,"M","?","?","M","M","R","R","E","T","NM","R","T","R","E","R","B",null,"M","?","M","?"],"character_chosen":"IRONCLAD","items_purchased":[],"campfire_rested":1,"item_purchase_floors":[],"current_hp_per_floor":[59,59,59,59,65,65,54,54,61,51,51,51,55,55,55,55,101,85,85,85,72,62,62,62,9,9,68,68,68,68,9,44,16,119,73,78,59,59,59],"gold":794,"neow_bonus":"","is_daily":false,"chose_seed":false,"campfire_upgraded":9,"win_rate":0.0,"timestamp":1611498975,"path_taken":["M","?","?","?","?","R","E","R","T","?","R","R","E","$","R","BOSS","M","?","?","M","?","R","R","E","T","NM","R","?","R","E","R","BOSS","M","?","M","?"],"items_purchased_type":[],"build_version":"2020-12-22","purchased_purges":0,"victory":false,"max_hp_per_floor":[80,80,80,80,86,86,86,86,93,97,97,97,101,101,101,101,101,101,101,101,101,115,115,115,119,119,119,119,119,119,119,119,119,119,119,119,119,119,119],"card_choices":[{"not_picked":["Brutality","Berserk"],"picked":"Feed","floor":7},{"not_picked":["Chrysalis","Double Tap"],"picked":"Demon Form","floor":13},{"not_picked":["Chrysalis","Impervious"],"picked":"Bludgeon","floor":16},{"not_picked":["Berserk","Secret Technique"],"picked":"Magnetism","floor":25},{"not_picked":["Metamorphosis","The Bomb"],"picked":"Bludgeon","floor":27},{"not_picked":["hubris:StunningStrike","Mayhem"],"picked":"Exhume","floor":31},{"not_picked":["Brutality","Limit Break"],"picked":"Reaper","floor":33}],"player_experience":1913329,"relics_obtained":[{"floor":1,"key":"infinitespire:Lucky Rock"},{"floor":2,"key":"Self Forming Clay"},{"floor":3,"key":"Happy Flower"},{"floor":4,"key":"infinitespire:CheckeredPen"},{"floor":7,"key":"Bottled Tornado"},{"floor":9,"key":"Strawberry"},{"floor":10,"key":"hubris:BottledRain"},{"floor":13,"key":"Akabeko"},{"floor":18,"key":"StoneCalendar"},{"floor":21,"key":"Bag of Marbles"},{"floor":22,"key":"Pear"},{"floor":25,"key":"infinitespire:PuzzleCube"},{"floor":25,"key":"infinitespire:ShieldingShard"},{"floor":26,"key":"Oddly Smooth Stone"},{"floor":27,"key":"Tiny Chest"},{"floor":27,"key":"Old Coin"},{"floor":29,"key":"War Paint"},{"floor":31,"key":"hubris:DeckOfHolding"},{"floor":31,"key":"Smiling Mask"},{"floor":35,"key":"Juzu Bracelet"},{"floor":37,"key":"Art of War"}],"event_choices":[{"damage_healed":0,"gold_gain":0,"player_choice":"RENOUNCE","damage_taken":223,"max_hp_gain":0,"max_hp_loss":0,"event_name":"betterThird:BetterSerpent","floor":5,"gold_loss":223,"cards_obtained":["Enlightenment"]},{"damage_healed":0,"gold_gain":0,"player_choice":"Inject Mutagens","damage_taken":0,"relics_obtained":["MutagenicStrength"],"max_hp_gain":0,"max_hp_loss":0,"event_name":"Drug Dealer","floor":19,"gold_loss":0},{"damage_healed":0,"gold_gain":0,"player_choice":"Traded Relic","damage_taken":0,"relics_obtained":["Nloth\u0027s Gift"],"max_hp_gain":0,"max_hp_loss":0,"event_name":"N\u0027loth","floor":20,"relics_lost":["Self Forming Clay"],"gold_loss":0},{"cards_removed":["Wild Strike"],"damage_healed":5,"gold_gain":0,"player_choice":"Offered Common","damage_taken":0,"max_hp_gain":0,"max_hp_loss":0,"event_name":"Bonfire Elementals","floor":36,"gold_loss":0},{"cards_removed":["Wild Strike"],"damage_healed":5,"gold_gain":0,"player_choice":"Offered Special","damage_taken":0,"max_hp_gain":0,"max_hp_loss":0,"event_name":"Bonfire Elementals","floor":36,"gold_loss":0},{"damage_healed":0,"gold_gain":0,"player_choice":"Upgrade","damage_taken":0,"relics_obtained":["Mark of the Bloom"],"max_hp_gain":0,"max_hp_loss":0,"event_name":"MindBloom","floor":38,"gold_loss":0,"cards_upgraded":["Strike_R","Strike_R","Strike_R","Strike_R","Defend_R","Defend_R","Bash","Wild Strike","Wild Strike","Wild Strike","Mayhem","Panache","Bludgeon","Magnetism","Bludgeon","Exhume","Reaper"]}],"is_beta":false,"boss_relics":[{"not_picked":["energizedSpire:EnergizedDie","energizedSpire:OgreHead"],"picked":"Black Star"},{"not_picked":["Empty Cage","energizedSpire:DeadBattery"],"picked":"Astrolabe"}],"items_purged_floors":[],"is_endless":true,"potions_floor_spawned":[10,13,18,21,27,37],"ascension_level":0}}