{"host":"o6rpelx2jpc8yies","time":1611456771,"event":{"mods":["BaseMod","Downfall","Minty Spire (QoL Compilation)","StSLib"],"gold_per_floor":[99,111,121,30,40,40,40,70,82,94,10,40,40,75,90,192,192,92,102,102,116,116,116,116,116,151,51,83,83,118,118,134,238,238,238,249,261,281,144,154,233,233,149,180,80,92,139,139,157,157,157,157],"floor_reached":50,"language":"ENG","playtime":5693,"items_purged":["Guardian:Strike_Guardian"],"score":726,"play_id":"a5a36d2d-f64e-4f31-88f9-6e806e485fba","local_time":"20210123195251","is_ascension_mode":true,"campfire_choices":[{"floor":1.0,"key":"RECALL"},{"data":"Guardian:FloatingOrbs","floor":6.0,"key":"SMITH"},{"data":"Guardian:CurlUp","floor":10.0,"key":"SMITH"},{"data":"Guardian:StasisField","floor":18,"key":"SMITH"},{"data":"Guardian:Planning","floor":23,"key":"SMITH"},{"data":"Guardian:TemporalStrike","floor":25,"key":"SMITH"},{"data":"Guardian:Repulse","floor":27,"key":"SMITH"},{"data":"Guardian:PolyBeam","floor":35,"key":"SMITH"},{"data":"Guardian:Clone","floor":45,"key":"SMITH"}],"circlet_count":0,"master_deck":["Guardian:Strike_Guardian","Guardian:Strike_Guardian","Guardian:Defend_Guardian+1","Guardian:Defend_Guardian","Guardian:Defend_Guardian+1","Guardian:Defend_Guardian","Guardian:CurlUp+1","Guardian:TwinSlam","Guardian:PrimingBeam","Guardian:FloatingOrbs+1","Guardian:Planning+1","Guardian:PrimingBeam","Guardian:ShieldCharger","Guardian:Repulse+1","Guardian:RevengeProtocol","Guardian:Orbwalk","Guardian:StasisField+1","Guardian:TemporalStrike+1","downfall:Aged","Guardian:ShieldCharger+1","Guardian:PolyBeam+1","Guardian:SphericShield","Guardian:Incinerate","Parasite","Guardian:Clone+1","Guardian:Recover","Guardian:Preprogram+1","downfall:Malfunctioning","Decay","Guardian:BronzeOrb+1","Guardian:Gem_Crimson","Guardian:Gem_Cyan"],"relics":["Guardian:ModeShifter","MawBank","Centennial Puzzle","Bottled Tornado","Cursed Key","downfall:HeartBlessingRed","White Beast Statue","Torii","downfall:HeartBlessingGreen","War Paint","MealTicket","Enchiridion","SlaversCollar","Kunai","Art of War","downfall:HeartBlessingBlue","Thread and Needle","downfall:TeleportStone"],"acts_visited":["Exordium","TheCity","TheBeyond"],"potions_floor_usage":[16,16,16,26,26,28,28,28,30,30,33,39],"damage_taken":[{"damage":1.0,"enemies":"Cultist","floor":2.0,"turns":4.0},{"damage":5.0,"enemies":"2 Louse","floor":3.0,"turns":3.0},{"damage":4.0,"enemies":"downfall:FleeingMerchant","floor":4.0,"turns":4.0},{"damage":0.0,"enemies":"Small Slimes","floor":5.0,"turns":3.0},{"damage":8.0,"enemies":"Blue Slaver","floor":8.0,"turns":4.0},{"damage":0.0,"enemies":"downfall:FleeingMerchant","floor":11.0,"turns":4.0},{"damage":18.0,"enemies":"Gremlin Nob","floor":12.0,"turns":5.0},{"damage":10.0,"enemies":"3 Sentries","floor":14.0,"turns":8.0},{"damage":9.0,"enemies":"3 Louse","floor":15.0,"turns":2.0},{"damage":4,"enemies":"IC_STATUS_ARCHETYPE","floor":16,"turns":8},{"damage":1,"enemies":"Spheric Guardian","floor":19,"turns":3},{"damage":2,"enemies":"Cultist and Chosen","floor":21,"turns":6},{"damage":12,"enemies":"Slavers","floor":26,"turns":4},{"damage":8,"enemies":"Book of Stabbing","floor":28,"turns":6},{"damage":2,"enemies":"Slavers","floor":30,"turns":6},{"damage":12,"enemies":"Chosen and Byrds","floor":32,"turns":6},{"damage":9,"enemies":"DF_ARCHETYPE_CLAW","floor":33,"turns":9},{"damage":19,"enemies":"3 Darklings","floor":36,"turns":5},{"damage":1,"enemies":"3 Shapes","floor":37,"turns":4},{"damage":11,"enemies":"Writhing Mass","floor":38,"turns":11},{"damage":0,"enemies":"downfall:FleeingMerchant","floor":39,"turns":4},{"damage":2,"enemies":"3 Darklings","floor":40,"turns":10},{"damage":3,"enemies":"downfall:FleeingMerchant","floor":43,"turns":4},{"damage":6,"enemies":"Reptomancer","floor":44,"turns":11},{"damage":28,"enemies":"4 Shapes","floor":46,"turns":10},{"damage":10,"enemies":"2 Orb Walkers","floor":47,"turns":6},{"damage":10,"enemies":"Sphere and 2 Shapes","floor":49,"turns":8},{"damage":16,"enemies":"WA_ARCHETYPE_DIVINITY","floor":50,"turns":3}],"seed_played":"-3046659206823646584","potions_obtained":[{"floor":0.0,"key":"EssenceOfSteel"},{"floor":0.0,"key":"LiquidMemories"},{"floor":0.0,"key":"LiquidMemories"},{"floor":2.0,"key":"BlessingOfTheForge"},{"floor":8.0,"key":"Block Potion"},{"floor":15.0,"key":"Block Potion"},{"floor":16,"key":"Swift Potion"},{"floor":21,"key":"hexamod:SoulburnPotion"},{"floor":22,"key":"CultistPotion"},{"floor":26,"key":"EntropicBrew"},{"floor":28,"key":"Guardian:BlockOnCardUsePotion"},{"floor":30,"key":"champ:CounterPotion"},{"floor":32,"key":"Guardian:BlockOnCardUsePotion"},{"floor":33,"key":"BlessingOfTheForge"},{"floor":36,"key":"Strength Potion"},{"floor":37,"key":"DistilledChaos"},{"floor":39,"key":"Ancient Potion"}],"is_trial":false,"path_per_floor":["R","M","M","$","M","R","T","M","?","R","$","E","?","E","M","B",null,"R","M","?","M","?","R","T","R","E","R","E","?","E","?","M","B",null,"R","M","M","M","$","M","T","?","$","E","R","M","?","?","M","B"],"character_chosen":"GUARDIAN","items_purchased":["Guardian:Gem_Fragmented","Guardian:Repulse","Guardian:Recover","Guardian:Gem_Blue"],"campfire_rested":0,"item_purchase_floors":[4,11,39,43],"current_hp_per_floor":[72,71,66,62,62,62,62,54,54,54,54,36,36,26,17,13,63,63,62,62,60,60,60,60,60,48,48,40,40,38,22,10,1,60,60,41,40,29,44,42,42,42,54,48,58,30,20,20,10,0,0,0],"gold":157,"neow_bonus":"THREE_SMALL_POTIONS","is_daily":false,"chose_seed":false,"campfire_upgraded":8,"win_rate":0.0,"timestamp":1611456771,"path_taken":["R","M","M","$","M","R","T","M","?","R","?","E","?","E","M","BOSS","R","M","?","M","?","R","T","R","E","R","E","?","E","?","M","BOSS","R","M","M","M","$","M","T","?","$","E","R","M","?","?","M","BOSS"],"items_purchased_type":["Card","Card","Card","Card"],"build_version":"2020-12-22","purchased_purges":1,"victory":false,"max_hp_per_floor":[80,80,80,80,80,80,80,80,80,80,80,80,80,80,80,80,80,80,80,80,80,80,80,80,80,80,80,80,80,80,80,80,80,80,80,80,80,80,80,80,80,80,80,80,90,90,90,90,90,90,90,90],"card_choices":[{"not_picked":["Guardian:ShieldSpikes","Guardian:SentryBeam"],"picked":"Guardian:Gem_Green","floor":2.0},{"not_picked":["Guardian:TemporalShield","Guardian:SpikerProtocol"],"picked":"Guardian:Gem_White","floor":3.0},{"not_picked":["Guardian:Gem_Cyan","Guardian:Recover"],"picked":"Guardian:PrimingBeam","floor":4.0},{"not_picked":["Guardian:RefractedBeam","Guardian:RollAttack"],"picked":"Guardian:FloatingOrbs","floor":5.0},{"not_picked":["Guardian:ChargeCore","Guardian:MultiBeam"],"picked":"Guardian:Planning","floor":8.0},{"not_picked":["Guardian:Gem_Green","Guardian:GuardianWhirl"],"picked":"Guardian:ShieldCharger","floor":11.0},{"not_picked":["Guardian:Recover","Guardian:Preprogram","Guardian:MultiBeam"],"picked":"SKIP","floor":12.0},{"not_picked":["Guardian:BaubleBeam","Guardian:ShieldCharger"],"picked":"Guardian:RevengeProtocol","floor":14.0},{"not_picked":["Guardian:Planning","Guardian:TemporalStrike"],"picked":"Guardian:Orbwalk","floor":15.0},{"not_picked":["Guardian:GemFire","Guardian:FierceBash"],"picked":"Guardian:StasisField","floor":16},{"not_picked":["Guardian:FuturePlans+1","Guardian:WalkerClaw"],"picked":"Guardian:TemporalStrike","floor":19},{"not_picked":["Guardian:TemporalShield","Guardian:RollAttack"],"picked":"Guardian:Gem_Cyan","floor":21},{"not_picked":["Guardian:RollAttack","Guardian:CrystalBeam"],"picked":"Guardian:ShieldCharger+1","floor":26},{"not_picked":["Guardian:RefractedBeam","Guardian:EvasiveProtocol","Guardian:HyperBeam_Guardian"],"picked":"SKIP","floor":28},{"not_picked":["Guardian:PrismaticBarrier","Guardian:CrystalBeam"],"picked":"Guardian:PolyBeam","floor":30},{"not_picked":["Guardian:TemporalShield","Guardian:CrystalBeam","Guardian:FloatingOrbs"],"picked":"SKIP","floor":32},{"not_picked":["Guardian:BaubleBeam","Guardian:HyperBeam_Guardian"],"picked":"Guardian:SphericShield","floor":33},{"not_picked":["Guardian:TemporalStrike","Guardian:Reroute"],"picked":"Guardian:Gem_Red","floor":36},{"not_picked":["Guardian:Planning","Guardian:Gem_Lightblue"],"picked":"Guardian:Incinerate","floor":37},{"not_picked":["Guardian:TemporalStrike","Guardian:TemporalShield","Guardian:BaubleBeam"],"picked":"SKIP","floor":38},{"not_picked":["Guardian:Suspension+1","Guardian:Harden"],"picked":"Guardian:Clone","floor":39},{"not_picked":["Guardian:EvasiveProtocol+1","Guardian:Incinerate"],"picked":"Guardian:Preprogram+1","floor":40},{"not_picked":["Guardian:Incinerate","Guardian:Recover+1","Guardian:ShieldSpikes"],"picked":"SKIP","floor":43},{"not_picked":["Guardian:ArmoredProtocol","Guardian:Gem_White"],"picked":"Guardian:BronzeOrb+1","floor":44},{"not_picked":["Guardian:RollAttack+1","Guardian:Recover+1"],"picked":"Guardian:Gem_Crimson","floor":46},{"not_picked":["Guardian:ArmoredProtocol+1","Guardian:Harden+1"],"picked":"Guardian:Gem_Cyan","floor":49}],"player_experience":1836873,"relics_obtained":[{"floor":7.0,"key":"MawBank"},{"floor":12.0,"key":"Centennial Puzzle"},{"floor":14.0,"key":"Bottled Tornado"},{"floor":24,"key":"White Beast Statue"},{"floor":26,"key":"Torii"},{"floor":28,"key":"War Paint"},{"floor":30,"key":"MealTicket"},{"floor":31,"key":"Enchiridion"},{"floor":42,"key":"Kunai"},{"floor":44,"key":"Art of War"},{"floor":47,"key":"Thread and Needle"}],"event_choices":[{"damage_healed":0,"gold_gain":0,"player_choice":"Ignored","damage_taken":0,"max_hp_gain":0,"max_hp_loss":0,"event_name":"Ghosts","floor":29,"gold_loss":0},{"damage_healed":0,"gold_gain":0,"player_choice":"Fight","damage_taken":0,"max_hp_gain":0,"max_hp_loss":0,"event_name":"Mysterious Sphere","floor":47,"gold_loss":0}],"is_beta":false,"boss_relics":[{"not_picked":["expansioncontent:StudyCardRelic","Guardian:StasisSlotReductionRelic"],"picked":"Cursed Key"},{"not_picked":["Velvet Choker","Runic Dome"],"picked":"SlaversCollar"}],"items_purged_floors":[39],"is_endless":false,"potions_floor_spawned":[2,5,8,15,16,21,26,28,30,32,33,36,37,38,39,40,43,44,46,47,49],"killed_by":"WA_ARCHETYPE_DIVINITY","ascension_level":7}}