{"host":"ooe12lh8pgcirntb","time":1611454081,"event":{"mods":["AchievementEnabler","Act Like it!","BaseMod","Beaked The Cultist","ChefMod","Colored Map","Colored Powertips","Downfall","Minty Spire (QoL Compilation)","StSLib","The Animator","The Bug Knight","The Disciple","The Hierophant","The Problem Sleuth"],"gold_per_floor":[369,369,142,160,170,170,231,257,325,325,400,428,439,451,451,547,547,566,261,261,261,261],"floor_reached":21,"language":"ENG","playtime":5734,"items_purged":[],"score":171,"play_id":"e5d0950a-4424-4a42-8679-ff9eea951d1b","local_time":"20210123210801","is_ascension_mode":false,"campfire_choices":[{"data":"animator:Sloth","floor":6.0,"key":"SMITH"},{"data":"animator:Spearman","floor":10.0,"key":"SMITH"},{"data":"animator:Kaijin","floor":15.0,"key":"SMITH"}],"circlet_count":0,"master_deck":["animator:Strike_GoblinSlayer","animator:Defend_GoblinSlayer","animator:Strike","animator:Strike+1","animator:Strike","animator:Defend","animator:Defend","animator:Defend","animator:LizardPriest","animator:DwarfShaman+1","Doubt","animator:Sloth+1","animator:Eris","animator:Entoma+3","animator:Spearman+1","animator:Emonzaemon","animator:Shion","animator:Kaijin+1","animator:HigakiRinne","Demon Form","animator:Priestess"],"relics":["animator:LivingPicture","animator:TheMissingPiece","Happy Flower","beaked:ShinyBauble","beaked:SacredDeck","Shovel"],"acts_visited":["Exordium","TheCity"],"potions_floor_usage":[],"damage_taken":[{"damage":0.0,"enemies":"Jaw Worm","floor":1.0,"turns":5.0},{"damage":3.0,"enemies":"Small Slimes","floor":4.0,"turns":4.0},{"damage":2.0,"enemies":"Cultist","floor":5.0,"turns":4.0},{"damage":13.0,"enemies":"3 Louse","floor":8.0,"turns":4.0},{"damage":5.0,"enemies":"Lots of Slimes","floor":12.0,"turns":3.0},{"damage":0.0,"enemies":"Looter","floor":13.0,"turns":3.0},{"damage":0.0,"enemies":"Large Slime","floor":14.0,"turns":5.0},{"damage":36.0,"enemies":"The Guardian","floor":16.0,"turns":7.0},{"damage":18,"enemies":"3 Byrds","floor":18,"turns":4},{"damage":0,"enemies":"Spheric Guardian","floor":21,"turns":1}],"seed_played":"6842437075973599389","potions_obtained":[{"floor":1.0,"key":"FairyPotion"},{"floor":4.0,"key":"SteroidPotion"},{"floor":13.0,"key":"EssenceOfSteel"},{"floor":14.0,"key":"DuplicationPotion"},{"floor":16.0,"key":"animator:FalseLifePotion"}],"is_trial":false,"path_per_floor":["M","?","$","M","M","R","?","M","T","R","?","M","M","M","R","B",null,"M","$","?","M"],"character_chosen":"THE_ANIMATOR","items_purchased":["Happy Flower","animator:Eris","Shovel"],"campfire_rested":0,"item_purchase_floors":[3,3,19],"current_hp_per_floor":[66,66,66,66,64,64,64,53,53,53,47,47,52,55,55,23,73,59,59,59,62,62],"gold":261,"neow_bonus":"TWO_FIFTY_GOLD","is_daily":false,"chose_seed":false,"campfire_upgraded":3,"win_rate":0.0,"timestamp":1611454081,"path_taken":["M","?","$","M","M","R","?","M","T","R","?","M","M","M","R","BOSS","M","?","?","?"],"items_purchased_type":["Relic","Card","Relic"],"build_version":"2020-12-22","purchased_purges":0,"victory":false,"max_hp_per_floor":[66,66,66,66,66,66,66,68,68,68,68,70,72,72,72,73,73,74,74,74,74,74],"card_choices":[{"not_picked":["animator:ZankiKiguchi","animator:Benimaru"],"picked":"animator:Sloth","floor":1.0},{"not_picked":["animator:Sebas","animator:RoyMustang","animator:Millim"],"picked":"SKIP","floor":4.0},{"not_picked":["animator:Souei","animator:Shuna"],"picked":"animator:Entoma","floor":5.0},{"not_picked":["animator:LizardPriest","animator:GuildGirl"],"picked":"animator:Spearman","floor":8.0},{"not_picked":["animator:MaesHughes","animator:ZankiKiguchi"],"picked":"animator:Emonzaemon","floor":12.0},{"not_picked":["animator:Gillette","animator:Vanir"],"picked":"animator:Shion","floor":13.0},{"not_picked":["animator:Nanami","animator:Aqua"],"picked":"animator:Kaijin","floor":14.0},{"not_picked":["animator:ChaikaTrabant","animator:Greed"],"picked":"animator:HigakiRinne","floor":16.0},{"not_picked":["animator:DwarfShaman","animator:LizardPriest"],"picked":"animator:Priestess","floor":18}],"player_experience":677917,"relics_obtained":[{"floor":9.0,"key":"beaked:ShinyBauble"}],"event_choices":[{"damage_healed":0.0,"max_hp_gain":0.0,"max_hp_loss":0.0,"gold_gain":0.0,"event_name":"Living Wall","player_choice":"Grow","floor":2.0,"gold_loss":0.0,"damage_taken":0.0,"cards_upgraded":["animator:DwarfShaman"]},{"damage_healed":0.0,"max_hp_gain":0.0,"max_hp_loss":0.0,"gold_gain":61.0,"event_name":"Golden Wing","player_choice":"Gained Gold","floor":7.0,"gold_loss":0.0,"damage_taken":0.0},{"damage_healed":0.0,"max_hp_gain":0.0,"max_hp_loss":0.0,"gold_gain":75.0,"event_name":"FaceTrader","player_choice":"Touch","floor":11.0,"gold_loss":0.0,"damage_taken":6.0},{"damage_healed":0,"gold_gain":0,"player_choice":"Bought 0 Potions","damage_taken":0,"max_hp_gain":0,"max_hp_loss":0,"event_name":"The Woman in Blue","floor":20,"gold_loss":0}],"is_beta":false,"boss_relics":[{"not_picked":["Empty Cage","Ectoplasm"],"picked":"beaked:SacredDeck"}],"items_purged_floors":[],"is_endless":false,"potions_floor_spawned":[1,4,13,14,16],"killed_by":"Spheric Guardian","ascension_level":0}}