{"host":"cijwx898anu8dehj","time":1611501344,"event":{"mods":["AchievementEnabler","AlwaysNeverKeys","BaseMod","Colored Map","Colored Powertips","Highlight Path","Minty Spire (QoL Compilation)","Rare Cards Sparkle","Relic Stats","Slay-I"],"gold_per_floor":[119,137,150,163,163,163,197,208,208,227,227,402,402,402,402,503,503,517,528,546,546,564,564,564,576,576,112,112,145,145,160,160,265,265,280,280,280,134,148,148,176,189,213,213,18,18,32,50,50,50],"floor_reached":51,"language":"ENG","playtime":5068,"items_purged":["Strike_G+1","Pain"],"score":1137,"play_id":"08c4ac5d-1942-4eeb-a3e3-a8a11620420f","local_time":"20210124131544","is_ascension_mode":true,"campfire_choices":[{"data":"Survivor","floor":6.0,"key":"SMITH"},{"data":"Neutralize","floor":13.0,"key":"SMITH"},{"floor":15.0,"key":"REST"},{"floor":23.0,"key":"REST"},{"data":"Footwork","floor":30.0,"key":"SMITH"},{"data":"Dodge and Roll","floor":32.0,"key":"SMITH"},{"data":"1","floor":40.0,"key":"LIFT"},{"floor":44,"key":"REST"},{"data":"2","floor":46,"key":"LIFT"},{"data":"Burst","floor":49,"key":"SMITH"}],"circlet_count":0,"master_deck":["AscendersBane","Strike_G+1","Defend_G+1","Defend_G+1","Defend_G+1","Defend_G+1","Defend_G+1","Survivor+1","Neutralize+1","Dodge and Roll","Terror","Poisoned Stab","Dagger Throw","Dodge and Roll","Choke","Underhanded Strike","Venomology","Tools of the Trade+1","Heel Hook+1","Heel Hook+1","Deadly Poison+1","Dodge and Roll+1","Footwork+1","Backflip","Acrobatics+1","Flash of Steel","Burst+1","CurseOfTheBell","Dodge and Roll+1","Violence","Backflip","Leg Sweep+1","Unload","Dagger Throw+1","Dodge and Roll+1"],"relics":["Cursed Key","Tough Bandages","Astrolabe","Lee\u0027s Waffle","Blood Vial","Matryoshka","Calling Bell","Art of War","HornCleat","Girya","Anchor","Blue Candle","Bag of Preparation","Potion Belt","Membership Card"],"acts_visited":["Exordium","TheCity","TheBeyond"],"potions_floor_usage":[42,50,50],"damage_taken":[{"damage":4.0,"enemies":"Small Slimes","floor":1.0,"turns":5.0},{"damage":4.0,"enemies":"Jaw Worm","floor":2.0,"turns":6.0},{"damage":4.0,"enemies":"2 Louse","floor":3.0,"turns":4.0},{"damage":0.0,"enemies":"2 Fungi Beasts","floor":4.0,"turns":4.0},{"damage":17.0,"enemies":"Gremlin Nob","floor":7.0,"turns":5.0},{"damage":0.0,"enemies":"Gremlin Gang","floor":8.0,"turns":6.0},{"damage":5.0,"enemies":"Red Slaver","floor":10.0,"turns":3.0},{"damage":37.0,"enemies":"Hexaghost","floor":16.0,"turns":11.0},{"damage":14.0,"enemies":"3 Byrds","floor":18.0,"turns":6.0},{"damage":5.0,"enemies":"Shell Parasite","floor":19.0,"turns":6.0},{"damage":8.0,"enemies":"Shelled Parasite and Fungi","floor":20.0,"turns":6.0},{"damage":7.0,"enemies":"Snecko","floor":22.0,"turns":4.0},{"damage":14.0,"enemies":"Centurion and Healer","floor":25.0,"turns":5.0},{"damage":0.0,"enemies":"Snake Plant","floor":28.0,"turns":1.0},{"damage":2.0,"enemies":"Book of Stabbing","floor":29.0,"turns":7.0},{"damage":0.0,"enemies":"3 Cultists","floor":31.0,"turns":6.0},{"damage":48.0,"enemies":"Collector","floor":33.0,"turns":20.0},{"damage":0.0,"enemies":"3 Darklings","floor":35.0,"turns":9.0},{"damage":11.0,"enemies":"3 Shapes","floor":39.0,"turns":4.0},{"damage":26.0,"enemies":"Nemesis","floor":41.0,"turns":9.0},{"damage":6,"enemies":"3 Darklings","floor":42,"turns":9},{"damage":0,"enemies":"Maw","floor":47,"turns":8},{"damage":0,"enemies":"Spire Growth","floor":48,"turns":7},{"damage":0,"enemies":"Awakened One","floor":50,"turns":16}],"seed_played":"-1486714660854058901","potions_obtained":[{"floor":1.0,"key":"Block Potion"},{"floor":2.0,"key":"FairyPotion"},{"floor":7.0,"key":"LiquidMemories"},{"floor":20.0,"key":"PowerPotion"},{"floor":22.0,"key":"Energy Potion"},{"floor":29.0,"key":"DuplicationPotion"},{"floor":35.0,"key":"SmokeBomb"},{"floor":47,"key":"CultistPotion"},{"floor":48,"key":"Dexterity Potion"}],"is_trial":false,"path_per_floor":["M","M","M","M","?","R","E","M","T","M","T","?","R","?","R","B",null,"M","M","M","?","M","R","?","M","T","$","M","E","R","M","R","B",null,"M","?","?","$","M","R","E","M","T","R","$","R","M","M","R","B",null],"character_chosen":"THE_SILENT","items_purchased":["Lee\u0027s Waffle","Blood Vial","Flash of Steel","Anchor","Membership Card"],"campfire_rested":3,"item_purchase_floors":[27,27,27,38,45],"current_hp_per_floor":[59,55,51,51,56,56,39,39,39,34,34,34,34,34,56,19,61,47,42,34,34,27,49,49,35,35,82,82,80,80,82,82,34,70,72,72,72,72,63,63,39,35,35,59,59,59,61,63,63,65],"gold":50,"neow_bonus":"BOSS_RELIC","is_daily":false,"chose_seed":false,"campfire_upgraded":5,"win_rate":0.0,"timestamp":1611501344,"path_taken":["M","M","M","M","?","R","E","M","T","M","?","?","R","?","R","BOSS","M","M","?","?","?","R","?","M","T","$","M","E","R","M","R","BOSS","M","?","?","?","M","R","E","M","T","R","$","R","M","?","R","BOSS"],"items_purchased_type":["Relic","Relic","Card","Relic","Relic"],"build_version":"2020-12-22","purchased_purges":2,"victory":true,"max_hp_per_floor":[70,70,70,70,75,75,75,75,75,75,75,75,75,75,75,75,75,75,75,75,75,75,75,75,75,75,82,82,82,82,82,82,82,82,82,82,82,82,82,82,82,82,82,82,82,82,82,82,82,82],"relic_stats":{"Blood Vial":16,"Tough Bandages":[510],"Lee\u0027s Waffle":47,"counters":[24,167],"Astrolabe":["Tools of the Trade","Heel Hook","Heel Hook"],"Blue Candle":[0],"Art of War":[6],"Bag of Preparation":[6],"Cursed Key":1,"obtain_stats":[{"Potion Belt":43,"Girya":34,"Lee\u0027s Waffle":27,"Astrolabe":17,"Blue Candle":41,"Bag of Preparation":43,"Cursed Key":0,"Blood Vial":27,"Calling Bell":34,"Tough Bandages":7,"Anchor":38,"Matryoshka":29,"HornCleat":34,"Art of War":34,"Membership Card":45,"Ring of the Snake":0},{"Potion Belt":21,"Girya":17,"Lee\u0027s Waffle":13,"Astrolabe":8,"Blue Candle":20,"Bag of Preparation":21,"Cursed Key":0,"Blood Vial":13,"Calling Bell":17,"Tough Bandages":5,"Anchor":18,"Matryoshka":15,"HornCleat":17,"Art of War":17,"Membership Card":21,"Ring of the Snake":0},{"Potion Belt":136,"Girya":105,"Lee\u0027s Waffle":71,"Astrolabe":44,"Blue Candle":127,"Bag of Preparation":136,"Cursed Key":0,"Blood Vial":71,"Calling Bell":105,"Tough Bandages":24,"Anchor":114,"Matryoshka":79,"HornCleat":105,"Art of War":105,"Membership Card":136,"Ring of the Snake":0}]},"card_choices":[{"not_picked":["Distraction","Underhanded Strike"],"picked":"Dodge and Roll","floor":1.0},{"not_picked":["Blade Dance","Infinite Blades"],"picked":"Terror","floor":2.0},{"not_picked":["Sucker Punch","Dodge and Roll"],"picked":"Poisoned Stab","floor":3.0},{"not_picked":["Well Laid Plans","Dodge and Roll"],"picked":"Dagger Throw","floor":4.0},{"not_picked":["Eviscerate","Endless Agony"],"picked":"Dodge and Roll","floor":7.0},{"not_picked":["Dodge and Roll","Accuracy"],"picked":"Choke","floor":8.0},{"not_picked":["Sucker Punch","Bouncing Flask"],"picked":"Underhanded Strike","floor":10.0},{"not_picked":["Grand Finale","Phantasmal Killer"],"picked":"Venomology","floor":16.0},{"not_picked":["Prepared","Dagger Spray"],"picked":"Deadly Poison+1","floor":18.0},{"not_picked":["Flying Knee","Expertise"],"picked":"Dodge and Roll","floor":19.0},{"not_picked":["Backstab","Dagger Throw"],"picked":"Footwork","floor":20.0},{"not_picked":["Distraction","Poisoned Stab+1"],"picked":"Backflip","floor":22.0},{"not_picked":["Outmaneuver+1","Dagger Throw"],"picked":"Acrobatics+1","floor":25.0},{"not_picked":["Heel Hook+1","Underhanded Strike","Expertise"],"picked":"SKIP","floor":29.0},{"not_picked":["Masterful Stab+1","Quick Slash","Riddle With Holes"],"picked":"SKIP","floor":31.0},{"not_picked":["Night Terror","Tools of the Trade"],"picked":"Burst","floor":33.0},{"not_picked":["Acrobatics+1","Slice"],"picked":"Dodge and Roll+1","floor":35.0},{"not_picked":["Mind Blast","Bandage Up"],"picked":"Violence","floor":37.0},{"not_picked":["Heel Hook","Dagger Spray"],"picked":"Backflip","floor":39.0},{"not_picked":["Endless Agony","Dagger Throw"],"picked":"Leg Sweep+1","floor":41.0},{"not_picked":["Quick Slash","Deflect"],"picked":"Unload","floor":42},{"not_picked":["Bouncing Flask+1","Deflect"],"picked":"Dagger Throw+1","floor":47},{"not_picked":["Underhanded Strike+1","Quick Slash"],"picked":"Dodge and Roll+1","floor":48}],"player_experience":1062983,"relics_obtained":[{"floor":7.0,"key":"Tough Bandages"},{"floor":29.0,"key":"Matryoshka"},{"floor":34.0,"key":"Art of War"},{"floor":34.0,"key":"HornCleat"},{"floor":34.0,"key":"Girya"},{"floor":41.0,"key":"Blue Candle"},{"floor":43,"key":"Bag of Preparation"},{"floor":43,"key":"Potion Belt"}],"event_choices":[{"damage_healed":0.0,"max_hp_gain":5.0,"max_hp_loss":0.0,"gold_gain":0.0,"event_name":"Big Fish","player_choice":"Donut","floor":5.0,"gold_loss":0.0,"damage_taken":0.0},{"damage_healed":0.0,"max_hp_gain":0.0,"max_hp_loss":0.0,"gold_gain":175.0,"event_name":"Liars Game","player_choice":"AGREE","floor":12.0,"gold_loss":0.0,"damage_taken":0.0,"cards_obtained":["Doubt"]},{"cards_removed":["Doubt"],"damage_healed":0.0,"max_hp_gain":0.0,"max_hp_loss":0.0,"gold_gain":0.0,"event_name":"Fountain of Cleansing","player_choice":"Removed Curses","floor":14.0,"gold_loss":0.0,"damage_taken":0.0},{"damage_healed":0.0,"max_hp_gain":0.0,"max_hp_loss":0.0,"gold_gain":0.0,"event_name":"The Woman in Blue","player_choice":"Bought 0 Potions","floor":21.0,"gold_loss":0.0,"damage_taken":0.0},{"damage_healed":0.0,"max_hp_gain":0.0,"max_hp_loss":0.0,"gold_gain":0.0,"event_name":"Back to Basics","player_choice":"Simplicity","floor":24.0,"gold_loss":0.0,"damage_taken":0.0,"cards_upgraded":["Strike_G","Strike_G","Defend_G","Defend_G","Defend_G","Defend_G","Defend_G"]},{"damage_healed":0.0,"max_hp_gain":0.0,"max_hp_loss":0.0,"gold_gain":0.0,"event_name":"Tomb of Lord Red Mask","player_choice":"Ignored","floor":36.0,"gold_loss":0.0,"damage_taken":0.0},{"damage_healed":0.0,"max_hp_gain":0.0,"max_hp_loss":0.0,"gold_gain":0.0,"event_name":"SensoryStone","player_choice":"Memory 1","floor":37.0,"gold_loss":0.0,"damage_taken":0.0}],"is_beta":false,"boss_relics":[{"not_picked":["WristBlade","Ectoplasm"],"picked":"Astrolabe"},{"not_picked":["Philosopher\u0027s Stone","Fusion Hammer"],"picked":"Calling Bell"}],"items_purged_floors":[27,45],"is_endless":false,"potions_floor_spawned":[1,2,3,7,20,22,28,29,33,35,47,48],"ascension_level":11}}