{"host":"Jinnai","time":1611515956,"event":{"mods":["BaseMod","Bestiary","Block Reminder","Colored Map","Colored Powertips","Highlight Path","Minty Spire (QoL Compilation)","Quick Restart","Relic Stats","StSLib"],"gold_per_floor":[116,129,148,167,184,184,184,196,196],"floor_reached":8,"language":"ENG","playtime":3370,"items_purged":[],"score":98,"play_id":"f5c69d6f-e9b9-468e-8bd3-314b53ed166f","local_time":"20210124141916","is_ascension_mode":true,"campfire_choices":[{"floor":6,"key":"REST"}],"circlet_count":0,"master_deck":["AscendersBane","Strike_G","Strike_G","Strike_G","Strike_G","Strike_G","Defend_G","Defend_G","Defend_G","Defend_G","Defend_G","Survivor","Neutralize","Blade Dance","Leg Sweep","Blade Dance","Flechettes","Acrobatics"],"relics":["Fusion Hammer","MawBank"],"acts_visited":["Exordium"],"potions_floor_usage":[8],"damage_taken":[{"damage":2,"enemies":"Cultist","floor":1,"turns":4},{"damage":1,"enemies":"Small Slimes","floor":2,"turns":4},{"damage":3,"enemies":"2 Louse","floor":3,"turns":3},{"damage":1,"enemies":"2 Fungi Beasts","floor":4,"turns":4},{"damage":6,"enemies":"Large Slime","floor":5,"turns":7},{"damage":35,"enemies":"Lagavulin","floor":8,"turns":8}],"seed_played":"-1720571004032456807","potions_obtained":[{"floor":2,"key":"PowerPotion"},{"floor":3,"key":"Weak Potion"}],"is_trial":false,"path_per_floor":["M","M","M","M","M","R","?","E"],"character_chosen":"THE_SILENT","items_purchased":[],"campfire_rested":1,"item_purchase_floors":[],"current_hp_per_floor":[57,56,53,52,46,65,20,0,0],"gold":196,"neow_bonus":"BOSS_RELIC","is_daily":false,"chose_seed":false,"campfire_upgraded":0,"win_rate":0.0,"timestamp":1611515956,"path_taken":["M","M","M","M","?","R","?","E"],"items_purchased_type":[],"build_version":"2020-12-18","purchased_purges":0,"victory":false,"max_hp_per_floor":[66,66,66,66,66,66,66,66,66],"relic_stats":{"counters":[6,30],"MawBank":12,"obtain_stats":[{"Fusion Hammer":0,"MawBank":7,"Ring of the Snake":0},{"Fusion Hammer":0,"MawBank":5,"Ring of the Snake":0},{"Fusion Hammer":0,"MawBank":22,"Ring of the Snake":0}]},"card_choices":[{"not_picked":["Cloak And Dagger","PiercingWail"],"picked":"Blade Dance","floor":1},{"not_picked":["Tactician","Infinite Blades"],"picked":"Leg Sweep","floor":2},{"not_picked":["Blur","Dagger Throw"],"picked":"Blade Dance","floor":3},{"not_picked":["Distraction","Acrobatics"],"picked":"Flechettes","floor":4},{"not_picked":["Outmaneuver","Deflect"],"picked":"Acrobatics","floor":5}],"player_experience":1552297,"relics_obtained":[],"event_choices":[{"damage_healed":0,"gold_gain":0,"player_choice":"Success","damage_taken":45,"relics_obtained":["MawBank"],"max_hp_gain":0,"max_hp_loss":0,"event_name":"Scrap Ooze","floor":7,"gold_loss":0}],"is_beta":true,"boss_relics":[],"items_purged_floors":[],"is_endless":false,"potions_floor_spawned":[2,3,4],"killed_by":"Lagavulin","ascension_level":19}}