{"host":"axt9lilpy33335yw","time":1611456105,"event":{"mods":["AchievementEnabler","Act Like it!","BaseMod","Colored Map","Decade(王小明)","Faster Ascension Climbing","Gensokyo","Gold Saver","Highlight Path","Infinite Spire","Marked Mod","Minty Spire (QoL Compilation)","Quick Restart","Rare Cards Sparkle","Replay The Spire","StSLib","The Hierophant","The Servant 0.9.4","vexMod","篝火指南"],"gold_per_floor":[11500,10774,10792,10767,10782,10808,10219,9548,9548,9560,9560,9267,9293,8201,8213,8225,7198,7314,7326,7353,6444,6475,5884,5277,5305,4360,4393,4419,4419,4448,4448,4448,4467,3934,4037,4037,4051,4061,4061,3375,3387,2843,2874,2880,2880],"floor_reached":44,"language":"ZHS","playtime":3447,"items_purged":["Sickly","DecadeViolentEmotion"],"score":854,"play_id":"6a01a1a3-f3e3-40d7-b9c3-a18fe0b4e565","local_time":"20210124104145","is_ascension_mode":true,"campfire_choices":[{"data":"Gensokyo:ManorOfTheDishes","floor":29.0,"key":"SMITH"},{"data":"Machine Learning","floor":29.0,"key":"SMITH"}],"circlet_count":0,"master_deck":["Strike_S","Strike_S","Strike_S","Strike_S","Defend_S","Defend_S","Defend_S","Defend_S","KidneyShot","Exchange","Starlight","FlawlessForm+1","FlawlessForm","Defy","DoubleEdge","ReturningBlade","Ricochet+1","Luminosity","DoubleEdge","DoubleEdge+1","Starlight","RealityMarble","ReturningBlade","DoubleEdge","Revamp+1","Advance","DualDimension","FlawlessForm+1","Gensokyo:ManorOfTheDishes+1","Dilation","LightFlow+1","PendulumOfEternity","PendulumOfEternity+1","ReplayTheSpireMod:Uncanny Aura","Sadistic Nature","Sadistic Nature","Jack Of All Trades","Gensokyo:LockedMedkit","DevaForm+1","TheWorld","TrueSight+1","Dilation","Dramatic Entrance","Sunlight","Machine Learning+1","Burst+1","Gensokyo:FourOfAKind","Gensokyo:FourOfAKind","Gensokyo:FourOfAKind","Gensokyo:FourOfAKind","Shame","Demon Form","Embodiment","Gensokyo:Dawn+1","Atom Bomb","MurderousAura"],"relics":["FrozenCore","vexMod:TimeEaterHat","Red Skull","PureWater","Ring of Shattering","BargainBundle","Gensokyo:FoxMask","infinitespire:Lucky Rock","Gensokyo:SpiderMask","Gensokyo:PortableGap","Replay:Bottled Flurry","ReplayTheSpireMod:CursedCoin","Bag of Preparation","Uniform","infinitespire:Chaos","MawBank","vexMod:GildedClover","DollysMirror","PrismaticShard","TheAbacus","Chemical X","Eternal Feather","Simple Rune","vexMod:Spyglass","Snecko Eye","Frozen Eye","Cauldron","Pan","ReplayTheSpireMod:ShopPack","Replay:Lucky Slots","Bronze Scales","War Paint","Whetstone","Toolbox","Pen Nib","Regal Pillow","Strange Spoon","Mirror","CaptainsWheel","Onion Ring","vexMod:GhostlyGear","Replay:Arrowhead","Replay:Baseball","Question Card","Divine Protection","Guide Book","Sozu","Replay:Wax Seal","Peace Pipe","infinitespire:PuzzleCube","OrangePellets","Prayer Wheel","Oddly Smooth Stone","ClockworkSouvenir","infinitespire:Midas Blood","Replay:Bottled Snecko"],"acts_visited":["Gensokyo:Gensokyo","Gensokyo:Gensokyoer","Gensokyo:Gensokyoest"],"potions_floor_usage":[],"damage_taken":[{"damage":0.0,"enemies":"Gensokyo:2_Kodama","floor":1.0,"turns":1.0},{"damage":0.0,"enemies":"Gensokyo:Python","floor":3.0,"turns":1.0},{"damage":0.0,"enemies":"Gensokyo:Gryphon","floor":5.0,"turns":1.0},{"damage":22.0,"enemies":"Gensokyo:Cirno","floor":6.0,"turns":7.0},{"damage":1.0,"enemies":"Gensokyo:Python_and_Kodama","floor":10.0,"turns":3.0},{"damage":0.0,"enemies":"Gensokyo:Mamizou","floor":13.0,"turns":7.0},{"damage":21.0,"enemies":"Gensokyo:Yukari","floor":18.0,"turns":16.0},{"damage":0.0,"enemies":"Gensokyo:CosmicMonolith","floor":20.0,"turns":1.0},{"damage":1.0,"enemies":"Gensokyo:2_Gloops","floor":22.0,"turns":4.0},{"damage":6.0,"enemies":"Gensokyo:Koishi","floor":25.0,"turns":4.0},{"damage":0.0,"enemies":"Nightmare","floor":27.0,"turns":3.0},{"damage":31.0,"enemies":"Gensokyo:Tenshi","floor":30.0,"turns":3.0},{"damage":5.0,"enemies":"Gensokyo:Mirror_and_Dog","floor":33.0,"turns":5.0},{"damage":0,"enemies":"Gensokyo:Kaguya","floor":35,"turns":8},{"damage":0,"enemies":"Gensokyo:AncientGuardian","floor":37,"turns":7},{"damage":0,"enemies":"Gensokyo:3_Boulders","floor":38,"turns":7},{"damage":0,"enemies":"Gensokyo:Sharpion","floor":41,"turns":4},{"damage":0,"enemies":"Gensokyo:Marisa","floor":43,"turns":1},{"damage":34,"enemies":"Gensokyo:4_Bats","floor":44,"turns":1}],"seed_played":"-3634994943388495416","potions_obtained":[{"floor":3.0,"key":"Elixir"},{"floor":6.0,"key":"Swift Potion"},{"floor":10.0,"key":"EntropicBrew"},{"floor":18.0,"key":"LiquidBronze"},{"floor":21.0,"key":"Milkshake"},{"floor":21.0,"key":"SteroidPotion"}],"is_trial":false,"path_per_floor":["M","$","M","?","M","E","$","R","T","M","?","R","E","COS","R_BF","PTL","R","B",null,"M","COS","M","$","$","E","R","NM","T","R","E","?","?","M","R","B",null,"M","M","?","$","M","R","E","M"],"character_chosen":"THE_SERVANT","items_purchased":["vexMod:MemoryStick","Bag of Preparation","HandDrill","FlawlessForm","Defy","DoubleEdge","ReturningBlade","ReplayTheSpireMod:Lightbulb","Letter Opener","DoubleEdge","Starlight","RealityMarble","vexMod:Cooldron","Centennial Puzzle","infinitespire:Lychee Nut","ReturningBlade","Replay:Bandana","Blood Vial","infinitespire:Chaos","Revamp","Advance","Eternal Feather","Simple Rune","vexMod:Spyglass","Dilation","LightFlow","PendulumOfEternity","ReplayTheSpireMod:Uncanny Aura","War Paint","Whetstone","Toolbox","TrueSight","Pen Nib","Regal Pillow","Strange Spoon","Dilation","CaptainsWheel","Onion Ring","vexMod:GhostlyGear","Dramatic Entrance","Sunlight","Divine Protection","Guide Book","Embodiment","Peace Pipe","infinitespire:PuzzleCube","OrangePellets","Oddly Smooth Stone","ClockworkSouvenir","infinitespire:Midas Blood"],"campfire_rested":0,"item_purchase_floors":[2,2,2,2,2,2,2,7,7,7,7,7,8,8,8,8,12,12,12,12,12,17,17,17,17,17,17,17,23,23,23,23,24,24,24,24,26,26,26,26,26,34,34,34,40,40,40,42,42,42],"current_hp_per_floor":[65,65,65,65,65,43,43,43,43,47,47,45,45,45,45,45,45,24,45,45,45,44,44,44,38,42,42,39,39,8,8,8,3,25,25,25,25,25,25,25,25,25,25,0,0],"gold":2880,"neow_bonus":"THREE_ENEMY_KILL","is_daily":false,"chose_seed":false,"campfire_upgraded":2,"win_rate":0.0,"timestamp":1611456105,"path_taken":["M","$","M","?","?","E","$","R","T","?","?","R","E","COS","R_BF","PTL","R","BOSS","M","COS","M","$","?","E","R","NM","T","R","E","?","?","M","R","BOSS","M","?","?","$","?","R","E","?"],"items_purchased_type":["Relic","Relic","Relic","Card","Card","Card","Card","Relic","Relic","Card","Card","Card","Relic","Relic","Relic","Card","Relic","Relic","Relic","Card","Card","Relic","Relic","Relic","Card","Card","Card","Card","Relic","Relic","Relic","Card","Relic","Relic","Relic","Card","Relic","Relic","Relic","Card","Card","Relic","Relic","Card","Relic","Relic","Relic","Relic","Relic","Relic"],"build_version":"2020-12-22","purchased_purges":2,"victory":false,"max_hp_per_floor":[65,65,65,65,65,65,65,48,48,48,48,45,45,45,45,45,45,45,45,45,45,45,45,45,45,42,42,39,39,39,25,25,25,25,25,25,25,25,25,25,25,25,25,25,25],"card_choices":[{"not_picked":["FastForward","Reset"],"picked":"Starlight","floor":1.0},{"not_picked":["TimeWarp","Manipulate"],"picked":"Ricochet","floor":3.0},{"not_picked":["Spin","Ricochet"],"picked":"Luminosity","floor":5.0},{"not_picked":["Alleviate","FanOfKnives"],"picked":"DoubleEdge","floor":6.0},{"not_picked":["Revamp","Ricochet"],"picked":"DoubleEdge","floor":10.0},{"not_picked":["TimeWarp","DoubleEdge"],"picked":"DualDimension","floor":13.0},{"not_picked":["Mirror Shield","Glass Knife"],"picked":"Sadistic Nature","floor":18.0},{"not_picked":["Solidify","Hibiki_FEVER","Crow Ritual"],"picked":"SKIP","floor":20.0},{"not_picked":["Magnetism","The Bomb"],"picked":"Sadistic Nature","floor":21.0},{"not_picked":["Specialist","Finesse"],"picked":"Jack Of All Trades","floor":21.0},{"not_picked":["Biased Cognition+1","Panache+1"],"picked":"DevaForm+1","floor":22.0},{"not_picked":["Apotheosis","Gensokyo:MorningStar"],"picked":"TheWorld","floor":22.0},{"not_picked":["ReplayRNGCard","Gensokyo:LifeSpringInfinity"],"picked":"DecadeViolentEmotion","floor":25.0},{"not_picked":["Juggernaut","hierophant:LocustPlague"],"picked":"Machine Learning","floor":27.0},{"not_picked":["hierophant:Generosity","Gensokyo:UnlikelyAid"],"picked":"Burst","floor":30.0},{"not_picked":["Solidify","FlawlessForm","Initiator"],"picked":"SKIP","floor":30.0},{"not_picked":["Gensokyo:DreamlikeParadise","LightFlow","Vault"],"picked":"Demon Form","floor":33.0},{"not_picked":["Embodiment+1","Demonic Infusion+1","Hibiki_FEVER+1"],"picked":"Gensokyo:Dawn+1","floor":37},{"not_picked":["Gensokyo:MorningStar","FlawlessForm","Initiator"],"picked":"ReplayTheSpireMod:Fabricate Wheel","floor":37},{"not_picked":["ReplayTheSpireMod:Omega Cannon","Sadistic Nature","Berserk","Gensokyo:UnhurriedMind"],"picked":"SKIP","floor":38},{"not_picked":["Duplication","MarkedMod:NorthStar","ReplayTheSpireMod:From All Sides"],"picked":"Atom Bomb","floor":41},{"not_picked":["Gensokyo:UnlikelyAid","Berserk","Violence","Impervious"],"picked":"SKIP","floor":41},{"not_picked":["Ragnarok","hierophant:AuricForm","Kiva_Eat"],"picked":"MurderousAura","floor":43}],"player_experience":14998,"relics_obtained":[{"floor":6.0,"key":"Replay:Kaleidoscope"},{"floor":9.0,"key":"Torii"},{"floor":13.0,"key":"MawBank"},{"floor":25.0,"key":"Mirror"},{"floor":27.0,"key":"Replay:Arrowhead"},{"floor":28.0,"key":"Replay:Baseball"},{"floor":30.0,"key":"Question Card"},{"floor":43,"key":"Replay:Bottled Snecko"}],"event_choices":[],"is_beta":false,"boss_relics":[{"not_picked":["vexMod:RockOfEvil","Astrolabe"],"picked":"Snecko Eye"},{"not_picked":["ChewingGum","Painkiller Herb"],"picked":"Sozu"}],"items_purged_floors":[12,40],"is_endless":false,"potions_floor_spawned":[3,6,10,18,20,25,38],"killed_by":"Gensokyo:4_Bats","ascension_level":2}}