{"host":"40vzoph344nwp0en","time":1611482861,"event":{"mods":["2.2 Compatiblity","BaseMod","Bestiary","Challenge The Spire","Colored Map","GifTheSpireLib","Highlight Path","Infinite Spire","Minty Spire (QoL Compilation)","Potionbrewer","Relic Sorter","Reliquary","Replay The Spire","StSLib","SuperFastMode"],"gold_per_floor":[100115,100127,100127,100144,99650,99650,99682,98925,98925,98925,97063,97080,97080,97098,97098,97195,97195,97214,97267,97286,97300,97335,97335,97366,97366,97366,97380,97392,97392,95523,95535,95535,95635,95635,95635],"floor_reached":34,"language":"ENG","playtime":3409,"items_purged":["Amnesia","Eruption","ReplayTheSpireMod:Restless Dread"],"score":497,"play_id":"f1d853eb-1197-4b87-8dd4-02a8fbc316cc","local_time":"20210124030741","is_ascension_mode":false,"campfire_choices":[{"data":"Perseverance","floor":6.0,"key":"SMITH"},{"data":"Vigilance","floor":10.0,"key":"SMITH"},{"data":"Protect","floor":15.0,"key":"SMITH"},{"data":"WindmillStrike","floor":23,"key":"SMITH"},{"floor":32,"key":"REST"}],"circlet_count":0,"master_deck":["Strike_P","Strike_P","Strike_P","Strike_P","Defend_P","Defend_P","Defend_P","Defend_P","Vigilance+1","Replay:Sssssssssstrike+1","Vengeance","Perseverance+1","ThirdEye+1","ReplayTheSpireMod:??????????????????????","Consecrate","Protect+1","Halt+1","FollowUp+1","SashWhip+1","Nirvana+1","WindmillStrike+1","LessonLearned","Evaluate+1","Replay:ManipulateFuture+1","Sanctity","FlyingSleeves","Replay:LoomingThreat+1","infinitespire:SevenWalls+1","Halt+1","Judgement","Wireheading+1","Flash of Steel","LikeWater+1","Consecrate","JustLucky","Blasphemy","SashWhip","Halt","Crescendo","Swivel","WaveOfTheHand","ConjureBlade"],"relics":["HolyWater","ReplayTheSpireMod:Ring of Exchange","Ring of Searing","Pear","GoldenEye","Letter Opener","Replay:Bottled Steam","SacredBark","Frozen Egg 2","Potion Belt","Replay:Grab Bag","Replay:Bronze Core","Cursed Key","VioletLotus","Strawberry","Red Mask","Chameleon Ring","Mummified Hand","potionbrewer:Torch","StoneCalendar","potionbrewer:BoosterPack"],"acts_visited":["Exordium","TheCity","TheBeyond"],"potions_floor_usage":[22,22,22,22,22,31],"damage_taken":[{"damage":0.0,"enemies":"2 Louse","floor":1.0,"turns":2.0},{"damage":0.0,"enemies":"Small Slimes","floor":2.0,"turns":2.0},{"damage":10.0,"enemies":"Jaw Worm","floor":4.0,"turns":3.0},{"damage":11.0,"enemies":"Replay:BlueRogue","floor":7.0,"turns":3.0},{"damage":0.0,"enemies":"Blue Slaver","floor":12.0,"turns":3.0},{"damage":0.0,"enemies":"Looter","floor":14.0,"turns":3.0},{"damage":10.0,"enemies":"The Guardian","floor":16.0,"turns":8.0},{"damage":24.0,"enemies":"Spheric Guardian","floor":18.0,"turns":5.0},{"damage":5.0,"enemies":"3 Byrds","floor":20.0,"turns":5.0},{"damage":15.0,"enemies":"Centurion and Healer","floor":21.0,"turns":16.0},{"damage":3,"enemies":"Masked Bandits","floor":22,"turns":4},{"damage":23,"enemies":"Nightmare","floor":24,"turns":8},{"damage":9,"enemies":"Snake Plant","floor":27,"turns":4},{"damage":0,"enemies":"3 Cultists","floor":28,"turns":4},{"damage":0,"enemies":"Cultist and Chosen","floor":31,"turns":4},{"damage":9,"enemies":"Collector","floor":33,"turns":8}],"seed_played":"-9042086410906849005","potions_obtained":[{"floor":4.0,"key":"potionbrewer:ToxicPotion"},{"floor":14.0,"key":"Elixir"},{"floor":16.0,"key":"Swift Potion"},{"floor":18.0,"key":"potionbrewer:ToxicPotion"},{"floor":19.0,"key":"GamblersBrew"},{"floor":21.0,"key":"EntropicBrew"},{"floor":31,"key":"Languid Potion"},{"floor":33,"key":"Adrenaline Potion"}],"is_trial":false,"path_per_floor":["M","M","?","M","?","R","E","$","T","R","$","M","?","M","R","B",null,"M","?","M","M","?","R","NM","?","T","M","M","?","$","M","R","B",null],"character_chosen":"WATCHER","items_purchased":["GoldenEye","Letter Opener","LifebloodPotion","Strength Potion","SacredBark","Frozen Egg 2","Potion Belt","Dexterity Potion","FearPotion","Protect","Halt","FollowUp","SashWhip+1","Nirvana+1","potionbrewer:Torch","StoneCalendar","Snecko Eye","Flash of Steel","LikeWater+1","Consecrate","LifebloodPotion"],"campfire_rested":1,"item_purchase_floors":[8,8,8,8,11,11,11,11,11,11,11,11,11,11,30,30,30,30,30,30,30],"current_hp_per_floor":[72,72,72,62,62,62,61,61,61,61,61,61,61,61,61,51,82,58,65,60,45,42,42,19,19,19,10,10,10,10,10,36,27,89,89],"gold":95635,"neow_bonus":"COLORLESS_CARD","is_daily":false,"chose_seed":false,"campfire_upgraded":4,"win_rate":0.0,"timestamp":1611482861,"path_taken":["M","M","?","M","?","R","E","$","T","R","$","M","?","M","R","BOSS","M","?","M","M","?","R","NM","?","T","?","M","?","$","M","R","BOSS"],"items_purchased_type":["Relic","Relic","Potion","Potion","Relic","Relic","Relic","Potion","Potion","Card","Card","Card","Card","Card","Relic","Relic","Relic","Card","Card","Card","Potion"],"build_version":"2020-12-22","purchased_purges":3,"victory":false,"max_hp_per_floor":[72,72,72,72,72,72,82,82,82,82,82,82,82,82,82,82,82,82,89,89,89,89,89,89,89,89,89,89,89,89,89,89,89,89,89],"card_choices":[{"not_picked":["ThirdEye","ForeignInfluence"],"picked":"Vengeance","floor":1.0},{"not_picked":["Protect","WaveOfTheHand"],"picked":"Perseverance","floor":2.0},{"not_picked":["CrushJoints","Replay:Anticipation"],"picked":"ThirdEye","floor":4.0},{"not_picked":["infinitespire:DeathsTouch","infinitespire:Starlight"],"picked":"ReplayTheSpireMod:??????????????????????","floor":5.0},{"not_picked":["CrushJoints","DevaForm"],"picked":"Consecrate","floor":7.0},{"not_picked":["ClearTheMind","EmptyFist"],"picked":"WindmillStrike","floor":12.0},{"not_picked":["Consecrate","FollowUp","Vengeance"],"picked":"SKIP","floor":14.0},{"not_picked":["Wish","Replay:AllIn"],"picked":"LessonLearned","floor":16.0},{"not_picked":["Crescendo","Replay:Anticipation"],"picked":"Evaluate+1","floor":18.0},{"not_picked":["JustLucky+1","Replay:DivineShield"],"picked":"Replay:ManipulateFuture+1","floor":19.0},{"not_picked":["Protect","Prostrate"],"picked":"Sanctity","floor":19.0},{"not_picked":["Replay:ManipulateFuture","CrushJoints","Protect"],"picked":"SKIP","floor":20.0},{"not_picked":["Crescendo","Replay:BluntJabs"],"picked":"FlyingSleeves","floor":21.0},{"not_picked":["ThirdEye+1","BowlingBash+1"],"picked":"Replay:LoomingThreat+1","floor":22},{"not_picked":["ReplayTheSpireMod:Echoes of Time","infinitespire:DeathsTouch"],"picked":"infinitespire:SevenWalls","floor":24},{"not_picked":["FollowUp","CrushJoints+1"],"picked":"Halt+1","floor":24},{"not_picked":["FollowUp","Halt"],"picked":"Judgement","floor":27},{"not_picked":["Evaluate","ReachHeaven+1"],"picked":"Wireheading+1","floor":28},{"not_picked":["CarveReality","SashWhip"],"picked":"JustLucky","floor":31},{"not_picked":["Omniscience","LessonLearned"],"picked":"Blasphemy","floor":33}],"player_experience":396005,"relics_obtained":[{"floor":3.0,"key":"ReplayTheSpireMod:Ring of Exchange"},{"floor":3.0,"key":"Ring of Searing"},{"floor":7.0,"key":"Pear"},{"floor":9.0,"key":"Replay:Bottled Steam"},{"floor":19.0,"key":"Strawberry"},{"floor":22,"key":"Red Mask"},{"floor":24,"key":"Chameleon Ring"},{"floor":26,"key":"Mummified Hand"}],"event_choices":[{"damage_healed":0.0,"max_hp_gain":0.0,"max_hp_loss":0.0,"gold_gain":0.0,"event_name":"Golden Idol","player_choice":"Ignored","floor":13.0,"gold_loss":0.0,"damage_taken":0.0},{"damage_healed":0,"gold_gain":0,"player_choice":"Fought Bandits","damage_taken":0,"max_hp_gain":0,"max_hp_loss":0,"event_name":"Masked Bandits","floor":22,"gold_loss":0},{"damage_healed":0,"gold_gain":0,"player_choice":"Upgraded","damage_taken":0,"max_hp_gain":0,"max_hp_loss":0,"event_name":"Upgrade Shrine","floor":25,"gold_loss":0,"cards_upgraded":["infinitespire:SevenWalls"]},{"damage_healed":0,"gold_gain":0,"player_choice":"Leave","damage_taken":0,"max_hp_gain":0,"max_hp_loss":0,"event_name":"FaceTrader","floor":29,"gold_loss":0}],"is_beta":false,"boss_relics":[{"not_picked":["Runic Dome","Orrery"],"picked":"Replay:Grab Bag"},{"not_picked":["ReplayTheSpireMod:DimensionalGlitch","Velvet Choker"],"picked":"Replay:Bronze Core"},{"not_picked":["reliquary:RedPaperclip","Fusion Hammer"],"picked":"Cursed Key"},{"not_picked":["Ring of Chaos","Black Star"],"picked":"HolyWater"},{"not_picked":["Astrolabe","Calling Bell"],"picked":"VioletLotus"},{"not_picked":["potionbrewer:SalesContract","Melange"],"picked":"potionbrewer:BoosterPack"}],"items_purged_floors":[8,11,30],"is_endless":true,"potions_floor_spawned":[4,14,16,18,21,31,33],"ascension_level":0}}