{"host":"v3mpq6flurzldi5g","time":1611530990,"event":{"mods":["AchievementEnabler","BaseMod","Colored Powertips","Highlight Path","Minty Spire (QoL Compilation)","StSLib"],"gold_per_floor":[115,132,152,170,170,170,184,184,184,194,211,211,211,230,230,327,327,347,347,361,60,77,77,91,91,114,134,59,59,74,74,74,74,74],"floor_reached":33,"language":"ENG","playtime":1564,"items_purged":["Defend_R"],"score":469,"play_id":"81980313-922c-4705-b556-98818ffdb5f7","local_time":"20210124182950","is_ascension_mode":true,"campfire_choices":[{"floor":6,"key":"REST"},{"data":"Rampage","floor":8,"key":"SMITH"},{"data":"Whirlwind","floor":12,"key":"SMITH"},{"data":"Defend_R","floor":15,"key":"SMITH"},{"floor":23,"key":"REST"},{"floor":25,"key":"REST"},{"floor":29,"key":"REST"},{"floor":32,"key":"REST"}],"circlet_count":0,"master_deck":["AscendersBane","Strike_R","Strike_R","Defend_R+1","Defend_R","Defend_R+1","Bash","Power Through","Battle Trance","Rampage+1","Pommel Strike","Whirlwind+1","Inflame","Reaper","Shrug It Off","Carnage","Limit Break","Armaments","Cleave+1"],"relics":["Black Blood","Anchor","Happy Flower","Orichalcum","Bag of Preparation"],"acts_visited":["Exordium","TheCity"],"potions_floor_usage":[16,20,22],"damage_taken":[{"damage":11,"enemies":"Jaw Worm","floor":1,"turns":6},{"damage":6,"enemies":"Cultist","floor":2,"turns":3},{"damage":10,"enemies":"2 Louse","floor":3,"turns":2},{"damage":18,"enemies":"Lots of Slimes","floor":4,"turns":6},{"damage":9,"enemies":"Red Slaver","floor":7,"turns":5},{"damage":12,"enemies":"Exordium Wildlife","floor":10,"turns":6},{"damage":7,"enemies":"Large Slime","floor":11,"turns":6},{"damage":12,"enemies":"Lots of Slimes","floor":14,"turns":3},{"damage":0,"enemies":"Slime Boss","floor":16,"turns":6},{"damage":46,"enemies":"Spheric Guardian","floor":18,"turns":6},{"damage":24,"enemies":"Shell Parasite","floor":20,"turns":9},{"damage":42,"enemies":"Sentry and Sphere","floor":22,"turns":6},{"damage":23,"enemies":"Snake Plant","floor":24,"turns":6},{"damage":18,"enemies":"Shelled Parasite and Fungi","floor":27,"turns":9},{"damage":49,"enemies":"Snecko","floor":30,"turns":7},{"damage":94,"enemies":"Automaton","floor":33,"turns":6}],"seed_played":"-1927005293411042951","potions_obtained":[{"floor":1,"key":"Regen Potion"},{"floor":3,"key":"BlessingOfTheForge"},{"floor":14,"key":"BloodPotion"},{"floor":16,"key":"DistilledChaos"},{"floor":20,"key":"Energy Potion"}],"is_trial":false,"path_per_floor":["M","M","M","M","?","R","M","R","T","M","M","R","?","M","R","B",null,"M","?","M","$","M","R","M","R","T","M","$","R","M","?","R","B"],"character_chosen":"IRONCLAD","items_purchased":["Happy Flower","Orichalcum"],"campfire_rested":5,"item_purchase_floors":[21,21],"current_hp_per_floor":[67,67,63,51,51,75,72,72,72,66,77,77,70,74,74,80,80,46,46,50,50,20,44,33,57,57,59,59,80,43,43,67,0,0],"gold":74,"neow_bonus":"TRANSFORM_CARD","is_daily":false,"chose_seed":false,"campfire_upgraded":3,"win_rate":0.0,"timestamp":1611530990,"path_taken":["M","M","M","M","?","R","M","R","T","?","M","R","?","M","R","BOSS","M","?","M","$","M","R","M","R","T","?","?","R","M","?","R","BOSS"],"items_purchased_type":["Relic","Relic"],"build_version":"2020-12-22","purchased_purges":1,"victory":false,"max_hp_per_floor":[80,80,80,80,80,80,80,80,80,80,80,80,80,80,80,80,80,80,80,80,80,80,80,80,80,80,80,80,80,80,80,80,80,80],"card_choices":[{"not_picked":["Dropkick","Thunderclap"],"picked":"Battle Trance","floor":1},{"not_picked":["Rupture","Perfected Strike"],"picked":"Rampage","floor":2},{"not_picked":["Warcry","Bloodletting"],"picked":"Pommel Strike","floor":3},{"not_picked":["Clothesline","Clash"],"picked":"Whirlwind","floor":4},{"not_picked":["Cleave","Pommel Strike"],"picked":"Inflame","floor":7},{"not_picked":["Sentinel","Clash"],"picked":"Reaper","floor":10},{"not_picked":["Searing Blow","Clash"],"picked":"Shrug It Off","floor":11},{"not_picked":["Warcry","Havoc"],"picked":"Carnage","floor":14},{"not_picked":["Bludgeon","Immolate"],"picked":"Limit Break","floor":16},{"not_picked":["Sever Soul","Sword Boomerang","Pummel"],"picked":"SKIP","floor":18},{"not_picked":["Blood for Blood","Thunderclap"],"picked":"Armaments","floor":20},{"not_picked":["Clash","Pommel Strike","Anger"],"picked":"SKIP","floor":22},{"not_picked":["Anger","Offering"],"picked":"Cleave+1","floor":24},{"not_picked":["Thunderclap","Pommel Strike","Armaments"],"picked":"SKIP","floor":27},{"not_picked":["Clash","Wild Strike","Armaments"],"picked":"SKIP","floor":30}],"player_experience":1036013,"relics_obtained":[{"floor":9,"key":"Anchor"},{"floor":26,"key":"Bag of Preparation"}],"event_choices":[{"cards_removed":["Strike_R"],"damage_healed":0,"gold_gain":0,"player_choice":"Offered Basic","damage_taken":0,"max_hp_gain":0,"max_hp_loss":0,"event_name":"Bonfire Elementals","floor":5,"gold_loss":0},{"cards_removed":["Strike_R"],"damage_healed":0,"gold_gain":0,"player_choice":"Card Removal","damage_taken":7,"max_hp_gain":0,"max_hp_loss":0,"event_name":"Golden Wing","floor":13,"gold_loss":0},{"damage_healed":0,"gold_gain":0,"player_choice":"Upgraded","damage_taken":0,"max_hp_gain":0,"max_hp_loss":0,"event_name":"Upgrade Shrine","floor":19,"gold_loss":0,"cards_upgraded":["Defend_R"]}],"is_beta":false,"boss_relics":[{"not_picked":["Runic Dome","Fusion Hammer"],"picked":"Black Blood"}],"items_purged_floors":[28],"is_endless":false,"potions_floor_spawned":[1,3,4,10,14,16,18,20],"killed_by":"Automaton","ascension_level":12}}