{"host":"uv5ws9rdk87e8i5k","time":1611466250,"event":{"mods":["AchievementEnabler","BaseMod","Colored Map","Minty Spire (QoL Compilation)","StSLib","SuperFastMode"],"gold_per_floor":[11,11,30,40,3,28,48,82,82,101,116,116,127,139,139,139,139],"floor_reached":16,"language":"ENG","playtime":296,"items_purged":[],"score":151,"play_id":"d50c641f-c1a8-45e7-b0ea-a0a9c5c3bad6","local_time":"20210123233050","is_ascension_mode":true,"campfire_choices":[{"floor":15,"key":"REST"}],"circlet_count":0,"master_deck":["Strike_R+1","Strike_R","Strike_R","Strike_R","Defend_R","Defend_R","Defend_R","Bash","Clash","Ghostly Armor","Havoc+1","Bash","Anger","Iron Wave","Pummel","Rage","Heavy Blade","Pommel Strike","Cleave","Twin Strike","Dropkick","Flex+1"],"relics":["Burning Blood","Kunai","Toxic Egg 2","Shuriken"],"acts_visited":["Exordium"],"potions_floor_usage":[6,8],"damage_taken":[{"damage":0.0,"enemies":"Cultist","floor":1.0,"turns":3.0},{"damage":0,"enemies":"2 Louse","floor":3,"turns":1},{"damage":0,"enemies":"Small Slimes","floor":4,"turns":3},{"damage":30,"enemies":"3 Sentries","floor":6,"turns":7},{"damage":1,"enemies":"2 Fungi Beasts","floor":7,"turns":3},{"damage":7,"enemies":"Gremlin Nob","floor":8,"turns":4},{"damage":1,"enemies":"Looter","floor":10,"turns":2},{"damage":8,"enemies":"Blue Slaver","floor":11,"turns":3},{"damage":17,"enemies":"Exordium Thugs","floor":13,"turns":4},{"damage":5,"enemies":"Gremlin Gang","floor":14,"turns":4},{"damage":0,"enemies":"The Guardian","floor":16,"turns":1}],"seed_played":"8252407319137628230","potions_obtained":[{"floor":3,"key":"SkillPotion"},{"floor":4,"key":"Weak Potion"},{"floor":8,"key":"EssenceOfSteel"},{"floor":10,"key":"Weak Potion"},{"floor":14,"key":"Strength Potion"}],"is_trial":false,"path_per_floor":["M","?","M","M","$","E","M","E","T","M","M","?","M","M","R","B"],"character_chosen":"IRONCLAD","items_purchased":["Rage"],"campfire_rested":1,"item_purchase_floors":[5],"current_hp_per_floor":[78,78,80,80,80,56,61,60,60,65,63,47,36,37,61,61,61],"gold":139,"neow_bonus":"TRANSFORM_TWO_CARDS","is_daily":false,"chose_seed":false,"campfire_upgraded":0,"win_rate":0.0,"timestamp":1611466250,"path_taken":["M","?","M","M","$","E","M","E","T","M","?","?","M","M","R","BOSS"],"items_purchased_type":["Card"],"build_version":"2020-12-22","purchased_purges":0,"victory":false,"max_hp_per_floor":[80,80,80,80,80,80,80,80,80,80,80,80,80,80,80,80,80],"card_choices":[{"not_picked":["Flex","Blood for Blood"],"picked":"Havoc","floor":1.0},{"not_picked":["Flex","Ghostly Armor"],"picked":"Iron Wave","floor":3},{"not_picked":["Blood for Blood","Body Slam"],"picked":"Pummel","floor":4},{"not_picked":["Dark Embrace","Second Wind","Armaments"],"picked":"SKIP","floor":6},{"not_picked":["Limit Break","Bloodletting"],"picked":"Heavy Blade","floor":7},{"not_picked":["Fire Breathing","Intimidate+1"],"picked":"Pommel Strike","floor":8},{"not_picked":["Armaments+1","Reckless Charge"],"picked":"Cleave","floor":10},{"not_picked":["Body Slam","Second Wind+1"],"picked":"Twin Strike","floor":11},{"not_picked":["True Grit+1","Uppercut"],"picked":"Dropkick","floor":13},{"not_picked":["Body Slam","Anger"],"picked":"Flex+1","floor":14}],"player_experience":221123,"relics_obtained":[{"floor":6,"key":"Kunai"},{"floor":8,"key":"Toxic Egg 2"},{"floor":9,"key":"Shuriken"}],"event_choices":[{"damage_healed":0,"gold_gain":0,"player_choice":"2 cards matched","damage_taken":0,"max_hp_gain":0,"max_hp_loss":0,"event_name":"Match and Keep!","floor":2,"gold_loss":0,"cards_obtained":["Bash","Anger"]},{"damage_healed":0,"gold_gain":0,"player_choice":"Entered Light","damage_taken":16,"max_hp_gain":0,"max_hp_loss":0,"event_name":"Shining Light","floor":12,"gold_loss":0,"cards_upgraded":["Strike_R","Havoc"]}],"is_beta":false,"boss_relics":[],"items_purged_floors":[],"is_endless":false,"potions_floor_spawned":[3,4,8,10,14],"killed_by":"The Guardian","ascension_level":6}}