{"host":"12g8pzxdn4uh7yby","time":1611504658,"event":{"mods":["AchievementEnabler","BaseMod","Colored Map","Highlight Path","Minty Spire (QoL Compilation)","Relic Stats","StSLib"],"gold_per_floor":[109,121,121,139,151,180,194,204,204,204,174,201,214,245,245,347,347,365,365,365,377,387,387,387,387],"floor_reached":24,"playtime":1718,"items_purged":[],"score":257,"play_id":"8f92e7b5-6df2-4074-b955-da6013564891","local_time":"20210124091058","is_ascension_mode":true,"campfire_choices":[{"data":"Fission","floor":10,"key":"SMITH"},{"data":"Go for the Eyes","floor":15,"key":"SMITH"},{"data":"Seek","floor":23,"key":"SMITH"}],"circlet_count":0,"master_deck":["Strike_B","Strike_B","Strike_B","Strike_B","Defend_B","Defend_B","Defend_B","Defend_B","Zap","Dualcast","Fission+1","Barrage","Genetic Algorithm","Cold Snap","Coolheaded","Darkness","Go for the Eyes+1","Electrodynamics","Loop+1","Seek+1"],"relics":["Cracked Core","Gremlin Horn","Anchor","Mercury Hourglass","Vajra","Black Star","Happy Flower"],"acts_visited":["Exordium","TheCity"],"potions_floor_usage":[6,12,16,22,24],"damage_taken":[{"damage":1,"enemies":"Cultist","floor":1,"turns":3},{"damage":3,"enemies":"Jaw Worm","floor":2,"turns":3},{"damage":0,"enemies":"2 Louse","floor":4,"turns":3},{"damage":15,"enemies":"Exordium Thugs","floor":5,"turns":7},{"damage":11,"enemies":"3 Sentries","floor":6,"turns":5},{"damage":1,"enemies":"3 Louse","floor":7,"turns":3},{"damage":5,"enemies":"Blue Slaver","floor":8,"turns":3},{"damage":0,"enemies":"Gremlin Nob","floor":12,"turns":2},{"damage":0,"enemies":"Exordium Wildlife","floor":13,"turns":2},{"damage":11,"enemies":"3 Sentries","floor":14,"turns":5},{"damage":4,"enemies":"The Guardian","floor":16,"turns":9},{"damage":0,"enemies":"3 Byrds","floor":18,"turns":2},{"damage":15,"enemies":"Chosen","floor":21,"turns":6},{"damage":13,"enemies":"Sentry and Sphere","floor":22,"turns":4},{"damage":38,"enemies":"Book of Stabbing","floor":24,"turns":7}],"seed_played":"8578205041285413321","potions_obtained":[{"floor":2,"key":"EssenceOfDarkness"},{"floor":4,"key":"GamblersBrew"},{"floor":7,"key":"LiquidMemories"},{"floor":11,"key":"EssenceOfDarkness"},{"floor":13,"key":"PowerPotion"},{"floor":18,"key":"SteroidPotion"}],"is_trial":false,"path_per_floor":["M","M","?","M","M","E","M","M","T","R","?","E","M","E","R","B",null,"M","?","T","M","M","R","E"],"character_chosen":"DEFECT","items_purchased":[],"campfire_rested":0,"item_purchase_floors":[],"current_hp_per_floor":[74,71,76,76,61,50,49,44,44,44,44,44,44,33,33,29,80,80,65,65,50,37,37,0,0],"gold":387,"neow_bonus":"ONE_RANDOM_RARE_CARD","is_daily":false,"chose_seed":false,"campfire_upgraded":3,"win_rate":0.0,"timestamp":1611504658,"path_taken":["M","M","?","M","M","E","M","M","T","R","?","E","?","E","R","BOSS","M","?","?","M","M","R","E"],"items_purchased_type":[],"build_version":"2020-12-13","purchased_purges":0,"victory":false,"max_hp_per_floor":[75,75,80,80,80,80,80,80,80,80,80,80,80,80,80,80,80,80,85,85,85,85,85,85,85],"relic_stats":{"Gremlin Horn":[7,7],"Happy Flower":[5],"counters":[15,63],"Black Star":0,"obtain_stats":[{"Anchor":9,"Gremlin Horn":6,"Happy Flower":20,"Vajra":14,"Black Star":17,"Cracked Core":0,"Mercury Hourglass":12},{"Anchor":7,"Gremlin Horn":5,"Happy Flower":12,"Vajra":10,"Black Star":11,"Cracked Core":0,"Mercury Hourglass":8},{"Anchor":27,"Gremlin Horn":21,"Happy Flower":47,"Vajra":36,"Black Star":45,"Cracked Core":0,"Mercury Hourglass":29}],"Mercury Hourglass":[145]},"card_choices":[{"not_picked":["Leap","Heatsinks"],"picked":"Barrage","floor":1},{"not_picked":["Hello World","Redo"],"picked":"Genetic Algorithm","floor":2},{"not_picked":["Hello World","Compile Driver"],"picked":"Cold Snap","floor":4},{"not_picked":["Steam Power","Chaos"],"picked":"Coolheaded","floor":5},{"not_picked":["Chaos","Thunder Strike","Hologram"],"picked":"SKIP","floor":6},{"not_picked":["Turbo","Loop"],"picked":"Darkness","floor":7},{"not_picked":["Cold Snap","Tempest"],"picked":"Go for the Eyes","floor":8},{"not_picked":["Gash","Coolheaded","Recycle"],"picked":"SKIP","floor":12},{"not_picked":["Hello World","FTL","Cold Snap"],"picked":"SKIP","floor":13},{"not_picked":["Stack","Skim","Leap"],"picked":"SKIP","floor":14},{"not_picked":["Seek","Amplify"],"picked":"Electrodynamics","floor":16},{"not_picked":["Go for the Eyes","Steam Power","Rebound+1"],"picked":"SKIP","floor":18},{"not_picked":["Barrage","Streamline"],"picked":"Loop+1","floor":21},{"not_picked":["Cold Snap","Blizzard"],"picked":"Seek","floor":22}],"player_experience":79719,"relics_obtained":[{"floor":6,"key":"Gremlin Horn"},{"floor":9,"key":"Anchor"},{"floor":12,"key":"Mercury Hourglass"},{"floor":14,"key":"Vajra"},{"floor":20,"key":"Happy Flower"}],"event_choices":[{"damage_healed":0,"gold_gain":0,"player_choice":"Donut","damage_taken":0,"max_hp_gain":5,"max_hp_loss":0,"event_name":"Big Fish","floor":3,"gold_loss":0},{"damage_healed":0,"gold_gain":0,"player_choice":"Bought 2 Potions","damage_taken":0,"max_hp_gain":0,"max_hp_loss":0,"event_name":"The Woman in Blue","floor":11,"gold_loss":0},{"damage_healed":0,"gold_gain":0,"player_choice":"Shed Blood","damage_taken":20,"max_hp_gain":5,"max_hp_loss":0,"event_name":"Forgotten Altar","floor":19,"gold_loss":0}],"is_beta":false,"boss_relics":[{"not_picked":["Fusion Hammer","FrozenCore"],"picked":"Black Star"}],"items_purged_floors":[],"is_endless":false,"potions_floor_spawned":[2,4,7,13,14,18],"killed_by":"Book of Stabbing","ascension_level":1}}