{"host":"svjsz61ic7qdyp36","time":1611487487,"event":{"mods":["BaseMod","Colored Map","Colored Powertips","Downfall","Hermit","Infinite Spire","Marisa????????","Minty Spire (QoL Compilation)","StSLib","The Servant 0.9.4"],"gold_per_floor":[99,117,117,217,232,248,248,277,277,47,47,64,77,96,107,211,211,211,211,211,228,247,247,247,257,257,272,283,298,298,298,298],"floor_reached":30,"language":"ENG","playtime":1345,"items_purged":[],"score":226,"play_id":"8d907ce1-86d3-4673-bdef-755dc913bfb1","local_time":"20210124112447","is_ascension_mode":false,"campfire_choices":[{"data":"bronze:Replicate","floor":1,"key":"SMITH"},{"floor":9,"key":"REST"},{"data":"bronze:SpaghettiCode","floor":18,"key":"SMITH"},{"floor":26,"key":"REST"}],"circlet_count":0,"master_deck":["bronze:Strike","bronze:Strike","bronze:Strike","bronze:Defend","bronze:Defend","bronze:Defend","bronze:Defend","bronze:Replicate+1","bronze:Goto","bronze:WildBeam","bronze:Iterate","bronze:ChildClass","bronze:Invalidate","bronze:Shell","bronze:ForLoop","bronze:Flail","bronze:Fortify","bronze:Turbo","bronze:Frontload","bronze:ItsAFeature","bronze:SpaghettiCode+1","bronze:Allocate","bronze:ClassDefault","bronze:Branch","bronze:Optimize","bronze:ForceShield+1","bronze:DelayedGuard+1","bronze:Format","bronze:DigitalCarnage","bronze:Overheat+1"],"relics":["bronze:BronzeCore","Matryoshka","Art of War","Singing Bowl","Odd Mushroom","bronze:MakeshiftBattery","Orrery","Pantograph","Blue Candle"],"acts_visited":["Exordium","TheCity"],"potions_floor_usage":[8,15,16,21,27,27,29,29],"damage_taken":[{"damage":7,"enemies":"2 Louse","floor":2,"turns":3},{"damage":2,"enemies":"Small Slimes","floor":5,"turns":2},{"damage":6,"enemies":"Jaw Worm","floor":6,"turns":2},{"damage":21,"enemies":"The Mushroom Lair","floor":8,"turns":4},{"damage":5,"enemies":"downfall:FleeingMerchant","floor":10,"turns":4},{"damage":0,"enemies":"Large Slime","floor":12,"turns":5},{"damage":19,"enemies":"Blue Slaver","floor":13,"turns":3},{"damage":0,"enemies":"Red Slaver","floor":14,"turns":1},{"damage":5,"enemies":"2 Fungi Beasts","floor":15,"turns":3},{"damage":17,"enemies":"WA_ARCHETYPE_RETAIN","floor":16,"turns":4},{"damage":5,"enemies":"3 Byrds","floor":21,"turns":3},{"damage":19,"enemies":"Spheric Guardian","floor":22,"turns":4},{"damage":13,"enemies":"Snake Plant","floor":25,"turns":5},{"damage":18,"enemies":"Shelled Parasite and Fungi","floor":27,"turns":8},{"damage":30,"enemies":"Sentry and Sphere","floor":28,"turns":6},{"damage":0,"enemies":"Snecko","floor":29,"turns":2},{"damage":23,"enemies":"Centurion and Healer","floor":30,"turns":4}],"seed_played":"-5646672389093993607","potions_obtained":[{"floor":6,"key":"infinitespire:BlackPotion"},{"floor":8,"key":"Dexterity Potion"},{"floor":14,"key":"GamblersBrew"},{"floor":15,"key":"bronze:BuildAFunctionPotion"},{"floor":16,"key":"SkillPotion"},{"floor":25,"key":"FearPotion"},{"floor":27,"key":"AttackPotion"},{"floor":28,"key":"bronze:FreeFunctionsPotion"}],"is_trial":false,"path_per_floor":["R","M","?","?","M","M","T","?","R","$","?","M","M","M","M","B",null,"R","?","AVR","M","M","?","T","M","R","M","M","M","M"],"character_chosen":"THE_AUTOMATON","items_purchased":["bronze:ForLoop","bronze:Flail","bronze:Fortify"],"campfire_rested":2,"item_purchase_floors":[10,10,10],"current_hp_per_floor":[77,70,58,58,56,50,50,29,52,47,47,47,30,30,25,8,79,79,79,81,78,59,59,59,46,70,52,22,22,0,0,0],"gold":298,"neow_bonus":"TEN_PERCENT_HP_BONUS","is_daily":false,"chose_seed":false,"campfire_upgraded":2,"win_rate":0.0,"timestamp":1611487487,"path_taken":["R","M","?","?","M","M","T","?","R","$","?","M","?","M","M","BOSS","R","?","AVR","M","M","?","T","M","R","M","?","M","M"],"items_purchased_type":["Card","Card","Card"],"build_version":"2020-12-22","purchased_purges":0,"victory":false,"max_hp_per_floor":[77,77,77,77,77,77,77,77,77,77,77,77,79,79,79,79,79,79,79,81,83,83,83,83,83,83,83,83,83,83,83,83],"card_choices":[{"not_picked":["bronze:Philosophize","bronze:WhirlingStrike"],"picked":"bronze:WildBeam","floor":2},{"not_picked":["bronze:OilSpill","bronze:ForceShield"],"picked":"bronze:Iterate","floor":5},{"not_picked":["bronze:Invalidate","bronze:WhirlingStrike"],"picked":"bronze:ChildClass","floor":6},{"not_picked":["bronze:GetLatest","bronze:BitShift"],"picked":"bronze:Invalidate","floor":8},{"not_picked":["bronze:MaxOutput","bronze:Repulsor"],"picked":"bronze:Shell","floor":10},{"not_picked":["bronze:Fortify","bronze:WhirlingStrike"],"picked":"bronze:Turbo","floor":12},{"not_picked":["bronze:Shield","bronze:Repulsor","bronze:DelayedSlice"],"picked":"Singing Bowl","floor":13},{"not_picked":["bronze:Fortify","bronze:Shell"],"picked":"bronze:Frontload","floor":14},{"not_picked":["bronze:Shield","bronze:WhirlingStrike"],"picked":"bronze:ItsAFeature","floor":15},{"not_picked":["bronze:HyperBeam","bronze:Mutator"],"picked":"bronze:SpaghettiCode","floor":16},{"not_picked":["bronze:BuggyMess","bronze:Deprecate"],"picked":"bronze:Allocate","floor":20},{"not_picked":["bronze:DigitalCarnage+1","bronze:WhirlingStrike"],"picked":"bronze:ClassDefault","floor":20},{"not_picked":["bronze:FineTuning","bronze:MaxOutput","bronze:ItsAFeature"],"picked":"Singing Bowl","floor":20},{"not_picked":["bronze:Shield","bronze:FollowUp"],"picked":"bronze:Branch","floor":20},{"not_picked":["bronze:OilSpill+1","bronze:DigitalCarnage"],"picked":"bronze:Optimize","floor":20},{"not_picked":["bronze:CutThrough+1","bronze:Safeguard","bronze:Frontload+1"],"picked":"Singing Bowl","floor":21},{"not_picked":["bronze:ChosenStrike","bronze:DelayedSlice"],"picked":"bronze:ForceShield+1","floor":22},{"not_picked":["bronze:Return","bronze:CutThrough"],"picked":"bronze:DelayedGuard+1","floor":25},{"not_picked":["bronze:Invalidate+1","bronze:Safeguard"],"picked":"bronze:Format","floor":27},{"not_picked":["bronze:ForLoop","bronze:Return"],"picked":"bronze:DigitalCarnage","floor":28},{"not_picked":["bronze:Invalidate","bronze:BronzeArmor"],"picked":"bronze:Overheat+1","floor":29}],"player_experience":245372,"relics_obtained":[{"floor":7,"key":"Art of War"},{"floor":7,"key":"Singing Bowl"},{"floor":8,"key":"Odd Mushroom"},{"floor":24,"key":"Pantograph"},{"floor":24,"key":"Blue Candle"}],"event_choices":[{"damage_healed":0,"gold_gain":0,"player_choice":"Success","damage_taken":12,"relics_obtained":["Matryoshka"],"max_hp_gain":0,"max_hp_loss":0,"event_name":"Scrap Ooze","floor":3,"gold_loss":0},{"damage_healed":0,"gold_gain":0,"player_choice":"Fought Mushrooms","damage_taken":0,"max_hp_gain":0,"max_hp_loss":0,"event_name":"Mushrooms","floor":8,"gold_loss":0},{"damage_healed":0,"gold_gain":0,"player_choice":"Ignored","damage_taken":0,"max_hp_gain":0,"max_hp_loss":0,"event_name":"NoteForYourself","floor":23,"gold_loss":0}],"is_beta":false,"boss_relics":[{"not_picked":["Cursed Key","Tiny House"],"picked":"bronze:MakeshiftBattery"}],"items_purged_floors":[],"is_endless":false,"potions_floor_spawned":[6,8,14,15,16,25,27,28],"killed_by":"Centurion and Healer","ascension_level":0}}