{"host":"17uzppmr1r5fe5jj","time":1611511128,"event":{"mods":["BaseMod","Minty Spire (QoL Compilation)","Quick Restart","StSLib","[IsaacMod]ÒÔÈö¼âËþ"],"gold_per_floor":[111,111,286,304,324,324,399,253,280,309,309,321,341,98,98,196,196,227,152,152,171,185,185,198,198,221,221,237,256,256,256],"floor_reached":30,"language":"ZHS","playtime":1278,"items_purged":["Strike_R","Strike_R"],"score":267,"play_id":"7cf758e7-89f8-4fc4-b773-d8ad25b0007b","local_time":"20210125015848","is_ascension_mode":true,"campfire_choices":[{"data":"Sword Boomerang","floor":6.0,"key":"SMITH"},{"data":"Shrug It Off","floor":11.0,"key":"SMITH"},{"data":"Combust","floor":15.0,"key":"SMITH"},{"data":"Feel No Pain","floor":23.0,"key":"SMITH"},{"data":"Juggernaut","floor":25.0,"key":"SMITH"}],"circlet_count":0,"master_deck":["Defend_R","Defend_R","Seeing Red","Dark Shackles","Sword Boomerang+1","Combust+1","Doubt","Dual Wield","Uppercut","Feel No Pain+1","Shrug It Off+1","Second Wind","Brutality","Rampage","Juggernaut+1","Demon Form","Impervious","Wild Strike+1","Feel No Pain","Power Through"],"relics":["Burning Blood","HushsDoor","PunchingBag","TheBean","Oddly Smooth Stone","Pen Nib","Mark of Pain","BelialBook"],"acts_visited":["Exordium","TheCity"],"potions_floor_usage":[],"damage_taken":[{"damage":7.0,"enemies":"Jaw Worm","floor":1.0,"turns":5.0},{"damage":3.0,"enemies":"Cultist","floor":4.0,"turns":3.0},{"damage":10.0,"enemies":"Small Slimes","floor":5.0,"turns":4.0},{"damage":24.0,"enemies":"Lagavulin","floor":10.0,"turns":5.0},{"damage":15.0,"enemies":"3 Louse","floor":12.0,"turns":4.0},{"damage":2.0,"enemies":"Red Slaver","floor":13.0,"turns":6.0},{"damage":11.0,"enemies":"Hexaghost","floor":16.0,"turns":10.0},{"damage":40.0,"enemies":"2 Thieves","floor":18.0,"turns":5.0},{"damage":3.0,"enemies":"Spheric Guardian","floor":21.0,"turns":3.0},{"damage":12.0,"enemies":"Snecko","floor":22.0,"turns":6.0},{"damage":35.0,"enemies":"3 Cultists","floor":24.0,"turns":5.0},{"damage":29,"enemies":"Snake Plant","floor":28,"turns":4},{"damage":3,"enemies":"Snecko","floor":29,"turns":3},{"damage":30,"enemies":"Book of Stabbing","floor":30,"turns":5}],"seed_played":"-9049697131806725982","potions_obtained":[{"floor":4.0,"key":"FearPotion"},{"floor":10.0,"key":"AttackPotion"},{"floor":13.0,"key":"Fire Potion"},{"floor":18.0,"key":"BloodPotion"},{"floor":24.0,"key":"FairyPotion"},{"floor":28,"key":"LiquidBronze"}],"is_trial":false,"path_per_floor":["M","?","?","M","M","R","?","$","T","E","R","M","M","$","R","B",null,"M","?","?","M","M","R","M","R","T","?","M","M","E"],"character_chosen":"IRONCLAD","items_purchased":["Feel No Pain","Pen Nib"],"campfire_rested":0,"item_purchase_floors":[8,14],"current_hp_per_floor":[71,71,71,72,68,68,57,57,57,39,39,30,34,34,34,29,72,38,38,38,55,49,49,20,20,20,20,23,26,0,0],"gold":256,"neow_bonus":"REMOVE_TWO","is_daily":false,"chose_seed":false,"campfire_upgraded":5,"win_rate":0.0,"timestamp":1611511128,"path_taken":["M","?","?","?","M","R","?","$","T","E","R","?","M","$","R","BOSS","M","?","?","M","M","R","?","R","T","?","M","?","E"],"items_purchased_type":["Card","Relic"],"build_version":"2020-12-22","purchased_purges":2,"victory":false,"max_hp_per_floor":[72,72,72,72,72,72,72,72,72,72,72,72,72,72,72,72,72,72,72,72,72,72,72,72,72,72,72,72,72,72,72],"card_choices":[{"not_picked":["Warcry","Perfected Strike"],"picked":"Seeing Red","floor":1.0},{"not_picked":["Seeing Red","Wild Strike"],"picked":"Dual Wield","floor":4.0},{"not_picked":["Reckless Charge","Heavy Blade"],"picked":"Uppercut","floor":5.0},{"not_picked":["Cleave","Clash"],"picked":"Shrug It Off","floor":10.0},{"not_picked":["Twin Strike","Wild Strike"],"picked":"Second Wind","floor":12.0},{"not_picked":["Twin Strike","Feel No Pain","Sword Boomerang"],"picked":"SKIP","floor":13.0},{"not_picked":["Corruption","Exhume"],"picked":"Brutality","floor":16.0},{"not_picked":["Ghostly Armor","Iron Wave"],"picked":"Rampage","floor":18.0},{"not_picked":["Hemokinesis","Armaments","Shrug It Off"],"picked":"SKIP","floor":21.0},{"not_picked":["Twin Strike","Anger"],"picked":"Impervious","floor":22.0},{"not_picked":["Clothesline","Sword Boomerang"],"picked":"Wild Strike+1","floor":24.0},{"not_picked":["Perfected Strike","Power Through"],"picked":"Feel No Pain","floor":28},{"not_picked":["Ghostly Armor","Havoc"],"picked":"Power Through","floor":29}],"player_experience":106207,"relics_obtained":[{"floor":9.0,"key":"TheBean"},{"floor":10.0,"key":"Oddly Smooth Stone"},{"floor":26.0,"key":"BelialBook"}],"event_choices":[{"damage_healed":0.0,"max_hp_gain":0.0,"max_hp_loss":0.0,"gold_gain":0.0,"event_name":"Match and Keep!","player_choice":"3 cards matched","floor":2.0,"gold_loss":0.0,"damage_taken":0.0,"cards_obtained":["Dark Shackles","Sword Boomerang","Combust"]},{"damage_healed":0.0,"max_hp_gain":0.0,"max_hp_loss":0.0,"gold_gain":175.0,"event_name":"Liars Game","player_choice":"AGREE","floor":3.0,"gold_loss":0.0,"damage_taken":0.0,"cards_obtained":["Doubt"]},{"damage_healed":0.0,"max_hp_gain":0.0,"max_hp_loss":0.0,"gold_gain":75.0,"event_name":"World of Goop","player_choice":"Gather Gold","floor":7.0,"gold_loss":0.0,"damage_taken":11.0},{"cards_removed":["Strike_R"],"damage_healed":0.0,"max_hp_gain":0.0,"max_hp_loss":0.0,"gold_gain":0.0,"event_name":"Beggar","player_choice":"Gave Gold","floor":19.0,"gold_loss":75.0,"damage_taken":0.0},{"damage_healed":0.0,"max_hp_gain":0.0,"max_hp_loss":0.0,"gold_gain":0.0,"cards_transformed":["Defend_R","Defend_R"],"event_name":"Drug Dealer","player_choice":"Became Test Subject","floor":20.0,"gold_loss":0.0,"damage_taken":0.0,"cards_obtained":["Juggernaut","Demon Form"]},{"cards_removed":["Bash"],"damage_healed":0,"gold_gain":0,"player_choice":"Offered Basic","damage_taken":0,"max_hp_gain":0,"max_hp_loss":0,"event_name":"Bonfire Elementals","floor":27,"gold_loss":0}],"is_beta":false,"boss_relics":[{"not_picked":["Cursed Key","Snecko Eye"],"picked":"Mark of Pain"},{"not_picked":[]}],"items_purged_floors":[8,14],"is_endless":false,"potions_floor_spawned":[4,10,13,18,24,28],"killed_by":"Book of Stabbing","ascension_level":3}}