{"host":"3asmp5aovk69ekg9","time":1611461367,"event":{"mods":["100% Spire Juice","BaseMod","BetterRewards","Colored Map","Colored Powertips","Dark Map","Hermit","Koishi","Magitek Elite","Minty Spire (QoL Compilation)","Permanent Neow","Remove Card Discount Mod","Shade Mod","StSLib","The Alterego","The Cursed","The Death Knight","The Fake Hero","The IronCluck","The Marked","The Senshi","The Wild Card"],"gold_per_floor":[114,114,126,191,191,191,232,246,246,289,289,259,259,55,55,179,179,198,218,239,239,264,302,302,333,333,608,631,644,475,490,490,609,609,625,645,645,663,678,717,717,757,806,806,826,850,881,895,895,895,895,895,552,591,591],"floor_reached":56,"language":"ENG","playtime":6067,"items_purged":["DeathKnight:Strike_DeathKnight","DeathKnight:Strike_DeathKnight","DeathKnight:Strike_DeathKnight","Injury","DeathKnight:Defend_DeathKnight","DeathKnight:Strike_DeathKnight","DeathKnight:Strike_DeathKnight","DeathKnight:Defend_DeathKnight","DeathKnight:Defend_DeathKnight","Regret"],"score":2575,"play_id":"53a0f479-0496-4464-bb90-0ade36511fbe","local_time":"20210123200927","is_ascension_mode":true,"campfire_choices":[{"floor":6.0,"key":"REST"},{"data":"Apotheosis","floor":13.0,"key":"SMITH"},{"floor":15.0,"key":"RECALL"},{"floor":24.0,"key":"REST"},{"floor":32.0,"key":"REST"},{"floor":41.0,"key":"REST"},{"floor":49.0,"key":"REST"},{"floor":52,"key":"REST"}],"circlet_count":0,"master_deck":["DeathKnight:Defend_DeathKnight","DeathKnight:Defend_DeathKnight","DeathKnight:RuneTap","Apotheosis+1","DeathKnight:FrosPresence","DeathKnight:Razorice","Panache","DeathKnight:PathOfFrost+1","DeathKnight:HowlingBlast","DeathKnight:PathOfFrost+1","Good Instincts","DeathKnight:HowlingBlast","DeathKnight:BladedArmor","DeathKnight:Lichborne","DeathKnight:IceboundArmor","DeathKnight:IcyTouch","Bandage Up","DeathKnight:Razorice","DeathKnight:Hemostasis","DeathKnight:BladedArmor+1","Bandage Up+1","DeathKnight:UnholyAssault","DeathKnight:FoulBulwark+1","DeathKnight:AntiMagicShell+1","DeathKnight:IcyTouch+1","DeathKnight:Hemostasis+1","DeathKnight:IcyTouch+1","DeathKnight:Hysteria+1","Bandage Up+1","DeathKnight:HowlingBlast","DeathKnight:BludPresence+1","DeathKnight:Runesurge+1"],"relics":["DeathKnight:ReforgedRuneblade","Membership Card","HornCleat","Anchor","Happy Flower","DeathKnight:SindragosasSkull","Golden Idol","Turnip","Frozen Egg 2","Kunai","Ornamental Fan","Pear","Fusion Hammer","Toxic Egg 2","Lantern","Calipers","Chemical X","SlaversCollar","Bottled Lightning","DeathKnight:JainasLocket","Prayer Wheel","Oddly Smooth Stone","Frozen Eye","Angel_Ring","Ice Cream"],"acts_visited":["Exordium","TheCity","TheBeyond","TheEnding"],"potions_floor_usage":[55,55,55],"damage_taken":[{"damage":0.0,"enemies":"Cultist","floor":1.0,"turns":3.0},{"damage":0.0,"enemies":"Small Slimes","floor":3.0,"turns":3.0},{"damage":0.0,"enemies":"Lagavulin","floor":7.0,"turns":6.0},{"damage":0.0,"enemies":"2 Louse","floor":8.0,"turns":3.0},{"damage":0.0,"enemies":"3 Sentries","floor":10.0,"turns":5.0},{"damage":4.0,"enemies":"The Guardian","floor":16.0,"turns":5.0},{"damage":0.0,"enemies":"2 Thieves","floor":18.0,"turns":2.0},{"damage":0.0,"enemies":"Chosen","floor":19.0,"turns":4.0},{"damage":0.0,"enemies":"Snake Plant","floor":20.0,"turns":1.0},{"damage":0.0,"enemies":"Cultist and Chosen","floor":22.0,"turns":4.0},{"damage":0.0,"enemies":"Gremlin Leader","floor":23.0,"turns":4.0},{"damage":0.0,"enemies":"Book of Stabbing","floor":25.0,"turns":3.0},{"damage":0.0,"enemies":"Snecko","floor":28.0,"turns":4.0},{"damage":12.0,"enemies":"3 Cultists","floor":29.0,"turns":5.0},{"damage":1.0,"enemies":"Centurion and Healer","floor":31.0,"turns":5.0},{"damage":3.0,"enemies":"Collector","floor":33.0,"turns":7.0},{"damage":0.0,"enemies":"Orb Walker","floor":35.0,"turns":2.0},{"damage":0.0,"enemies":"3 Darklings","floor":36.0,"turns":3.0},{"damage":0.0,"enemies":"Sphere and 2 Shapes","floor":38.0,"turns":4.0},{"damage":0.0,"enemies":"Jaw Worm Horde","floor":39.0,"turns":4.0},{"damage":0.0,"enemies":"Nemesis","floor":40.0,"turns":1.0},{"damage":4.0,"enemies":"Giant Head","floor":42.0,"turns":7.0},{"damage":2.0,"enemies":"Spire Growth","floor":45.0,"turns":6.0},{"damage":3.0,"enemies":"Transient","floor":46.0,"turns":5.0},{"damage":43.0,"enemies":"Reptomancer","floor":47.0,"turns":5.0},{"damage":1.0,"enemies":"Writhing Mass","floor":48.0,"turns":4.0},{"damage":1,"enemies":"Time Eater","floor":50,"turns":6},{"damage":4,"enemies":"Shield and Spear","floor":54,"turns":3},{"damage":0,"enemies":"The Heart","floor":55,"turns":5}],"seed_played":"6771490060972088015","potions_obtained":[{"floor":1.0,"key":"SpeedPotion"},{"floor":3.0,"key":"SteroidPotion"},{"floor":12.0,"key":"AttackPotion"},{"floor":12.0,"key":"Fire Potion"},{"floor":16.0,"key":"Dexterity Potion"},{"floor":23.0,"key":"FearPotion"},{"floor":28.0,"key":"LiquidMemories"},{"floor":33.0,"key":"Strength Potion"},{"floor":35.0,"key":"DeathKnight:RimePotion"},{"floor":39.0,"key":"Swift Potion"},{"floor":42.0,"key":"Ancient Potion"},{"floor":45.0,"key":"Dexterity Potion"},{"floor":47.0,"key":"DeathKnight:RunicPotion"}],"is_trial":false,"path_per_floor":["M","?","M","?","?","R","E","M","T","E","?","?","R","$","R","B",null,"M","M","M","?","M","E","R","E","T","?","M","M","$","M","R","B",null,"M","M","?","M","M","E","R","E","T","?","M","M","E","M","R","B",null,"R","$","E","B",null],"character_chosen":"DEATH_KNIGHT","items_purchased":["Apotheosis","DeathKnight:FrosPresence","DeathKnight:Razorice","Membership Card","HornCleat","Panache","Anchor","Fruit Juice","Happy Flower","DeathKnight:SindragosasSkull","DeathKnight:PathOfFrost","DeathKnight:HowlingBlast","DeathKnight:PathOfFrost","Good Instincts","DeathKnight:IcyTouch","Pear","Bandage Up","Bandage Up+1","Chemical X","DeathKnight:UnholyAssault","Energy Potion","Oddly Smooth Stone","Bandage Up+1","DeathKnight:HowlingBlast","DeathKnight:BludPresence+1","Frozen Eye","Angel_Ring"],"campfire_rested":6,"item_purchase_floors":[0,0,0,0,0,0,0,0,0,0,0,0,0,0,14,14,14,30,30,30,30,53,53,53,53,53,53],"current_hp_per_floor":[25,9,9,9,9,33,33,33,33,33,30,30,30,40,40,42,78,82,88,88,88,90,90,90,90,90,90,90,78,78,87,90,89,90,90,90,90,90,90,90,90,89,89,89,90,90,53,64,90,89,90,90,90,90,90],"gold":591,"neow_bonus":"","is_daily":false,"chose_seed":false,"campfire_upgraded":1,"win_rate":0.0,"timestamp":1611461367,"path_taken":["M","?","M","?","?","R","E","?","T","E","?","?","R","$","R","BOSS","M","M","M","?","M","E","R","E","T","?","M","M","$","M","R","BOSS","M","?","?","M","M","E","R","E","T","?","M","M","E","M","R","BOSS","R","$","E","BOSS"],"items_purchased_type":["Card","Card","Card","Relic","Relic","Card","Relic","Potion","Relic","Relic","Card","Card","Card","Card","Card","Relic","Card","Card","Relic","Card","Potion","Relic","Card","Card","Card","Relic","Relic"],"build_version":"2020-12-22","purchased_purges":10,"victory":true,"max_hp_per_floor":[80,80,80,80,80,80,80,80,80,80,80,80,80,90,90,90,90,90,90,90,90,90,90,90,90,90,90,90,90,90,90,90,90,90,90,90,90,90,90,90,90,90,90,90,90,90,90,90,90,90,90,90,90,90,90],"card_choices":[{"not_picked":["DeathKnight:RunicCorruption","DeathKnight:FoulBulwark"],"picked":"DeathKnight:HowlingBlast","floor":1.0},{"not_picked":["DeathKnight:RaiseAlly","DeathKnight:BludPresence"],"picked":"DeathKnight:BladedArmor","floor":3.0},{"not_picked":["DeathKnight:RaiseAlly","DeathKnight:BloodTap"],"picked":"DeathKnight:Lichborne","floor":7.0},{"not_picked":["DeathKnight:DreadStrike","DeathKnight:UnholyAssault"],"picked":"DeathKnight:IceboundArmor","floor":8.0},{"not_picked":["DeathKnight:PillarOfFrost","DeathKnight:Runeguard","DeathKnight:Contagion+1"],"picked":"SKIP","floor":10.0},{"not_picked":["DeathKnight:Simulacrum","DeathKnight:UnholyExperiment"],"picked":"DeathKnight:Razorice","floor":16.0},{"not_picked":["DeathKnight:RaiseAlly+1","DeathKnight:HornOfWinter","DeathKnight:DeathStrike"],"picked":"SKIP","floor":18.0},{"not_picked":["DeathKnight:FesteringStrike+1","DeathKnight:DarkSuccor","DeathKnight:PlagueStrike"],"picked":"SKIP","floor":19.0},{"not_picked":["DeathKnight:UnholyPresence+1","DeathKnight:DeathCoil"],"picked":"DeathKnight:Hemostasis","floor":20.0},{"not_picked":["DeathKnight:BloodTap","DeathKnight:DeathAndDecay","DeathKnight:BloodEchoes+1"],"picked":"SKIP","floor":22.0},{"not_picked":["DeathKnight:WraithWalk+1","DeathKnight:RaiseAlly+1","DeathKnight:FesteringStrike"],"picked":"SKIP","floor":23.0},{"not_picked":["DeathKnight:DreadStrike+1","DeathKnight:Lichborne+1","DeathKnight:BloodPact+1"],"picked":"SKIP","floor":25.0},{"not_picked":["DeathKnight:RunicCorruption+1","DeathKnight:IceboundArmor+1"],"picked":"DeathKnight:BladedArmor+1","floor":28.0},{"not_picked":["DeathKnight:Culling","DeathKnight:HornOfWinter+1","DeathKnight:DeathRune+1"],"picked":"SKIP","floor":29.0},{"not_picked":["DeathKnight:IceboundArmor+1","DeathKnight:RaiseAlly+1","DeathKnight:DeathAndDecay+1"],"picked":"SKIP","floor":31.0},{"not_picked":["DeathKnight:RaiseAlly+1","DeathKnight:Culling+1"],"picked":"DeathKnight:FoulBulwark+1","floor":35.0},{"not_picked":["DeathKnight:DarkSuccor+1","DeathKnight:FesteringStrike+1","DeathKnight:ChainsOfIce+1"],"picked":"SKIP","floor":36.0},{"not_picked":["DeathKnight:Hemostasis+1","DeathKnight:UnholyAssault+1"],"picked":"DeathKnight:AntiMagicShell+1","floor":38.0},{"not_picked":["DeathKnight:BoneSpear","DeathKnight:MindFreeze+1"],"picked":"DeathKnight:IcyTouch+1","floor":39.0},{"not_picked":["DeathKnight:Rot","DeathKnight:Ossuary+1"],"picked":"DeathKnight:Hemostasis+1","floor":40.0},{"not_picked":["DeathKnight:Parry+1","DeathKnight:DeathsAdvance+1"],"picked":"DeathKnight:IcyTouch+1","floor":42.0},{"not_picked":["DeathKnight:UnholyFrenzy+1","DeathKnight:Outbreak+1","DeathKnight:ShatteringStrikes+1"],"picked":"SKIP","floor":45.0},{"not_picked":["DeathKnight:UnholyPresence+1","DeathKnight:DeathAndDecay+1","DeathKnight:DarkSuccor+1"],"picked":"SKIP","floor":46.0},{"not_picked":["DeathKnight:DeathAndDecay+1","DeathKnight:DeathStrike+1","DeathKnight:PlagueStrike+1"],"picked":"SKIP","floor":47.0},{"not_picked":["DeathKnight:Culling+1","DeathKnight:BoneSpear"],"picked":"DeathKnight:Hysteria+1","floor":48.0},{"not_picked":["DeathKnight:FesteringStrike+1","DeathKnight:DarkSuccor+1","DeathKnight:BoneShield+1"],"picked":"SKIP","floor":48.0},{"not_picked":["DeathKnight:ChainsOfIce+1","DeathKnight:Contagion+1"],"picked":"DeathKnight:Runesurge+1","floor":54}],"player_experience":1240948,"relics_obtained":[{"floor":7.0,"key":"Turnip"},{"floor":9.0,"key":"Frozen Egg 2"},{"floor":10.0,"key":"Kunai"},{"floor":23.0,"key":"Toxic Egg 2"},{"floor":25.0,"key":"Lantern"},{"floor":26.0,"key":"Calipers"},{"floor":40.0,"key":"Bottled Lightning"},{"floor":42.0,"key":"DeathKnight:JainasLocket"},{"floor":47.0,"key":"Prayer Wheel"},{"floor":54,"key":"Ice Cream"}],"event_choices":[{"damage_healed":0.0,"max_hp_gain":0.0,"max_hp_loss":0.0,"gold_gain":0.0,"event_name":"Shining Light","player_choice":"Entered Light","floor":2.0,"gold_loss":0.0,"damage_taken":16.0,"cards_upgraded":["DeathKnight:PathOfFrost","DeathKnight:PathOfFrost"]},{"damage_healed":0.0,"max_hp_gain":0.0,"max_hp_loss":0.0,"gold_gain":65.0,"event_name":"Golden Wing","player_choice":"Gained Gold","floor":4.0,"gold_loss":0.0,"damage_taken":0.0},{"damage_healed":0.0,"max_hp_gain":0.0,"max_hp_loss":0.0,"gold_gain":0.0,"event_name":"Golden Idol","player_choice":"Take Wound","floor":5.0,"gold_loss":0.0,"damage_taken":0.0,"relics_obtained":["Golden Idol"],"cards_obtained":["Injury"]},{"damage_healed":0.0,"max_hp_gain":0.0,"max_hp_loss":0.0,"gold_gain":0.0,"event_name":"Scrap Ooze","player_choice":"Success","floor":11.0,"gold_loss":0.0,"damage_taken":3.0,"relics_obtained":["Ornamental Fan"]},{"damage_healed":0.0,"max_hp_gain":0.0,"max_hp_loss":0.0,"gold_gain":0.0,"event_name":"The Woman in Blue","player_choice":"Bought 2 Potions","floor":12.0,"gold_loss":0.0,"damage_taken":0.0},{"damage_healed":0.0,"max_hp_gain":0.0,"max_hp_loss":0.0,"gold_gain":0.0,"event_name":"Ghosts","player_choice":"Ignored","floor":21.0,"gold_loss":0.0,"damage_taken":0.0},{"damage_healed":0.0,"max_hp_gain":0.0,"max_hp_loss":0.0,"gold_gain":275.0,"event_name":"Golden Shrine","player_choice":"Desecrate","floor":27.0,"gold_loss":0.0,"damage_taken":0.0,"cards_obtained":["Regret"]},{"cards_removed":["DeathKnight:RuneStrike"],"damage_healed":0.0,"max_hp_gain":0.0,"max_hp_loss":0.0,"gold_gain":0.0,"event_name":"Falling","player_choice":"Removed Attack","floor":37.0,"gold_loss":0.0,"damage_taken":0.0}],"is_beta":false,"boss_relics":[{"not_picked":["DeathKnight:ScourgeInsignia","Gem_Box"],"picked":"Fusion Hammer"},{"not_picked":["theSenshi:MoonKaleidoScopeRelic","Calling Bell"],"picked":"SlaversCollar"}],"items_purged_floors":[0,14,14,14,14,53,53,53,53,53],"is_endless":false,"potions_floor_spawned":[1,3,16,23,28,31,33,35,39,42,45,47],"ascension_level":8}}