{"host":"mydft8i2zzydgggw","time":1611448406,"event":{"mods":["AchievementEnabler","BaseMod","BetterRewards","Colored Map","Colored Powertips","DeckTracker","Keyboard Shortcuts","Minty Spire (QoL Compilation)","Rare Cards Sparkle","StSLib","SuperFastMode","everything is the same but u backflip on backflip"],"gold_per_floor":[117,135,210,60,60,95,110,110,165,196,211,111,121,146,146,225,225,212,232,249,17,34,69,69,79,133,133,133],"floor_reached":27,"language":"KOR","playtime":593,"items_purged":["Strike_B","Defend_B"],"score":487,"play_id":"12f6ba8f-6b73-42e1-b7a5-bef9be6e0240","local_time":"20210124093326","is_ascension_mode":true,"campfire_choices":[{"data":"Buffer","floor":8,"key":"SMITH"},{"data":"Defragment","floor":15,"key":"SMITH"},{"floor":24,"key":"REST"}],"circlet_count":0,"master_deck":["AscendersBane","Strike_B","Strike_B","Strike_B","Defend_B","Defend_B","Zap","Dualcast","Streamline","Leap","Defragment+1","Buffer+1","Glacier","Buffer","Undo","Chill","Echo Form","Compile Driver","Storm","Stack","Core Surge","Loop","Force Field","Turbo"],"relics":["Cracked Core","NeowsBlessing","Happy Flower","Bag of Marbles","Bronze Scales","Odd Mushroom","Inserter","Dream Catcher","Smiling Mask"],"acts_visited":["Exordium","TheCity"],"potions_floor_usage":[16,18,23,25,25],"damage_taken":[{"damage":0,"enemies":"Cultist","floor":1,"turns":1},{"damage":0,"enemies":"Small Slimes","floor":2,"turns":1},{"damage":0,"enemies":"3 Sentries","floor":6,"turns":1},{"damage":0,"enemies":"2 Louse","floor":7,"turns":2},{"damage":0,"enemies":"Gremlin Nob","floor":10,"turns":4},{"damage":7,"enemies":"Exordium Thugs","floor":11,"turns":5},{"damage":1,"enemies":"2 Fungi Beasts","floor":13,"turns":3},{"damage":9,"enemies":"The Mushroom Lair","floor":14,"turns":4},{"damage":2,"enemies":"Slime Boss","floor":16,"turns":13},{"damage":6,"enemies":"2 Thieves","floor":18,"turns":5},{"damage":0,"enemies":"3 Byrds","floor":19,"turns":3},{"damage":15,"enemies":"Centurion and Healer","floor":20,"turns":8},{"damage":0,"enemies":"Sentry and Sphere","floor":22,"turns":5},{"damage":34,"enemies":"Slavers","floor":23,"turns":8},{"damage":6,"enemies":"Snake Plant","floor":25,"turns":4},{"damage":38,"enemies":"Book of Stabbing","floor":27,"turns":3}],"seed_played":"6970292699433157983","potions_obtained":[{"floor":11,"key":"LiquidBronze"},{"floor":13,"key":"Fire Potion"},{"floor":16,"key":"PowerPotion"},{"floor":18,"key":"Explosive Potion"},{"floor":22,"key":"Swift Potion"},{"floor":23,"key":"Weak Potion"}],"is_trial":false,"path_per_floor":["M","M","?","$","?","E","M","R","T","E","M","$","M","?","R","B",null,"M","M","M","$","M","E","R","M","T","E"],"character_chosen":"DEFECT","items_purchased":["Defragment","Core Surge","Loop"],"campfire_rested":1,"item_purchase_floors":[4,21,21],"current_hp_per_floor":[68,68,57,57,57,57,57,57,57,57,50,50,49,40,40,38,66,60,60,45,45,45,11,33,27,27,0,0],"gold":133,"neow_bonus":"THREE_ENEMY_KILL","is_daily":false,"chose_seed":false,"campfire_upgraded":2,"win_rate":0.0,"timestamp":1611448406,"path_taken":["M","M","?","$","?","E","?","R","T","E","M","?","M","?","R","BOSS","M","M","M","$","M","E","R","M","T","E"],"items_purchased_type":["Card","Card","Card"],"build_version":"2020-12-22","purchased_purges":2,"victory":false,"max_hp_per_floor":[75,75,75,75,75,75,75,75,75,75,75,75,75,75,75,75,75,75,75,75,75,75,75,75,75,75,75,75],"card_choices":[{"not_picked":["BootSequence","Cold Snap"],"picked":"Streamline","floor":1},{"not_picked":["Streamline","Go for the Eyes"],"picked":"Leap","floor":2},{"not_picked":["Stack","Melter"],"picked":"Buffer","floor":6},{"not_picked":["Leap","Ball Lightning","Steam"],"picked":"SKIP","floor":7},{"not_picked":["Compile Driver","Double Energy"],"picked":"Glacier","floor":10},{"not_picked":["Cold Snap","Auto Shields"],"picked":"Buffer","floor":11},{"not_picked":["Gash","Recycle"],"picked":"Undo","floor":13},{"not_picked":["Stack","Hello World"],"picked":"Chill","floor":14},{"not_picked":["Rainbow","Reboot"],"picked":"Echo Form","floor":16},{"not_picked":["Stack","Turbo"],"picked":"Compile Driver","floor":18},{"not_picked":["Tempest","Ball Lightning"],"picked":"Storm","floor":19},{"not_picked":["Genetic Algorithm","Reprogram"],"picked":"Stack","floor":20},{"not_picked":["Tempest+1","Recycle"],"picked":"Force Field","floor":22},{"not_picked":["Rebound","Reprogram","Redo"],"picked":"SKIP","floor":23},{"not_picked":["Hello World","Sweeping Beam"],"picked":"Turbo","floor":25}],"player_experience":203265,"relics_obtained":[{"floor":6,"key":"Happy Flower"},{"floor":9,"key":"Bag of Marbles"},{"floor":10,"key":"Bronze Scales"},{"floor":14,"key":"Odd Mushroom"},{"floor":23,"key":"Dream Catcher"},{"floor":26,"key":"Smiling Mask"}],"event_choices":[{"damage_healed":0,"gold_gain":75,"player_choice":"Gather Gold","damage_taken":11,"max_hp_gain":0,"max_hp_loss":0,"event_name":"World of Goop","floor":3,"gold_loss":0},{"cards_removed":["Defend_B"],"damage_healed":0,"gold_gain":0,"player_choice":"Purged","damage_taken":0,"max_hp_gain":0,"max_hp_loss":0,"event_name":"Purifier","floor":5,"gold_loss":0},{"damage_healed":0,"gold_gain":0,"player_choice":"Fought Mushrooms","damage_taken":0,"max_hp_gain":0,"max_hp_loss":0,"event_name":"Mushrooms","floor":14,"gold_loss":0}],"is_beta":false,"boss_relics":[{"not_picked":["Tiny House","Empty Cage"],"picked":"Inserter"}],"items_purged_floors":[4,12],"is_endless":false,"potions_floor_spawned":[11,13,16,18,22,23],"killed_by":"Book of Stabbing","ascension_level":13}}