{"host":"yy44renf238qc8xc","time":1611455285,"event":{"mods":["BaseMod","Downfall","Minty Spire (QoL Compilation)","StSLib"],"gold_per_floor":[117,117,93,93,93,121,133,133,182,182,182,214,231,241,241,339,339,353,367,367,380,380,380,380],"floor_reached":23,"language":"ENG","playtime":5020,"items_purged":[],"score":249,"play_id":"116deecb-5349-489c-8ab3-e523f21e85e4","local_time":"20210123212805","is_ascension_mode":false,"campfire_choices":[{"data":"Whirlwind","floor":10,"key":"SMITH"},{"data":"Bash","floor":15,"key":"SMITH"}],"circlet_count":0,"master_deck":["Strike_R","Strike_R+1","Strike_R","Strike_R","Defend_R","Defend_R","Defend_R","Defend_R","Bash+1","Thunderclap","Flex+1","Spot Weakness","Whirlwind+1","Dropkick","Heavy Blade","Dark Embrace","Offering","Burning Pact+1","Reckless Charge","Rupture+1"],"relics":["Burning Blood","Anchor","Strawberry","Blood Vial","Omamori","Mummified Hand","Black Star","Enchiridion"],"acts_visited":["Exordium","TheCity"],"potions_floor_usage":[6,14,16,21,23],"damage_taken":[{"damage":8,"enemies":"2 Louse","floor":1,"turns":2},{"damage":18,"enemies":"3 Sentries","floor":6,"turns":8},{"damage":1,"enemies":"Jaw Worm","floor":7,"turns":2},{"damage":14,"enemies":"Gremlin Nob","floor":12,"turns":3},{"damage":0,"enemies":"Small Slimes","floor":13,"turns":2},{"damage":0,"enemies":"Blue Slaver","floor":14,"turns":2},{"damage":0,"enemies":"Slime Boss","floor":16,"turns":4},{"damage":11,"enemies":"3 Byrds","floor":18,"turns":4},{"damage":36,"enemies":"Spheric Guardian","floor":19,"turns":4},{"damage":23,"enemies":"Snake Plant","floor":21,"turns":3},{"damage":25,"enemies":"Snecko","floor":23,"turns":3}],"seed_played":"1339327474013837944","potions_obtained":[{"floor":0.0,"key":"Ancient Potion"},{"floor":0.0,"key":"HeartOfIron"},{"floor":0.0,"key":"Weak Potion"},{"floor":7,"key":"FearPotion"},{"floor":13,"key":"Fire Potion"},{"floor":21,"key":"ColorlessPotion"}],"is_trial":false,"path_per_floor":["M","?","$","$","?","E","M","$","T","R","?","E","M","M","R","B",null,"M","M","?","M","?","M"],"character_chosen":"IRONCLAD","items_purchased":["Flex"],"campfire_rested":0,"item_purchase_floors":[3],"current_hp_per_floor":[78,71,71,71,55,50,55,55,55,55,55,49,57,65,65,73,87,82,54,38,23,23,0,0],"gold":380,"neow_bonus":"THREE_SMALL_POTIONS","is_daily":false,"chose_seed":false,"campfire_upgraded":2,"win_rate":0.0,"timestamp":1611455285,"path_taken":["M","?","?","$","?","E","M","?","T","R","?","E","M","?","R","BOSS","M","M","?","M","?","M"],"items_purchased_type":["Card"],"build_version":"2020-12-22","purchased_purges":0,"victory":false,"max_hp_per_floor":[80,80,80,80,80,87,87,87,87,87,87,87,87,87,87,87,87,87,87,87,87,87,87,87],"card_choices":[{"not_picked":["Headbutt","Body Slam"],"picked":"Thunderclap","floor":1},{"not_picked":["Warcry","Perfected Strike"],"picked":"Spot Weakness","floor":6},{"not_picked":["Havoc","Perfected Strike"],"picked":"Whirlwind","floor":7},{"not_picked":["Warcry","Whirlwind"],"picked":"Dropkick","floor":12},{"not_picked":["Dual Wield","Shrug It Off"],"picked":"Heavy Blade","floor":13},{"not_picked":["Pommel Strike","Hemokinesis"],"picked":"Dark Embrace","floor":14},{"not_picked":["Brutality","Immolate"],"picked":"Offering","floor":16},{"not_picked":["Havoc+1","Wild Strike"],"picked":"Burning Pact+1","floor":18},{"not_picked":["Heavy Blade","Perfected Strike"],"picked":"Reckless Charge","floor":19},{"not_picked":["Clothesline+1","Uppercut"],"picked":"Rupture+1","floor":21}],"player_experience":325022,"relics_obtained":[{"floor":6,"key":"Strawberry"},{"floor":9,"key":"Blood Vial"},{"floor":12,"key":"Mummified Hand"},{"floor":20,"key":"Enchiridion"}],"event_choices":[{"damage_healed":0,"gold_gain":0,"player_choice":"Success","damage_taken":7,"relics_obtained":["Anchor"],"max_hp_gain":0,"max_hp_loss":0,"event_name":"Scrap Ooze","floor":2,"gold_loss":0},{"damage_healed":0,"gold_gain":0,"player_choice":"Entered Light","damage_taken":16,"max_hp_gain":0,"max_hp_loss":0,"event_name":"Shining Light","floor":5,"gold_loss":0,"cards_upgraded":["Flex","Strike_R"]},{"damage_healed":0,"gold_gain":0,"player_choice":"Searched \u00271\u0027 times","damage_taken":0,"relics_obtained":["Omamori"],"max_hp_gain":0,"max_hp_loss":0,"event_name":"Dead Adventurer","floor":11,"gold_loss":0},{"damage_healed":0,"gold_gain":0,"player_choice":"Obtained Book","damage_taken":16,"max_hp_gain":0,"max_hp_loss":0,"event_name":"Cursed Tome","floor":20,"gold_loss":0},{"cards_removed":["Strike_R"],"damage_healed":0,"gold_gain":0,"player_choice":"Purged","damage_taken":0,"max_hp_gain":0,"max_hp_loss":0,"event_name":"Purifier","floor":22,"gold_loss":0}],"is_beta":false,"boss_relics":[{"not_picked":["Runic Cube","SacredBark"],"picked":"Black Star"}],"items_purged_floors":[],"is_endless":false,"potions_floor_spawned":[7,13,21],"killed_by":"Snecko","ascension_level":0}}