{"host":"tfkz8stxzb1up54p","time":1611532277,"event":{"mods":["AchievementEnabler","BaseMod","Better Note","Block Reminder","Colored Powertips","Curses Come First","Disable Question Mark Monsters","Displayed Cursed Tome","Emptier Cage","Gold Saver","Gremlin Skip","Halation","Highlight Path","Minty Spire (QoL Compilation)","Permanent Neow","Poor People Problems","Relic Filter Mod","Replay The Spire","StSLib"],"gold_per_floor":[999,319,319,394,413,413,440,459,527,158,170,170,170],"floor_reached":12,"language":"ENG","playtime":685,"items_purged":["ReplayTheSpireMod:Repulse","ReplayTheSpireMod:Repulse"],"score":78,"play_id":"03160c6b-ad0d-42fc-a2f1-99bcf64ee213","local_time":"20210124235117","daily_mods":["Specialized","Time Dilation","Binary"],"is_ascension_mode":false,"campfire_choices":[{"data":"Self Repair","floor":6,"key":"SMITH"}],"circlet_count":0,"master_deck":["Strike_B","Strike_B","Strike_B","Strike_B","Defend_B","Defend_B","Defend_B","Defend_B","Zap","Dualcast","ReplayTheSpireMod:Repulse","ReplayTheSpireMod:Repulse","ReplayTheSpireMod:Repulse+1","ReplaySolidLightProjector","Self Repair+1","Fusion+1","Double Energy","Sunder","Barrage","Thinking Ahead","Melter","Steam","Heatsinks","ReplayTheSpireMod:Private Reserves"],"relics":["Cracked Core","BargainBundle","Replay:Rubber Ducky","Replay:WaspNest","Regal Pillow","Gremlin Horn","halation:Jellyphish","Ice Cream"],"acts_visited":["Exordium"],"potions_floor_usage":[7,7,7,7,12,12,12],"damage_taken":[{"damage":10,"enemies":"Small Slimes","floor":1,"turns":3},{"damage":0,"enemies":"2 Louse","floor":5,"turns":2},{"damage":7,"enemies":"Lagavulin","floor":7,"turns":6},{"damage":11,"enemies":"Jaw Worm","floor":8,"turns":2},{"damage":19,"enemies":"Blue Slaver","floor":11,"turns":3},{"damage":22,"enemies":"Gremlin Nob","floor":12,"turns":3}],"seed_played":"2149220228695032001","potions_obtained":[{"floor":1,"key":"Fire Potion"},{"floor":5,"key":"Dexterity Potion"},{"floor":11,"key":"PotionOfCapacity"}],"is_trial":true,"path_per_floor":["M","$","?","?","M","R","E","M","T","$","M","E"],"character_chosen":"DEFECT","items_purchased":["BargainBundle","Replay:Rubber Ducky","Replay:WaspNest","EntropicBrew","AttackPotion","Self Repair","Fusion","Double Energy","Sunder","Barrage","Thinking Ahead","Heatsinks","halation:Jellyphish","ReplayTheSpireMod:Private Reserves"],"campfire_rested":0,"item_purchase_floors":[2,2,2,2,2,2,2,2,2,2,2,10,10,10],"current_hp_per_floor":[65,65,50,39,39,39,42,31,31,31,12,0,0],"gold":170,"neow_bonus":"","is_daily":false,"chose_seed":false,"campfire_upgraded":1,"win_rate":0.0,"timestamp":1611532277,"path_taken":["M","$","?","?","M","R","E","M","T","$","M","E"],"items_purchased_type":["Relic","Relic","Relic","Potion","Potion","Card","Card","Card","Card","Card","Card","Card","Relic","Card"],"build_version":"2020-12-22","purchased_purges":2,"victory":false,"max_hp_per_floor":[75,75,75,75,75,75,75,75,75,75,75,75,75],"card_choices":[{"not_picked":["Hologram"],"picked":"ReplaySolidLightProjector","floor":1},{"not_picked":["Consume","Panic Button"],"picked":"SKIP","floor":5},{"not_picked":["Sweeping Beam"],"picked":"Melter","floor":7},{"not_picked":["BasicCrystalCard"],"picked":"Steam","floor":8},{"not_picked":["BasicCrystalCard","Coolheaded"],"picked":"SKIP","floor":11}],"player_experience":1366521,"relics_obtained":[{"floor":7,"key":"Regal Pillow"},{"floor":9,"key":"Gremlin Horn"}],"event_choices":[{"damage_healed":0,"gold_gain":0,"player_choice":"Entered Light","damage_taken":15,"max_hp_gain":0,"max_hp_loss":0,"event_name":"Shining Light","floor":3,"gold_loss":0,"cards_upgraded":["Fusion","ReplayTheSpireMod:Repulse"]},{"damage_healed":0,"gold_gain":75,"player_choice":"Gather Gold","damage_taken":11,"max_hp_gain":0,"max_hp_loss":0,"event_name":"World of Goop","floor":4,"gold_loss":0}],"is_beta":false,"boss_relics":[],"items_purged_floors":[2,10],"is_endless":false,"potions_floor_spawned":[1,5,11],"killed_by":"Gremlin Nob","ascension_level":0}}