{"host":"0s686iw3hprdrk8c","time":1611466191,"event":{"mods":["BaseMod","Bestiary","Downfall","Marisa????????","Minty Spire (QoL Compilation)","Replay The Spire","StSLib","The Hierophant"],"gold_per_floor":[110,24,24,24,37,73,73,109,109,164,197,17,17,77,77,222,222,266,266],"floor_reached":18,"language":"ENG","playtime":1286,"items_purged":[],"score":187,"play_id":"981e5bbd-7541-423f-9ee2-1d14a902865d","local_time":"20210124002951","is_ascension_mode":false,"campfire_choices":[{"floor":7,"key":"RECALL"},{"floor":15,"key":"REST"}],"circlet_count":0,"master_deck":["Strike_MRS","Strike_MRS","Strike_MRS","Strike_MRS","Defend_MRS","Defend_MRS","Defend_MRS","Defend_MRS","MasterSpark","UpSweep","MilkyWay","WitchOfGreed","WitchOfGreed","MysteriousBeam","Injury","Hallucinations","Occultation","PowerUp","DoubleSpark","ReplayTheSpireMod:Splinters","GalacticHalo","GravityBeat","ChargeUpSpray","FairyDestructionRay","StarDustReverie"],"relics":["MiniHakkero","NeowsBlessing","Golden Idol","Ring of Searing","Ring of Hypnosis","Peace Pipe","Replay:Towering Pillar of Hats","Replay:Bottled Steam","Pet Ghost","Pocketwatch","Black Star"],"acts_visited":["Exordium","TheCity"],"potions_floor_usage":[11,16,16,16],"damage_taken":[{"damage":0,"enemies":"Cultist","floor":1,"turns":1},{"damage":0,"enemies":"2 Louse","floor":5,"turns":1},{"damage":0,"enemies":"Replay:BlueRogue","floor":6,"turns":1},{"damage":17,"enemies":"Jaw Worm","floor":8,"turns":3},{"damage":5,"enemies":"2 Fungi Beasts","floor":11,"turns":3},{"damage":6,"enemies":"Blue Slaver","floor":14,"turns":3},{"damage":22,"enemies":"The Guardian","floor":16,"turns":6},{"damage":34,"enemies":"Shell Parasite","floor":18,"turns":6}],"seed_played":"-677731167425033344","potions_obtained":[{"floor":5,"key":"SteroidPotion"},{"floor":8,"key":"Strength Potion"},{"floor":10,"key":"Languid Potion"},{"floor":11,"key":"BottledSpark"},{"floor":11,"key":"PowerPotion"},{"floor":14,"key":"AttackPotion"},{"floor":16,"key":"FearPotion"},{"floor":18,"key":"Venom Potion"},{"floor":18,"key":"Slimebound:ThreeZeroPotion"}],"is_trial":false,"path_per_floor":["M","$","?","?","M","E","R","M","T","?","M","$","?","M","R","B",null,"M"],"character_chosen":"MARISA","items_purchased":["WitchOfGreed","MysteriousBeam","Pet Ghost","ChargeUpSpray"],"campfire_rested":1,"item_purchase_floors":[2,2,12,12],"current_hp_per_floor":[75,75,75,75,75,75,75,58,58,58,53,53,28,22,44,22,75,41,41],"gold":266,"neow_bonus":"THREE_ENEMY_KILL","is_daily":false,"chose_seed":false,"campfire_upgraded":0,"win_rate":0.0,"timestamp":1611466191,"path_taken":["M","$","?","?","M","E","R","M","T","?","M","?","?","M","R","BOSS","M"],"items_purchased_type":["Card","Card","Relic","Card"],"build_version":"2020-12-22","purchased_purges":0,"victory":false,"max_hp_per_floor":[75,75,75,75,75,75,75,75,75,75,75,75,75,75,75,75,75,75,75],"card_choices":[{"not_picked":["WitchLeyline","ChargingUp"],"picked":"MilkyWay","floor":1},{"not_picked":["Orbital","ManaConvection"],"picked":"Occultation","floor":5},{"not_picked":["DC","EventHorizon"],"picked":"PowerUp","floor":6},{"not_picked":["Orbital","Acceleration"],"picked":"DoubleSpark","floor":8},{"not_picked":["DarkSpark","DeepEcoloBomb"],"picked":"GalacticHalo","floor":10},{"not_picked":["ChargingUp","GrandCross"],"picked":"GravityBeat","floor":11},{"not_picked":["MilkyWay","CollectingQuirk"],"picked":"FairyDestructionRay","floor":14},{"not_picked":["AbsoluteMagnitude","SuperNova"],"picked":"StarDustReverie","floor":16}],"player_experience":226368,"relics_obtained":[{"floor":4,"key":"Ring of Searing"},{"floor":4,"key":"Ring of Hypnosis"},{"floor":6,"key":"Peace Pipe"},{"floor":9,"key":"Replay:Towering Pillar of Hats"},{"floor":10,"key":"Replay:Bottled Steam"}],"event_choices":[{"damage_healed":0,"gold_gain":0,"player_choice":"Take Wound","damage_taken":0,"relics_obtained":["Golden Idol"],"max_hp_gain":0,"max_hp_loss":0,"event_name":"Golden Idol","floor":3,"gold_loss":0,"cards_obtained":["Injury"]},{"damage_healed":0,"gold_gain":0,"player_choice":"Success","damage_taken":25,"relics_obtained":["Pocketwatch"],"max_hp_gain":0,"max_hp_loss":0,"event_name":"Scrap Ooze","floor":13,"gold_loss":0}],"is_beta":false,"boss_relics":[{"not_picked":["Runic Pyramid","Coffee Dripper"],"picked":"Black Star"}],"items_purged_floors":[],"is_endless":false,"potions_floor_spawned":[5,11,14,16,18],"killed_by":"Shell Parasite","ascension_level":0}}