{"host":"3h5qf14xt40jhha0","time":1611470894,"event":{"mods":["AlwaysNeverKeys","BaseMod","Colored Powertips","Minty Spire (QoL Compilation)","Permanent Neow","Relic Stats","StSLib"],"gold_per_floor":[110,110,120,132,146,178,178,210,210,240,22,53,53,68,68,146,146,165,177,188,206,206,241,241,273,296,322,160,160,194,223,223,300,300,310,310,325,342,51,51,80,92,157,169,212,239,285,310,322,334,346,358,370,39,71,71],"floor_reached":57,"language":"ENG","playtime":3256,"items_purged":["Regret"],"score":3361,"play_id":"8ee2ffb5-66fc-46df-aad1-c8751b2afadc","local_time":"20210124014814","is_ascension_mode":true,"campfire_choices":[{"floor":7.0,"key":"REST"},{"data":"Blade Dance","floor":15.0,"key":"SMITH"},{"data":"Finisher","floor":29.0,"key":"SMITH"},{"data":"Neutralize","floor":32.0,"key":"SMITH"},{"floor":40.0,"key":"DIG"},{"floor":42.0,"key":"RECALL"},{"floor":44.0,"key":"REST"},{"floor":49.0,"key":"DIG"},{"floor":53.0,"key":"DIG"}],"circlet_count":0,"master_deck":["AscendersBane","Strike_G","Strike_G","Strike_G","Strike_G","Strike_G","Defend_G","Defend_G+1","Defend_G","Defend_G","Defend_G","Survivor","Neutralize+1","Dash","Acrobatics","Dagger Throw","Finisher+1","Glass Knife","Leg Sweep","Blade Dance+1","Terror+1","After Image","Blade Dance+1","Blade Dance+1","Reflex","Cloak And Dagger+1","Blade Dance","PiercingWail+1","Adrenaline","Parasite","Prepared+1","Backflip","PiercingWail","After Image","Blur","Burst"],"relics":["Cursed Key","WarpedTongs","Omamori","WingedGreaves","Matryoshka","Shuriken","Sling","Orichalcum","HoveringKite","InkBottle","Meat on the Bone","Centennial Puzzle","Blood Vial","Lee\u0027s Waffle","Pantograph","Dream Catcher","Black Star","Ninja Scroll","Shovel","Membership Card","Potion Belt","Unceasing Top","Pen Nib","MawBank","Akabeko","Nunchaku","War Paint","Lizard Tail","Thread and Needle","Bottled Lightning","Letter Opener","DollysMirror","Oddly Smooth Stone","Boot","Turnip","Bronze Scales"],"acts_visited":["Exordium","TheCity","TheBeyond","TheEnding"],"potions_floor_usage":[56,56,56],"damage_taken":[{"damage":4.0,"enemies":"Small Slimes","floor":1.0,"turns":5.0},{"damage":12.0,"enemies":"Cultist","floor":3.0,"turns":5.0},{"damage":2.0,"enemies":"2 Louse","floor":4.0,"turns":4.0},{"damage":13.0,"enemies":"Red Slaver","floor":5.0,"turns":5.0},{"damage":4.0,"enemies":"Lagavulin","floor":6.0,"turns":8.0},{"damage":3.0,"enemies":"3 Sentries","floor":8.0,"turns":6.0},{"damage":19.0,"enemies":"Lagavulin","floor":10.0,"turns":6.0},{"damage":13.0,"enemies":"Gremlin Nob","floor":12.0,"turns":3.0},{"damage":0.0,"enemies":"Looter","floor":14.0,"turns":1.0},{"damage":6.0,"enemies":"Hexaghost","floor":16.0,"turns":6.0},{"damage":0.0,"enemies":"3 Byrds","floor":18.0,"turns":4.0},{"damage":10.0,"enemies":"Chosen","floor":19.0,"turns":5.0},{"damage":2.0,"enemies":"Centurion and Healer","floor":20.0,"turns":5.0},{"damage":0.0,"enemies":"Shelled Parasite and Fungi","floor":21.0,"turns":2.0},{"damage":3.0,"enemies":"Book of Stabbing","floor":23.0,"turns":2.0},{"damage":0.0,"enemies":"Slavers","floor":25.0,"turns":3.0},{"damage":0.0,"enemies":"Gremlin Leader","floor":27.0,"turns":4.0},{"damage":0.0,"enemies":"Book of Stabbing","floor":30.0,"turns":2.0},{"damage":1.0,"enemies":"Slavers","floor":31.0,"turns":2.0},{"damage":14.0,"enemies":"Automaton","floor":33.0,"turns":7.0},{"damage":0.0,"enemies":"Orb Walker","floor":35.0,"turns":2.0},{"damage":10.0,"enemies":"3 Darklings","floor":37.0,"turns":4.0},{"damage":11.0,"enemies":"4 Shapes","floor":38.0,"turns":15.0},{"damage":17.0,"enemies":"Reptomancer","floor":41.0,"turns":4.0},{"damage":0.0,"enemies":"Nemesis","floor":45.0,"turns":3.0},{"damage":0.0,"enemies":"Sphere and 2 Shapes","floor":46.0,"turns":2.0},{"damage":0.0,"enemies":"Reptomancer","floor":47.0,"turns":2.0},{"damage":0.0,"enemies":"3 Darklings","floor":48.0,"turns":2.0},{"damage":50.0,"enemies":"Time Eater","floor":50.0,"turns":9.0},{"damage":9.0,"enemies":"Donu and Deca","floor":51.0,"turns":4.0},{"damage":0.0,"enemies":"Shield and Spear","floor":55.0,"turns":3.0},{"damage":50,"enemies":"The Heart","floor":56,"turns":8}],"seed_played":"5192366403808607697","potions_obtained":[{"floor":1.0,"key":"ColorlessPotion"},{"floor":4.0,"key":"CunningPotion"},{"floor":5.0,"key":"BlessingOfTheForge"},{"floor":14.0,"key":"SteroidPotion"},{"floor":16.0,"key":"Poison Potion"},{"floor":19.0,"key":"AttackPotion"},{"floor":25.0,"key":"ColorlessPotion"},{"floor":31.0,"key":"Ancient Potion"},{"floor":45.0,"key":"Weak Potion"},{"floor":46.0,"key":"AttackPotion"},{"floor":47.0,"key":"GamblersBrew"}],"is_trial":false,"path_per_floor":["M","?","M","M","M","E","R","E","T","E","$","E","?","M","R","B",null,"M","M","M","M","?","E","?","E","T","E","$","R","E","E","R","B",null,"M","T","M","M","$","R","E","R","T","R","E","M","E","M","R","B","B",null,"R","$","E","B",null],"character_chosen":"THE_SILENT","items_purchased":["Sling","Blade Dance","Lee\u0027s Waffle","Membership Card","Potion Belt","DollysMirror","Oddly Smooth Stone","Blur","DuplicationPotion","Boot"],"campfire_rested":2,"item_purchase_floors":[11,11,28,39,39,54,54,54,54,54],"current_hp_per_floor":[55,55,43,41,28,24,43,40,40,21,21,8,8,8,8,2,50,50,40,38,38,38,35,35,35,35,35,73,73,73,72,72,59,70,72,72,63,54,54,54,39,39,39,60,62,64,66,68,68,35,53,68,68,68,70,35],"gold":71,"neow_bonus":"BOSS_RELIC","is_daily":false,"chose_seed":false,"campfire_upgraded":3,"win_rate":0.0,"timestamp":1611470894,"path_taken":["M","?","M","M","?","E","R","E","T","E","$","E","?","M","R","BOSS","M","M","?","M","?","E","?","E","T","E","$","R","E","E","R","BOSS","M","?","M","M","$","R","E","R","T","R","E","M","E","M","R","BOSS","BOSS","R","$","E","BOSS"],"items_purchased_type":["Relic","Card","Relic","Relic","Relic","Relic","Relic","Card","Potion","Relic"],"build_version":"2020-12-22","purchased_purges":1,"victory":true,"max_hp_per_floor":[66,66,66,66,66,66,66,66,66,66,66,66,66,66,66,66,66,66,66,66,66,66,66,66,66,66,66,73,73,73,73,73,73,73,73,73,73,73,73,73,73,73,73,73,73,73,73,73,73,73,73,73,73,73,73,73],"relic_stats":{"HoveringKite":[42],"Cursed Key":4,"Boot":[2],"Blood Vial":19,"Centennial Puzzle":[24],"Dream Catcher":1,"Nunchaku":[18],"Lizard Tail":0,"Shovel":3,"Pantograph":34,"InkBottle":[60],"Lee\u0027s Waffle":38,"counters":[32,143],"Pen Nib":[20],"Letter Opener":[55],"Orichalcum":[102],"War Paint":["Defend_G","Terror"],"MawBank":156,"WarpedTongs":[136],"Shuriken":[131],"Bronze Scales":[96],"Turnip":[2],"Black Star":4,"obtain_stats":[{"HoveringKite":17,"Cursed Key":0,"Sling":11,"Boot":54,"Blood Vial":27,"Centennial Puzzle":26,"Dream Catcher":31,"Nunchaku":45,"Lizard Tail":47,"Matryoshka":9,"Shovel":36,"Ninja Scroll":36,"DollysMirror":54,"Pantograph":30,"WingedGreaves":8,"InkBottle":23,"Ring of the Snake":0,"Potion Belt":39,"Lee\u0027s Waffle":28,"Oddly Smooth Stone":54,"Thread and Needle":47,"Pen Nib":41,"Omamori":6,"Letter Opener":53,"Orichalcum":12,"War Paint":45,"MawBank":41,"Akabeko":43,"WarpedTongs":2,"Shuriken":10,"Bronze Scales":55,"Turnip":55,"Black Star":34,"Membership Card":39,"Bottled Lightning":49,"Unceasing Top":40,"Meat on the Bone":25},{"HoveringKite":10,"Cursed Key":0,"Sling":7,"Boot":30,"Blood Vial":17,"Centennial Puzzle":16,"Dream Catcher":19,"Nunchaku":25,"Lizard Tail":27,"Matryoshka":6,"Shovel":21,"Ninja Scroll":21,"DollysMirror":30,"Pantograph":18,"WingedGreaves":6,"InkBottle":15,"Ring of the Snake":0,"Potion Belt":23,"Lee\u0027s Waffle":17,"Oddly Smooth Stone":30,"Thread and Needle":27,"Pen Nib":24,"Omamori":5,"Letter Opener":30,"Orichalcum":8,"War Paint":25,"MawBank":24,"Akabeko":24,"WarpedTongs":1,"Shuriken":7,"Bronze Scales":31,"Turnip":31,"Black Star":20,"Membership Card":23,"Bottled Lightning":28,"Unceasing Top":23,"Meat on the Bone":16},{"HoveringKite":49,"Cursed Key":0,"Sling":39,"Boot":132,"Blood Vial":74,"Centennial Puzzle":70,"Dream Catcher":78,"Nunchaku":113,"Lizard Tail":117,"Matryoshka":33,"Shovel":87,"Ninja Scroll":87,"DollysMirror":132,"Pantograph":76,"WingedGreaves":33,"InkBottle":67,"Ring of the Snake":0,"Potion Belt":106,"Lee\u0027s Waffle":74,"Oddly Smooth Stone":132,"Thread and Needle":117,"Pen Nib":110,"Omamori":27,"Letter Opener":132,"Orichalcum":42,"War Paint":113,"MawBank":110,"Akabeko":110,"WarpedTongs":5,"Shuriken":39,"Bronze Scales":135,"Turnip":135,"Black Star":85,"Membership Card":106,"Bottled Lightning":119,"Unceasing Top":106,"Meat on the Bone":70}],"Unceasing Top":[7],"Meat on the Bone":24},"card_choices":[{"not_picked":["Well Laid Plans","Deflect"],"picked":"Dash","floor":1.0},{"not_picked":["Quick Slash","Sucker Punch"],"picked":"Acrobatics","floor":3.0},{"not_picked":["Outmaneuver","Flying Knee"],"picked":"Dagger Throw","floor":4.0},{"not_picked":["PiercingWail","Quick Slash","Accuracy"],"picked":"SKIP","floor":5.0},{"not_picked":["Flying Knee","Cloak And Dagger"],"picked":"Finisher","floor":6.0},{"not_picked":["Bane","Masterful Stab"],"picked":"Glass Knife","floor":8.0},{"not_picked":["Dodge and Roll","Well Laid Plans"],"picked":"Leg Sweep","floor":10.0},{"not_picked":["Well Laid Plans","Flying Knee","Sucker Punch"],"picked":"SKIP","floor":12.0},{"not_picked":["Outmaneuver","Blade Dance"],"picked":"Terror","floor":14.0},{"not_picked":["Venomology","Unload"],"picked":"After Image","floor":16.0},{"not_picked":["Tactician","Outmaneuver","Flying Knee"],"picked":"SKIP","floor":18.0},{"not_picked":["Deflect","Well Laid Plans","PiercingWail"],"picked":"SKIP","floor":19.0},{"not_picked":["Blur","Poisoned Stab","Dodge and Roll"],"picked":"SKIP","floor":20.0},{"not_picked":["PiercingWail","All Out Attack+1"],"picked":"Blade Dance+1","floor":21.0},{"not_picked":["Leg Sweep","Dagger Throw","Setup"],"picked":"SKIP","floor":23.0},{"not_picked":["Dagger Spray","Quick Slash"],"picked":"Reflex","floor":25.0},{"not_picked":["Bullet Time","Outmaneuver"],"picked":"Cloak And Dagger+1","floor":27.0},{"not_picked":["Backflip","PiercingWail"],"picked":"Blade Dance","floor":30.0},{"not_picked":["Choke","Crippling Poison"],"picked":"PiercingWail+1","floor":31.0},{"not_picked":["Grand Finale","Envenom"],"picked":"Adrenaline","floor":33.0},{"not_picked":["Dodge and Roll","Poisoned Stab","Sucker Punch+1"],"picked":"SKIP","floor":35.0},{"not_picked":["Slice","Quick Slash+1","Dash"],"picked":"SKIP","floor":37.0},{"not_picked":["Finisher","Die Die Die","Underhanded Strike"],"picked":"SKIP","floor":38.0},{"not_picked":["Blade Dance","Catalyst","Prepared"],"picked":"SKIP","floor":41.0},{"not_picked":["Cloak And Dagger","Acrobatics"],"picked":"Prepared+1","floor":44.0},{"not_picked":["Die Die Die","Masterful Stab+1"],"picked":"Backflip","floor":45.0},{"not_picked":["Acrobatics","Crippling Poison"],"picked":"PiercingWail","floor":46.0},{"not_picked":["Bouncing Flask","Slice","Poisoned Stab"],"picked":"SKIP","floor":47.0},{"not_picked":["Dodge and Roll","Escape Plan","Deadly Poison"],"picked":"SKIP","floor":48.0},{"not_picked":["Reflex","Bane"],"picked":"Burst","floor":55.0}],"player_experience":1381282,"relics_obtained":[{"floor":6.0,"key":"Omamori"},{"floor":8.0,"key":"WingedGreaves"},{"floor":9.0,"key":"Matryoshka"},{"floor":10.0,"key":"Shuriken"},{"floor":12.0,"key":"Orichalcum"},{"floor":23.0,"key":"InkBottle"},{"floor":25.0,"key":"Meat on the Bone"},{"floor":26.0,"key":"Centennial Puzzle"},{"floor":27.0,"key":"Blood Vial"},{"floor":30.0,"key":"Pantograph"},{"floor":31.0,"key":"Dream Catcher"},{"floor":36.0,"key":"Ninja Scroll"},{"floor":36.0,"key":"Shovel"},{"floor":40.0,"key":"Unceasing Top"},{"floor":41.0,"key":"Pen Nib"},{"floor":41.0,"key":"MawBank"},{"floor":43.0,"key":"Akabeko"},{"floor":45.0,"key":"Nunchaku"},{"floor":45.0,"key":"War Paint"},{"floor":47.0,"key":"Lizard Tail"},{"floor":47.0,"key":"Thread and Needle"},{"floor":49.0,"key":"Bottled Lightning"},{"floor":53.0,"key":"Letter Opener"},{"floor":55.0,"key":"Turnip"},{"floor":55.0,"key":"Bronze Scales"}],"event_choices":[{"damage_healed":0.0,"max_hp_gain":0.0,"max_hp_loss":0.0,"gold_gain":0.0,"event_name":"Accursed Blacksmith","player_choice":"Rummage","floor":2.0,"gold_loss":0.0,"damage_taken":0.0,"relics_obtained":["WarpedTongs"],"cards_obtained":["Pain"]},{"cards_removed":["Pain"],"damage_healed":0.0,"max_hp_gain":0.0,"max_hp_loss":0.0,"gold_gain":0.0,"event_name":"Purifier","player_choice":"Purged","floor":13.0,"gold_loss":0.0,"damage_taken":0.0},{"damage_healed":0.0,"max_hp_gain":0.0,"max_hp_loss":0.0,"gold_gain":0.0,"event_name":"The Mausoleum","player_choice":"Ignored","floor":22.0,"gold_loss":0.0,"damage_taken":0.0},{"damage_healed":0.0,"max_hp_gain":0.0,"max_hp_loss":0.0,"gold_gain":0.0,"event_name":"Duplicator","player_choice":"Copied","floor":24.0,"gold_loss":0.0,"damage_taken":0.0,"cards_obtained":["Blade Dance"]}],"is_beta":false,"boss_relics":[{"not_picked":["Tiny House","Busted Crown"],"picked":"HoveringKite"},{"not_picked":["Velvet Choker","Fusion Hammer"],"picked":"Black Star"}],"items_purged_floors":[39],"is_endless":false,"potions_floor_spawned":[1,4,5,14,16,19,20,25,31,45,46,47],"ascension_level":20}}