{"host":"aj7el8l5kufbk20z","time":1611456831,"event":{"mods":["AchievementEnabler","BaseMod","Colored Map","Colored Powertips","Curses Come First","Highlight Path","Minty Spire (QoL Compilation)","Permanent Neow","Poor People Problems","Quick Restart","Rare Cards Sparkle","Relic Stats","StSLib","SuperFastMode","Waifu the Spire"],"gold_per_floor":[119,133,133,152,117,117,143,143,169,202,220,185,185,185,185,262,262,274,274,274],"floor_reached":19,"language":"ZHS","playtime":943,"items_purged":[],"score":306,"play_id":"3ce5c451-3c5a-434b-9162-765b4b15327c","local_time":"20210124105351","is_ascension_mode":true,"campfire_choices":[{"data":"Body Slam","floor":6.0,"key":"SMITH"},{"data":"Flame Barrier","floor":8.0,"key":"SMITH"},{"data":"Perfected Strike","floor":13.0,"key":"SMITH"},{"data":"Whirlwind","floor":15.0,"key":"SMITH"}],"circlet_count":0,"master_deck":["AscendersBane","Strike_R","Strike_R","Strike_R","Defend_R","Defend_R","Defend_R","Defend_R","Bash","Flame Barrier+1","Body Slam+1","Cleave","Pommel Strike","Whirlwind+1","Perfected Strike+1","Impervious","Havoc","Battle Trance"],"relics":["Burning Blood","FaceOfCleric","Juzu Bracelet","MealTicket","StrikeDummy","SlaversCollar"],"acts_visited":["Exordium","TheCity"],"potions_floor_usage":[16],"damage_taken":[{"damage":5.0,"enemies":"Cultist","floor":1.0,"turns":4.0},{"damage":4.0,"enemies":"2 Louse","floor":2.0,"turns":4.0},{"damage":6.0,"enemies":"Jaw Worm","floor":4.0,"turns":4.0},{"damage":8.0,"enemies":"Lagavulin","floor":7.0,"turns":5.0},{"damage":30.0,"enemies":"3 Sentries","floor":10.0,"turns":5.0},{"damage":8.0,"enemies":"3 Louse","floor":11.0,"turns":2.0},{"damage":44,"enemies":"Hexaghost","floor":16,"turns":11},{"damage":18,"enemies":"Spheric Guardian","floor":18,"turns":4}],"seed_played":"6657356867601559796","potions_obtained":[{"floor":2.0,"key":"Block Potion"},{"floor":4.0,"key":"Fire Potion"},{"floor":7.0,"key":"HeartOfIron"},{"floor":16,"key":"Block Potion"},{"floor":18,"key":"Weak Potion"}],"is_trial":false,"path_per_floor":["M","M","?","M","$","R","E","R","T","E","M","?","R","?","R","B",null,"M","?"],"character_chosen":"IRONCLAD","items_purchased":["Whirlwind"],"campfire_rested":0,"item_purchase_floors":[5],"current_hp_per_floor":[68,68,68,69,69,69,68,68,68,45,44,62,62,55,55,18,59,48,48,48],"gold":274,"neow_bonus":"REMOVE_TWO","is_daily":false,"chose_seed":false,"campfire_upgraded":4,"win_rate":0.0,"timestamp":1611456831,"path_taken":["M","M","?","M","$","R","E","R","T","E","M","?","R","?","R","BOSS","M","?"],"items_purchased_type":["Card"],"build_version":"2020-12-22","purchased_purges":0,"victory":false,"max_hp_per_floor":[68,68,68,69,69,69,70,70,70,71,72,72,72,72,72,73,73,74,74,74],"relic_stats":{"FaceOfCleric":6,"counters":[8,39],"MealTicket":0,"Juzu Bracelet":1,"obtain_stats":[{"SlaversCollar":17,"FaceOfCleric":3,"MealTicket":9,"Juzu Bracelet":7,"StrikeDummy":10,"Burning Blood":0},{"SlaversCollar":7,"FaceOfCleric":2,"MealTicket":4,"Juzu Bracelet":4,"StrikeDummy":5,"Burning Blood":0},{"SlaversCollar":35,"FaceOfCleric":8,"MealTicket":17,"Juzu Bracelet":17,"StrikeDummy":22,"Burning Blood":0}],"Burning Blood":45},"card_choices":[{"not_picked":["Warcry","Cleave"],"picked":"Flame Barrier","floor":1.0},{"not_picked":["Pommel Strike","Battle Trance"],"picked":"Body Slam","floor":2.0},{"not_picked":["Clash","Perfected Strike"],"picked":"Cleave","floor":4.0},{"not_picked":["Bloodletting","Perfected Strike"],"picked":"Pommel Strike","floor":7.0},{"not_picked":["Havoc","Burning Pact"],"picked":"Whirlwind","floor":10.0},{"not_picked":["Clothesline","Heavy Blade"],"picked":"Perfected Strike","floor":11.0},{"not_picked":["Brutality","Reaper"],"picked":"Impervious","floor":16},{"not_picked":["Clothesline","Hemokinesis"],"picked":"Havoc","floor":18}],"player_experience":363594,"relics_obtained":[{"floor":7.0,"key":"Juzu Bracelet"},{"floor":9.0,"key":"MealTicket"},{"floor":10.0,"key":"StrikeDummy"}],"event_choices":[{"damage_healed":0.0,"max_hp_gain":0.0,"max_hp_loss":0.0,"gold_gain":0.0,"event_name":"FaceTrader","player_choice":"Trade","floor":3.0,"gold_loss":0.0,"damage_taken":0.0,"relics_obtained":["FaceOfCleric"]},{"damage_healed":18.0,"max_hp_gain":0.0,"max_hp_loss":0.0,"gold_gain":0.0,"event_name":"The Cleric","player_choice":"Healed","floor":12.0,"gold_loss":35.0,"damage_taken":0.0},{"cards_removed":["Whirlwind"],"damage_healed":0.0,"max_hp_gain":0.0,"max_hp_loss":0.0,"gold_gain":0.0,"event_name":"Golden Wing","player_choice":"Card Removal","floor":14.0,"gold_loss":0.0,"damage_taken":7.0},{"damage_healed":0,"gold_gain":0,"player_choice":"Read","damage_taken":0,"max_hp_gain":0,"max_hp_loss":0,"event_name":"The Library","floor":19,"gold_loss":0,"cards_obtained":["Battle Trance"]}],"is_beta":false,"boss_relics":[{"not_picked":["Mark of Pain","Runic Cube"],"picked":"SlaversCollar"}],"items_purged_floors":[],"is_endless":false,"potions_floor_spawned":[2,4,7,16,18],"ascension_level":15}}