{"host":"gk9qdtkqd8dwfeg2","time":1611508946,"event":{"mods":["Aspiration","BaseMod","Colored Powertips","Downfall","Minty Spire (QoL Compilation)","Quick Restart","Replay The Spire","Shop Mod","StSLib","TestMod","The Servant 0.9.4","Waifu the Spire","WarShipGirlsR/战舰少女R mod","vexMod","【遗物卡牌】REMEMod"],"gold_per_floor":[99,99,99,158,558,1008,1008,1008,1020,1049,1049,1068,206,47,90,194,194,194,194,222,61,72,102,102,143,181,181,213,13,23,23,23,23],"floor_reached":31,"language":"ZHS","playtime":1314,"items_purged":["Pain"],"score":323,"play_id":"6e1ea909-e54c-4350-9057-46e6f795e85c","local_time":"20210125012226","is_ascension_mode":true,"campfire_choices":[{"data":"sneckomod:Nope","floor":8.0,"key":"SMITH"},{"data":"expansioncontent:StudyTheSpire","floor":18.0,"key":"SMITH"},{"floor":29.0,"key":"RECALL"}],"circlet_count":0,"master_deck":["sneckomod:Strike","sneckomod:Defend","sneckomod:Defend","sneckomod:Defend","sneckomod:TailWhip+1","sneckomod:SnekBite","sneckomod:Unknown","sneckomod:Unknown","Manipulate","sneckomod:SnekBeam+1","sneckomod:Unknown1Cost","sneckomod:Nope+1","downfall:Icky","downfall:Icky","sneckomod:MixItUp","sneckomod:UnknownUncommonPower","sneckomod:Transmogrify","sneckomod:SoulDraw","sneckomod:GlitteringGambit","expansioncontent:StudyTheSpire+1","sneckomod:Unknown1Cost","sneckomod:UnknownVulnerable","Reaper","sneckomod:CheapStock+1","sneckomod:UnknownUncommonSkill+1","sneckomod:SoulCleanse","sneckomod:UnknownClassPURPLE","sneckomod:UnknownDraw","sneckomod:UnknownRareAttack","sneckomod:UnknownUncommonPower","sneckomod:UnknownRareSkill","sneckomod:PureSnecko","Offering","sneckomod:SnekBeam+1"],"relics":["sneckomod:SuperSneckoSoul","REME_ComplimentaryCards","downfall:HeartsMalice","WarpedTongs","Gremlin Horn","MerchantsRug","Bag of Marbles","REME_HandOfSuture","Onion Ring","Happy Flower","aspiration:DSix","Molten Egg 2","testmod-RealStoneCalender","Whetstone","downfall:HeartBlessingGreen","downfall:HeartBlessingBlue","OrangePellets"],"acts_visited":["Exordium","TheCity"],"potions_floor_usage":[31],"damage_taken":[{"damage":0.0,"enemies":"2 Louse","floor":2.0,"turns":1.0},{"damage":0.0,"enemies":"Small Slimes","floor":3.0,"turns":1.0},{"damage":0.0,"enemies":"Lagavulin Event","floor":4.0,"turns":1.0},{"damage":2.0,"enemies":"Cultist","floor":9.0,"turns":4.0},{"damage":32.0,"enemies":"Replay:BlueRogue","floor":10.0,"turns":4.0},{"damage":0.0,"enemies":"Lots of Slimes","floor":12.0,"turns":2.0},{"damage":3.0,"enemies":"downfall:FleeingMerchant","floor":13.0,"turns":4.0},{"damage":0.0,"enemies":"downfall:FleeingMerchant","floor":14.0,"turns":4.0},{"damage":9.0,"enemies":"Large Slime","floor":15.0,"turns":4.0},{"damage":31.0,"enemies":"SI_SHIV_ARCHETYPE","floor":16.0,"turns":6.0},{"damage":0.0,"enemies":"3 Byrds","floor":20.0,"turns":4.0},{"damage":6.0,"enemies":"downfall:FleeingMerchant","floor":21.0,"turns":4.0},{"damage":12.0,"enemies":"Chosen","floor":22.0,"turns":2.0},{"damage":7.0,"enemies":"Snecko","floor":23.0,"turns":3.0},{"damage":46.0,"enemies":"Snake Plant","floor":25.0,"turns":5.0},{"damage":36.0,"enemies":"Replay:Snechameleon","floor":26.0,"turns":5.0},{"damage":78.0,"enemies":"Gremlin Leader","floor":28.0,"turns":8.0},{"damage":12.0,"enemies":"Centurion and Healer","floor":30.0,"turns":1.0},{"damage":0,"enemies":"downfall:FleeingMerchant","floor":31,"turns":3}],"seed_played":"5978486967403362464","potions_obtained":[{"floor":9.0,"key":"Swift Potion"},{"floor":10.0,"key":"Adrenaline Potion"},{"floor":12.0,"key":"Energy Potion"},{"floor":16.0,"key":"Doom Potion"},{"floor":20.0,"key":"Strength Potion"},{"floor":22.0,"key":"Elixir"},{"floor":25.0,"key":"Doom Potion"}],"is_trial":false,"path_per_floor":["R","M","M","?","?","?","T","R","M","E","?","M","$","$","M","B",null,"R","?","M","$","M","M","T","M","E","?","E","R","M","$"],"character_chosen":"THE_SNECKO","items_purchased":["MerchantsRug","HornCleat","Bag of Marbles","testmod-SpacePotion","expansioncontent:StudyTheSpire","OrangePellets","Happy Flower"],"campfire_rested":0,"item_purchase_floors":[13,13,13,13,13,14,21],"current_hp_per_floor":[90,90,90,90,90,90,90,90,88,56,56,56,53,53,44,13,90,90,90,90,90,78,71,71,25,16,16,12,22,10,16,16,16],"gold":23,"neow_bonus":"THREE_ENEMY_KILL","is_daily":false,"chose_seed":false,"campfire_upgraded":2,"win_rate":0.0,"timestamp":1611508946,"path_taken":["R","M","M","?","?","?","T","R","M","E","?","?","?","$","M","BOSS","R","?","M","$","M","M","T","M","E","?","E","R","?","$"],"items_purchased_type":["Relic","Relic","Relic","Potion","Card","Relic","Relic"],"build_version":"2020-12-22","purchased_purges":1,"victory":false,"max_hp_per_floor":[90,90,90,90,90,90,90,90,90,90,90,90,90,90,90,90,90,90,90,90,90,90,90,90,90,90,90,90,100,100,100,100,100],"card_choices":[{"not_picked":["sneckomod:DiceBlock","sneckomod:UnknownColorless"],"picked":"sneckomod:UnknownDraw","floor":2.0},{"not_picked":["sneckomod:SnakeSap","sneckomod:QuickMove"],"picked":"sneckomod:Unknown1Cost","floor":3.0},{"not_picked":["sneckomod:Rotation","sneckomod:WideSting"],"picked":"sneckomod:Nope","floor":4.0},{"not_picked":["sneckomod:UnknownCommonSkill","sneckomod:UnknownExhaust"],"picked":"sneckomod:MixItUp","floor":9.0},{"not_picked":["sneckomod:SnekBeam","sneckomod:QuickMove"],"picked":"sneckomod:UnknownUncommonPower","floor":10.0},{"not_picked":["sneckomod:UnknownCommonSkill","sneckomod:UnknownBlock"],"picked":"sneckomod:Transmogrify","floor":12.0},{"not_picked":["sneckomod:WideSting","sneckomod:RainOfDice"],"picked":"sneckomod:SoulDraw","floor":12.0},{"not_picked":["sneckomod:Unknown1Cost","sneckomod:IronFang"],"picked":"sneckomod:GlitteringGambit","floor":13.0},{"not_picked":["sneckomod:QuickBite","sneckomod:IronFang","sneckomod:RainOfDice"],"picked":"SKIP","floor":14.0},{"not_picked":["sneckomod:RainOfDice","sneckomod:UnlimitedRolls"],"picked":"sneckomod:Unknown1Cost","floor":15.0},{"not_picked":["sneckomod:MasterEye","sneckomod:DiceBlock"],"picked":"sneckomod:UnknownVulnerable","floor":15.0},{"not_picked":["sneckomod:Cheat","sneckomod:DangerNoodle"],"picked":"sneckomod:UnknownRareAttack","floor":16.0},{"not_picked":["sneckomod:Unknown2Cost","sneckomod:UnknownStrike"],"picked":"sneckomod:CheapStock+1","floor":20.0},{"not_picked":["sneckomod:SoulDraw","sneckomod:IronFang"],"picked":"sneckomod:UnknownUncommonSkill+1","floor":21.0},{"not_picked":["sneckomod:DiceCrush","sneckomod:UnknownClassHEXA_GHOST_PURPLE+1"],"picked":"sneckomod:SoulCleanse","floor":22.0},{"not_picked":["sneckomod:UnknownCommonSkill","sneckomod:UnknownCommonAttack","sneckomod:Nope"],"picked":"SKIP","floor":23.0},{"not_picked":["sneckomod:UnknownDraw","sneckomod:MasterEye"],"picked":"sneckomod:UnknownClassPURPLE","floor":25.0},{"not_picked":["sneckomod:Unknown1Cost","sneckomod:UnknownClassHEXA_GHOST_PURPLE"],"picked":"sneckomod:UnknownDraw","floor":25.0},{"not_picked":["sneckomod:Cheat","sneckomod:TrashToTreasure"],"picked":"sneckomod:UnknownRareAttack","floor":26.0},{"not_picked":["sneckomod:DiceBlock","sneckomod:UnknownCommonAttack+1"],"picked":"sneckomod:UnknownUncommonPower","floor":26.0},{"not_picked":["sneckomod:ImprovisedGuard","sneckomod:Rotation"],"picked":"sneckomod:PureSnecko","floor":28.0},{"not_picked":["sneckomod:DiceBlock","sneckomod:IronFang+1"],"picked":"sneckomod:SnekBeam+1","floor":30.0}],"player_experience":760912,"relics_obtained":[{"floor":7.0,"key":"Gremlin Horn"},{"floor":10.0,"key":"Prayer Wheel"},{"floor":13.0,"key":"Gremlin Horn"},{"floor":14.0,"key":"testmod-LifeArmor"},{"floor":15.0,"key":"REME_HandOfSuture"},{"floor":16.0,"key":"Replay:Kaleidoscope"},{"floor":21.0,"key":"Onion Ring"},{"floor":25.0,"key":"aspiration:DSix"},{"floor":26.0,"key":"Molten Egg 2"},{"floor":28.0,"key":"testmod-RealStoneCalender"},{"floor":28.0,"key":"Whetstone"},{"floor":30.0,"key":"OrangePellets"}],"event_choices":[{"damage_healed":0.0,"max_hp_gain":0.0,"max_hp_loss":0.0,"gold_gain":400.0,"event_name":"恩洛斯的盘子","player_choice":"Sell","floor":5.0,"relics_lost":["testmod-TestBox"],"gold_loss":0.0,"damage_taken":0.0},{"damage_healed":0.0,"max_hp_gain":0.0,"max_hp_loss":0.0,"gold_gain":0.0,"event_name":"Accursed Blacksmith","player_choice":"Rummage","floor":11.0,"gold_loss":0.0,"damage_taken":0.0,"relics_obtained":["WarpedTongs"],"cards_obtained":["Pain"]}],"is_beta":false,"boss_relics":[{"not_picked":["aspiration:RitualDagger","Honey Jar"],"picked":"sneckomod:SuperSneckoSoul"}],"items_purged_floors":[13],"is_endless":false,"potions_floor_spawned":[9,10,12,16,20,22,25],"killed_by":"downfall:FleeingMerchant","ascension_level":2}}