{"host":"q0qnzbgdx8oqogg9","time":1611462283,"event":{"mods":["BaseMod","Minty Spire (QoL Compilation)","StSLib"],"gold_per_floor":[110,124,124,142,161,161,179,190,190,190,190,219,219,230,230,331,331,343,362,48,58,58,91,91,108,108,125,152,152,169,268,268,268,268],"floor_reached":33,"language":"ENG","playtime":1698,"items_purged":["Strike_B"],"score":494,"play_id":"8ab579c8-63f0-4b7c-ac5d-d017a3af5037","local_time":"20210123232443","is_ascension_mode":true,"campfire_choices":[{"data":"Buffer","floor":6,"key":"SMITH"},{"data":"Zap","floor":11,"key":"SMITH"},{"data":"Recycle","floor":15,"key":"SMITH"},{"data":"Darkness","floor":24,"key":"SMITH"},{"floor":32,"key":"REST"}],"circlet_count":0,"master_deck":["Strike_B+1","Strike_B+1","Defend_B+1","Defend_B+1","Defend_B+1","Defend_B+1","Zap+1","Dualcast","Buffer+1","Lockon","Steam","Darkness+1","Beam Cell","FTL","Go for the Eyes","Glacier","Recycle+1","Machine Learning","Streamline","Chill","Redo","Rebound+1","Gash","Conserve Battery"],"relics":["Cracked Core","White Beast Statue","Pear","SacredBark","Frozen Egg 2","Mummified Hand","Dead Branch","Bottled Lightning"],"acts_visited":["Exordium","TheCity"],"potions_floor_usage":[14,18,21,23,27,28,28,30,33,33],"damage_taken":[{"damage":5,"enemies":"Small Slimes","floor":1,"turns":3},{"damage":2,"enemies":"2 Louse","floor":2,"turns":3},{"damage":0,"enemies":"Jaw Worm","floor":4,"turns":3},{"damage":4,"enemies":"Large Slime","floor":5,"turns":6},{"damage":10,"enemies":"Exordium Wildlife","floor":7,"turns":5},{"damage":1,"enemies":"Looter","floor":8,"turns":3},{"damage":0,"enemies":"Gremlin Nob","floor":12,"turns":4},{"damage":0,"enemies":"Exordium Thugs","floor":14,"turns":6},{"damage":36,"enemies":"The Guardian","floor":16,"turns":13},{"damage":6,"enemies":"3 Byrds","floor":18,"turns":8},{"damage":3,"enemies":"Shell Parasite","floor":19,"turns":6},{"damage":0,"enemies":"Centurion and Healer","floor":21,"turns":5},{"damage":29,"enemies":"Gremlin Leader","floor":23,"turns":9},{"damage":1,"enemies":"Snecko","floor":25,"turns":10},{"damage":0,"enemies":"Shelled Parasite and Fungi","floor":27,"turns":8},{"damage":0,"enemies":"Book of Stabbing","floor":28,"turns":4},{"damage":18,"enemies":"Snake Plant","floor":30,"turns":5},{"damage":52,"enemies":"Champ","floor":33,"turns":11}],"seed_played":"-7342659584485833012","potions_obtained":[{"floor":1,"key":"Strength Potion"},{"floor":2,"key":"Swift Potion"},{"floor":12,"key":"Block Potion"},{"floor":14,"key":"Strength Potion"},{"floor":18,"key":"PowerPotion"},{"floor":21,"key":"Swift Potion"},{"floor":23,"key":"EssenceOfSteel"},{"floor":25,"key":"FearPotion"},{"floor":27,"key":"Swift Potion"},{"floor":28,"key":"DuplicationPotion"},{"floor":30,"key":"Dexterity Potion"}],"is_trial":false,"path_per_floor":["M","M","?","M","M","R","M","M","T","?","R","E","?","M","R","B",null,"M","M","$","M","?","E","R","M","T","M","E","?","M","?","R","B"],"character_chosen":"DEFECT","items_purchased":["Frozen Egg 2"],"campfire_rested":1,"item_purchase_floors":[20],"current_hp_per_floor":[63,61,46,46,42,42,32,31,31,56,56,66,59,59,59,23,70,64,61,61,61,61,32,32,31,31,31,31,31,13,13,38,0,0],"gold":268,"neow_bonus":"ONE_RANDOM_RARE_CARD","is_daily":false,"chose_seed":false,"campfire_upgraded":4,"win_rate":0.0,"timestamp":1611462283,"path_taken":["M","M","?","M","M","R","M","M","T","?","R","E","?","M","R","BOSS","M","M","$","M","?","E","R","M","T","M","E","?","M","?","R","BOSS"],"items_purchased_type":["Relic"],"build_version":"2020-12-22","purchased_purges":1,"victory":false,"max_hp_per_floor":[75,75,75,75,75,75,75,75,75,75,75,85,85,85,85,85,85,85,85,85,85,85,85,85,85,85,85,85,85,85,85,85,85,85],"card_choices":[{"not_picked":["Stack","Barrage"],"picked":"Lockon","floor":1},{"not_picked":["Hologram","Force Field"],"picked":"Steam","floor":2},{"not_picked":["BootSequence","Aggregate"],"picked":"Darkness","floor":4},{"not_picked":["Turbo","Stack"],"picked":"Beam Cell","floor":5},{"not_picked":["Sweeping Beam","Cold Snap"],"picked":"FTL","floor":7},{"not_picked":["White Noise","Redo"],"picked":"Go for the Eyes","floor":8},{"not_picked":["Reboot","Hello World"],"picked":"Glacier","floor":12},{"not_picked":["Go for the Eyes","Stack"],"picked":"Recycle","floor":14},{"not_picked":["Multi-Cast","Buffer"],"picked":"Machine Learning","floor":16},{"not_picked":["Stack+1","Beam Cell","Leap"],"picked":"SKIP","floor":18},{"not_picked":["Chaos","Beam Cell"],"picked":"Streamline","floor":19},{"not_picked":["Thunder Strike","Chaos"],"picked":"Chill","floor":21},{"not_picked":["Stack","Conserve Battery"],"picked":"Redo","floor":23},{"not_picked":["Stack","Sunder"],"picked":"Rebound+1","floor":25},{"not_picked":["Chill","Compile Driver+1","Hologram"],"picked":"SKIP","floor":27},{"not_picked":["Genetic Algorithm+1","Double Energy"],"picked":"Gash","floor":28},{"not_picked":["Beam Cell","Ball Lightning"],"picked":"Conserve Battery","floor":30}],"player_experience":289592,"relics_obtained":[{"floor":9,"key":"White Beast Statue"},{"floor":12,"key":"Pear"},{"floor":23,"key":"Mummified Hand"},{"floor":26,"key":"Dead Branch"},{"floor":28,"key":"Bottled Lightning"}],"event_choices":[{"damage_healed":0,"gold_gain":0,"player_choice":"Entered Light","damage_taken":15,"max_hp_gain":0,"max_hp_loss":0,"event_name":"Shining Light","floor":3,"gold_loss":0,"cards_upgraded":["Defend_B","Defend_B"]},{"damage_healed":25,"gold_gain":0,"player_choice":"Banana","damage_taken":0,"max_hp_gain":0,"max_hp_loss":0,"event_name":"Big Fish","floor":10,"gold_loss":0},{"cards_removed":["Strike_B"],"damage_healed":0,"gold_gain":0,"player_choice":"Card Removal","damage_taken":7,"max_hp_gain":0,"max_hp_loss":0,"event_name":"Golden Wing","floor":13,"gold_loss":0},{"damage_healed":0,"gold_gain":0,"player_choice":"Simplicity","damage_taken":0,"max_hp_gain":0,"max_hp_loss":0,"event_name":"Back to Basics","floor":22,"gold_loss":0,"cards_upgraded":["Strike_B","Strike_B","Defend_B","Defend_B"]},{"damage_healed":0,"gold_gain":0,"player_choice":"Ignored","damage_taken":0,"max_hp_gain":0,"max_hp_loss":0,"event_name":"Ghosts","floor":29,"gold_loss":0},{"damage_healed":0,"gold_gain":99,"player_choice":"Stole From Cult","damage_taken":0,"max_hp_gain":0,"max_hp_loss":0,"event_name":"Nest","floor":31,"gold_loss":0}],"is_beta":false,"boss_relics":[{"not_picked":["Busted Crown","Inserter"],"picked":"SacredBark"}],"items_purged_floors":[20],"is_endless":false,"potions_floor_spawned":[1,2,12,14,16,18,19,21,23,25,27,28,30],"killed_by":"Champ","ascension_level":9}}