{"host":"irwdypew7j0recua","time":1611467236,"event":{"mods":["AchievementEnabler","BaseMod","Better Third Choice","Better Vampires","BetterRewards","Conspire","Custom Start","Downfall","Googly Eyes","Hermit","Infinite Spire","KomeijiMod","Marisa????????","Minty Spire (QoL Compilation)","Quick Restart","Rare Cards Sparkle","Reworked Bosses","Shop Mod","Spicy Shops","StSLib","The Construct","The Cursed","The Necromancer","WarShipGirlsR/????R mod"],"gold_per_floor":[110,110,110,122,138,138,138,60,60,92,103,139,139,139],"floor_reached":13,"language":"ENG","playtime":518,"items_purged":[],"score":83,"play_id":"9f8dfd99-7140-4953-898c-4e826d090188","local_time":"20210124034716","is_ascension_mode":false,"campfire_choices":[{"data":"infinitespire:TheBestDefense","floor":6,"key":"SMITH"}],"circlet_count":0,"master_deck":["Strike_G","Strike_G","Strike_G","Strike_G","Strike_G","Defend_G","Defend_G","Defend_G","Defend_G","Defend_G","Survivor","Neutralize","Infinite Blades+1","infinitespire:TheBestDefense+1","Heel Hook","Regret","Prepared","Backflip","Terror"],"relics":["Self Forming Clay","ReiryokuShyu","construct:Challenge3","infinitespire:Chaos","Mango","infinitespire:Lychee Nut","Paper Crane"],"acts_visited":["Exordium"],"potions_floor_usage":[],"damage_taken":[{"damage":0,"enemies":"2 Louse","floor":1,"turns":1},{"damage":0,"enemies":"Cultist","floor":4,"turns":1},{"damage":0,"enemies":"Jaw Worm","floor":5,"turns":1},{"damage":51,"enemies":"Lagavulin","floor":10,"turns":12},{"damage":7,"enemies":"2 Fungi Beasts","floor":11,"turns":4},{"damage":8,"enemies":"conspire:MimicChest","floor":12,"turns":7},{"damage":33,"enemies":"Gremlin Nob","floor":13,"turns":3}],"seed_played":"-2789514941690194845","potions_obtained":[{"floor":4,"key":"infinitespire:BlackPotion"},{"floor":5,"key":"SteroidPotion"}],"is_trial":false,"path_per_floor":["M","?","?","M","M","R","?","$","T","E","M","?","E"],"character_chosen":"THE_SILENT","items_purchased":["infinitespire:Chaos"],"campfire_rested":0,"item_purchase_floors":[8],"current_hp_per_floor":[70,54,54,54,54,54,54,54,68,17,16,14,0,0],"gold":139,"neow_bonus":"THREE_ENEMY_KILL","is_daily":false,"chose_seed":false,"campfire_upgraded":1,"win_rate":0.0,"timestamp":1611467236,"path_taken":["M","?","?","M","?","R","?","$","T","E","M","?","E"],"items_purchased_type":["Relic"],"build_version":"2020-12-22","purchased_purges":0,"victory":false,"max_hp_per_floor":[70,70,70,70,70,70,70,70,84,63,63,63,63,63],"card_choices":[{"not_picked":["Bane","Dagger Spray"],"picked":"Infinite Blades","floor":1},{"not_picked":["infinitespire:SealOfDarkness+","infinitespire:UltimateForm"],"picked":"infinitespire:TheBestDefense","floor":2},{"not_picked":["Escape Plan","Dagger Spray"],"picked":"Heel Hook","floor":4},{"not_picked":["Reflex","Deadly Poison","PiercingWail"],"picked":"SKIP","floor":5},{"not_picked":["Distraction","Skewer"],"picked":"Prepared","floor":10},{"not_picked":["Cloak And Dagger","Deadly Poison"],"picked":"Backflip","floor":11},{"not_picked":["Eviscerate","Dagger Throw"],"picked":"Terror","floor":12}],"player_experience":177815,"relics_obtained":[{"floor":9,"key":"Mango"},{"floor":10,"key":"infinitespire:Lychee Nut"},{"floor":12,"key":"Paper Crane"}],"event_choices":[{"damage_healed":0,"gold_gain":0,"player_choice":"Forge","damage_taken":0,"max_hp_gain":0,"max_hp_loss":0,"event_name":"Accursed Blacksmith","floor":3,"gold_loss":0,"cards_upgraded":["Infinite Blades"]},{"damage_healed":0,"gold_gain":0,"player_choice":"Box","damage_taken":0,"relics_obtained":["infinitespire:Satchel"],"max_hp_gain":0,"max_hp_loss":0,"event_name":"Big Fish","floor":7,"gold_loss":0,"cards_obtained":["Regret"]}],"is_beta":false,"boss_relics":[],"items_purged_floors":[],"is_endless":false,"potions_floor_spawned":[4,5],"killed_by":"Gremlin Nob","ascension_level":0}}