{"host":"vqgrg90fv56geajp","time":1611499617,"event":{"mods":["BaseMod","Colored Map","Colored Powertips","Minty Spire (QoL Compilation)","Quick Restart","Rare Cards Sparkle","Relic Stats"],"gold_per_floor":[361,361,361,380,15,40,40,55,82,82,101,101,137,162,162,251,251,212,230,245,85,285,320,320,14,14,29,63,88,88,88],"floor_reached":30,"language":"ENG","playtime":2065,"items_purged":["Regret","Clumsy"],"score":544,"play_id":"e7b522cc-34a3-4809-8970-847f6ea95ba6","local_time":"20210124164657","is_ascension_mode":true,"campfire_choices":[{"floor":10,"key":"REST"},{"floor":12,"key":"REST"},{"floor":15,"key":"REST"},{"floor":24,"key":"REST"}],"circlet_count":0,"master_deck":["AscendersBane","Strike_B","Strike_B","Strike_B","Strike_B","Defend_B+1","Defend_B","Defend_B","Defend_B","Zap","Dualcast+1","Steam","Loop","White Noise","Chaos","Steam","Self Repair","Reinforced Body","Genetic Algorithm","Cold Snap","Consume","Turbo+1","Conserve Battery+1","Coolheaded","Chaos","Compile Driver","Defragment"],"relics":["Cracked Core","War Paint","Golden Idol","Runic Capacitor","DataDisk","Pantograph","SlaversCollar","Strange Spoon","Nunchaku","Anchor","Pen Nib","Du-Vu Doll"],"acts_visited":["Exordium","TheCity"],"potions_floor_usage":[8,23,29,29],"damage_taken":[{"damage":9,"enemies":"Jaw Worm","floor":1,"turns":4},{"damage":7,"enemies":"Small Slimes","floor":4,"turns":4},{"damage":2,"enemies":"Cultist","floor":6,"turns":4},{"damage":15,"enemies":"3 Louse","floor":8,"turns":4},{"damage":3,"enemies":"2 Fungi Beasts","floor":11,"turns":3},{"damage":11,"enemies":"Lagavulin","floor":13,"turns":8},{"damage":20,"enemies":"Red Slaver","floor":14,"turns":5},{"damage":15,"enemies":"The Guardian","floor":16,"turns":16},{"damage":25,"enemies":"2 Thieves","floor":18,"turns":5},{"damage":11,"enemies":"3 Byrds","floor":19,"turns":6},{"damage":15,"enemies":"Shelled Parasite and Fungi","floor":20,"turns":8},{"damage":44,"enemies":"Slavers","floor":23,"turns":4},{"damage":10,"enemies":"Snecko","floor":27,"turns":7},{"damage":19,"enemies":"Book of Stabbing","floor":28,"turns":8},{"damage":17,"enemies":"3 Cultists","floor":29,"turns":6},{"damage":19,"enemies":"Cultist and Chosen","floor":30,"turns":3}],"seed_played":"-3611849392472523713","potions_obtained":[{"floor":4,"key":"SkillPotion"},{"floor":14,"key":"FairyPotion"},{"floor":20,"key":"SkillPotion"},{"floor":27,"key":"Explosive Potion"},{"floor":28,"key":"SkillPotion"}],"is_trial":false,"path_per_floor":["M","?","?","M","$","M","$","M","T","R","M","R","E","M","R","B",null,"M","M","M","$","?","E","R","$","T","M","E","M","M"],"character_chosen":"DEFECT","items_purchased":["Runic Capacitor","White Noise","Chaos","Strange Spoon","Anchor","Chaos"],"campfire_rested":4,"item_purchase_floors":[5,5,5,21,25,25],"current_hp_per_floor":[55,55,31,24,24,22,22,7,7,28,32,53,42,29,50,63,69,44,40,32,32,32,28,49,49,49,39,27,17,0,0],"gold":88,"neow_bonus":"TWO_FIFTY_GOLD","is_daily":false,"chose_seed":false,"campfire_upgraded":0,"win_rate":0.0,"timestamp":1611499617,"path_taken":["M","?","?","M","$","M","?","?","T","R","M","R","E","M","R","BOSS","M","M","M","$","?","E","R","$","T","M","E","M","M"],"items_purchased_type":["Relic","Card","Card","Relic","Relic","Card"],"build_version":"2020-12-22","purchased_purges":2,"victory":false,"max_hp_per_floor":[71,71,71,71,71,71,71,71,71,71,71,71,71,71,71,71,71,71,71,71,71,71,71,71,71,71,71,71,71,71,71],"relic_stats":{"Strange Spoon":[8],"Nunchaku":[1],"counters":[16,95],"Golden Idol":79,"Pantograph":21,"Pen Nib":[1],"War Paint":["Dualcast","Defend_B"],"obtain_stats":[{"Du-Vu Doll":28,"SlaversCollar":17,"Strange Spoon":21,"DataDisk":9,"Nunchaku":23,"Anchor":25,"Golden Idol":3,"Pantograph":13,"Pen Nib":26,"Runic Capacitor":5,"War Paint":2,"Cracked Core":0},{"Du-Vu Doll":14,"SlaversCollar":8,"Strange Spoon":11,"DataDisk":4,"Nunchaku":12,"Anchor":12,"Golden Idol":1,"Pantograph":6,"Pen Nib":12,"Runic Capacitor":2,"War Paint":1,"Cracked Core":0},{"Du-Vu Doll":86,"SlaversCollar":48,"Strange Spoon":67,"DataDisk":16,"Nunchaku":71,"Anchor":71,"Golden Idol":4,"Pantograph":27,"Pen Nib":71,"Runic Capacitor":8,"War Paint":4,"Cracked Core":0}]},"card_choices":[{"not_picked":["Go for the Eyes","Undo"],"picked":"Steam","floor":1},{"not_picked":["Aggregate","Sweeping Beam"],"picked":"Loop","floor":4},{"not_picked":["Beam Cell","Go for the Eyes"],"picked":"Steam","floor":6},{"not_picked":["Scrape","Go for the Eyes"],"picked":"Self Repair","floor":8},{"not_picked":["Steam","Heatsinks"],"picked":"Reinforced Body","floor":11},{"not_picked":["Redo","Leap"],"picked":"Genetic Algorithm","floor":13},{"not_picked":["Undo","Leap"],"picked":"Cold Snap","floor":14},{"not_picked":["Conserve Battery","Capacitor"],"picked":"Consume","floor":18},{"not_picked":["Reprogram","Leap+1"],"picked":"Turbo+1","floor":19},{"not_picked":["Gash","Beam Cell"],"picked":"Conserve Battery+1","floor":20},{"not_picked":["Gash","Steam"],"picked":"Coolheaded","floor":23},{"not_picked":["Barrage","Conserve Battery","Auto Shields"],"picked":"SKIP","floor":27},{"not_picked":["Thunder Strike","Sweeping Beam"],"picked":"Compile Driver","floor":28},{"not_picked":["Cold Snap","Streamline"],"picked":"Defragment","floor":29}],"player_experience":2491559,"relics_obtained":[{"floor":9,"key":"DataDisk"},{"floor":13,"key":"Pantograph"},{"floor":23,"key":"Nunchaku"},{"floor":26,"key":"Pen Nib"},{"floor":28,"key":"Du-Vu Doll"}],"event_choices":[{"damage_healed":0,"gold_gain":0,"player_choice":"Box","damage_taken":0,"relics_obtained":["War Paint"],"max_hp_gain":0,"max_hp_loss":0,"event_name":"Big Fish","floor":2,"gold_loss":0,"cards_obtained":["Regret"]},{"damage_healed":0,"gold_gain":0,"player_choice":"Take Damage","damage_taken":24,"relics_obtained":["Golden Idol"],"max_hp_gain":0,"max_hp_loss":0,"event_name":"Golden Idol","floor":3,"gold_loss":0},{"damage_healed":0,"gold_gain":200,"player_choice":"Gold","damage_taken":0,"max_hp_gain":0,"max_hp_loss":0,"event_name":"Wheel of Change","floor":22,"gold_loss":0}],"is_beta":false,"boss_relics":[{"not_picked":["SacredBark","Tiny House"],"picked":"SlaversCollar"}],"items_purged_floors":[5,25],"is_endless":false,"potions_floor_spawned":[4,14,20,27,28],"killed_by":"Cultist and Chosen","ascension_level":20}}