{"host":"0ulgfg5uyx5zlmwg","time":1611493766,"event":{"mods":["Act Like it!","BaseMod","BetterRewards","Challenge The Spire","Grow up Mod","Marked Mod","Minty Spire (QoL Compilation)","RumiaBox-露米娅的神秘盒子","Shop Mod","Spicy Shops","StSLib","TestMod","Transform Curses","vexMod","【功能Mod】混沌之环修复补丁","【遗物卡牌】REMEMod","篝火指南"],"gold_per_floor":[211,211,211,32,50,84,103,103,103,103,103,132,33,48,48,145,145,162,172,202,215,215,240,256,11,11,11,40,56,6,6,6,110,110,128,182,182,182,182,217,229,265,290,320,338,371,371,388,388,429,429,429,18,54,62],"floor_reached":56,"language":"ZHS","playtime":3734,"items_purged":["Strike_R"],"score":1644,"play_id":"463b09e2-c308-4030-a458-19a30564d449","local_time":"20210124210926","is_ascension_mode":true,"campfire_choices":[{"data":"testmod-FightingIntention","floor":8.0,"key":"SMITH"},{"data":"Iron Wave","floor":10.0,"key":"SMITH"},{"data":"Flex","floor":15.0,"key":"SMITH"},{"data":"Seeing Red","floor":27.0,"key":"SMITH"},{"floor":32,"key":"RECALL"},{"floor":47,"key":"DIG"},{"floor":49,"key":"DIG"},{"floor":52,"key":"DIG"}],"circlet_count":0,"master_deck":["Defend_R","Defend_R","Defend_R","Bash","Seek","Cleave","Cleave","Pommel Strike","testmod-FightingIntention+1","Iron Wave+1","Flex+1","Warcry","Seeing Red+1","Sword Boomerang","Sword Boomerang","Sword Boomerang","testmod-ComboMaster","Thunderclap","Spot Weakness","Sword Boomerang","Shrug It Off","Bite","Bite","Bite","Bite","Bite","Demon Form","Heavy Blade+1","Flex","Bandage Up","Pummel+1","Clothesline","Flex+1"],"relics":["Burning Blood","testmod-TestBox","REME_ComplimentaryCards","testmod-CyclicPeriapt","SecretRecord","AddBug","Vajra","REME_ComplimentaryCards","Blue Candle","Mummified Hand","Eternal Feather","Blue Candle","EasyGame_NEW","testmod-CyclicPeriapt","Red Mask","FaceOfCleric","Bag of Preparation","Red Mask","Shuriken","testmod-DeterminationOfClimber","testmod-IntensifyImprint","vexMod:RedPlottingStone","testmod-OneHitWonder","Vajra","Shovel","Art of War","Shovel","Bronze Scales","testmod-Déjàvu","testmod-Antiphasic","InkBottle","REME_HourglassOfDeath","Turnip","GodSword5"],"acts_visited":["Exordium","TheCity","TheBeyond","TheEnding"],"potions_floor_usage":[28,29,33,42,50,55,55],"damage_taken":[{"damage":6.0,"enemies":"Cultist","floor":1.0,"turns":3.0},{"damage":5.0,"enemies":"Small Slimes","floor":5.0,"turns":2.0},{"damage":6.0,"enemies":"Gremlin Nob","floor":6.0,"turns":3.0},{"damage":11.0,"enemies":"Jaw Worm","floor":7.0,"turns":3.0},{"damage":0.0,"enemies":"3 Sentries","floor":12.0,"turns":3.0},{"damage":2.0,"enemies":"Exordium Thugs","floor":14.0,"turns":3.0},{"damage":114.0,"enemies":"Hexaghost","floor":16.0,"turns":6.0},{"damage":3.0,"enemies":"Chosen","floor":18.0,"turns":3.0},{"damage":3.0,"enemies":"Shell Parasite","floor":19.0,"turns":3.0},{"damage":0.0,"enemies":"Masked Bandits","floor":20.0,"turns":2.0},{"damage":6.0,"enemies":"Chosen and Byrds","floor":21.0,"turns":3.0},{"damage":20.0,"enemies":"Book of Stabbing","floor":23.0,"turns":5.0},{"damage":5.0,"enemies":"Shelled Parasite and Fungi","floor":24.0,"turns":3.0},{"damage":21,"enemies":"Slavers","floor":28,"turns":3},{"damage":0,"enemies":"Centurion and Healer","floor":29,"turns":1},{"damage":59,"enemies":"Champ","floor":33,"turns":8},{"damage":0,"enemies":"3 Darklings","floor":35,"turns":1},{"damage":22,"enemies":"2 Orb Walkers","floor":36,"turns":2},{"damage":0,"enemies":"Reptomancer","floor":40,"turns":1},{"damage":0,"enemies":"Orb Walker","floor":41,"turns":1},{"damage":7,"enemies":"Nemesis","floor":42,"turns":3},{"damage":0,"enemies":"Giant Head","floor":44,"turns":1},{"damage":0,"enemies":"Jaw Worm Horde","floor":45,"turns":2},{"damage":24,"enemies":"Nemesis","floor":46,"turns":3},{"damage":0,"enemies":"Spire Growth","floor":48,"turns":1},{"damage":41,"enemies":"Awakened One","floor":50,"turns":5},{"damage":0,"enemies":"Shield and Spear","floor":54,"turns":1},{"damage":0,"enemies":"The Heart","floor":55,"turns":2}],"seed_played":"-374111876117555299","potions_obtained":[{"floor":5.0,"key":"EssenceOfSteel"},{"floor":11.0,"key":"Strength Potion"},{"floor":11.0,"key":"Regen Potion"},{"floor":12.0,"key":"SpeedPotion"},{"floor":16.0,"key":"FearPotion"},{"floor":19.0,"key":"Energy Potion"},{"floor":20.0,"key":"Energy Potion"},{"floor":24.0,"key":"Fire Potion"},{"floor":28,"key":"Weak Potion"},{"floor":29,"key":"testmod-SpacePotion"},{"floor":36,"key":"BlessingOfTheForge"},{"floor":42,"key":"AttackPotion"},{"floor":44,"key":"Fire Potion"},{"floor":46,"key":"REME_GoldPotion"}],"is_trial":false,"path_per_floor":["M","?","?","$","M","E","M","R","T","R","?","E","$","M","R","B",null,"M","M","?","M","?","E","M","R","T","R","E","M","$","?","R","B",null,"M","?","T","?","?","E","M","E","T","E","M","E","R","M","R","B",null,"R","$","E","B",null],"character_chosen":"IRONCLAD","items_purchased":["Vajra","Cleave","Warcry","Seeing Red","testmod-ComboMaster","Thunderclap","Spot Weakness","Shrug It Off","Clothesline","REME_HourglassOfDeath","Turnip","Dexterity Potion"],"campfire_rested":0,"item_purchase_floors":[4,4,13,13,25,25,25,30,53,53,53,53],"current_hp_per_floor":[100,103,113,123,134,144,149,159,169,179,189,205,215,229,240,142,260,270,280,290,300,310,316,328,342,352,362,358,375,385,285,295,276,316,327,322,332,342,352,371,390,401,411,422,433,427,454,465,475,468,496,506,516,527,548],"gold":62,"neow_bonus":"HUNDRED_GOLD","is_daily":false,"chose_seed":false,"campfire_upgraded":4,"win_rate":0.0,"timestamp":1611493766,"path_taken":["M","?","?","?","M","E","?","R","T","R","?","E","?","M","R","BOSS","M","M","?","M","?","E","?","R","T","R","E","?","$","?","R","BOSS","M","?","?","?","?","E","M","E","T","E","M","E","R","M","R","BOSS","R","$","E","BOSS"],"items_purchased_type":["Relic","Card","Card","Card","Card","Card","Card","Card","Card","Relic","Relic","Potion"],"build_version":"2020-12-22","purchased_purges":1,"victory":true,"max_hp_per_floor":[100,110,120,130,140,150,160,170,180,190,200,210,220,230,240,250,260,270,280,290,300,310,321,332,342,352,362,373,384,394,285,295,306,316,327,338,348,358,368,379,390,401,411,422,433,444,454,465,475,486,496,506,516,527,548],"card_choices":[{"not_picked":["Searing Blow","Warcry"],"picked":"Cleave","floor":1.0},{"not_picked":["Heavy Blade","Anger"],"picked":"Pommel Strike","floor":5.0},{"not_picked":["Perfected Strike","Warcry"],"picked":"Iron Wave","floor":6.0},{"not_picked":["Flame Barrier","Perfected Strike","Twin Strike"],"picked":"SKIP","floor":7.0},{"not_picked":["Sword Boomerang","Perfected Strike"],"picked":"Flex","floor":12.0},{"not_picked":["Pommel Strike","Burning Pact","Sever Soul"],"picked":"SKIP","floor":14.0},{"not_picked":["Body Slam","Heavy Blade"],"picked":"Sword Boomerang","floor":18.0},{"not_picked":["True Grit","Armaments","Feel No Pain"],"picked":"SKIP","floor":19.0},{"not_picked":["Perfected Strike","Evolve","Exhume"],"picked":"SKIP","floor":21.0},{"not_picked":["Shockwave","Rampage"],"picked":"Sword Boomerang","floor":23.0},{"not_picked":["Flame Barrier","Pommel Strike"],"picked":"Sword Boomerang","floor":24.0},{"not_picked":["Body Slam","Carnage"],"picked":"Sword Boomerang","floor":28},{"not_picked":["Fire Breathing","Body Slam","Reckless Charge"],"picked":"SKIP","floor":29},{"not_picked":["Barricade","Fiend Fire"],"picked":"Demon Form","floor":33},{"not_picked":["Rampage","Battle Trance"],"picked":"Heavy Blade+1","floor":35},{"not_picked":["Perfected Strike+1","Cleave+1"],"picked":"Flex","floor":36},{"not_picked":["Enlightenment","testmod-Automaton"],"picked":"Bandage Up","floor":39},{"not_picked":["Anger+1","True Grit+1","Bloodletting+1"],"picked":"SKIP","floor":40},{"not_picked":["Spot Weakness","Disarm","Cleave"],"picked":"SKIP","floor":41},{"not_picked":["Burning Pact","Rampage","Corruption"],"picked":"SKIP","floor":42},{"not_picked":["Sword Boomerang","REME_SingleHolding+1","Heavy Blade+1"],"picked":"SKIP","floor":44},{"not_picked":["True Grit+1","Entrench","REME_SingleHolding"],"picked":"SKIP","floor":45},{"not_picked":["Perfected Strike","REME_FearOfPain"],"picked":"Pummel+1","floor":46},{"not_picked":["Warcry","Burning Pact+1","Iron Wave"],"picked":"SKIP","floor":48},{"not_picked":["Havoc+1","Perfected Strike"],"picked":"Flex+1","floor":54}],"player_experience":504739,"relics_obtained":[{"floor":1.0,"key":"AddBug"},{"floor":5.0,"key":"REME_ComplimentaryCards"},{"floor":6.0,"key":"Blue Candle"},{"floor":9.0,"key":"Mummified Hand"},{"floor":12.0,"key":"Eternal Feather"},{"floor":14.0,"key":"Blue Candle"},{"floor":19.0,"key":"testmod-CyclicPeriapt"},{"floor":20.0,"key":"Red Mask"},{"floor":23.0,"key":"Bag of Preparation"},{"floor":24.0,"key":"Red Mask"},{"floor":28,"key":"Shuriken"},{"floor":36,"key":"testmod-IntensifyImprint"},{"floor":37,"key":"vexMod:RedPlottingStone"},{"floor":40,"key":"testmod-OneHitWonder"},{"floor":41,"key":"Vajra"},{"floor":42,"key":"Shovel"},{"floor":43,"key":"Art of War"},{"floor":45,"key":"Shovel"},{"floor":46,"key":"Bronze Scales"},{"floor":47,"key":"testmod-Déjàvu"},{"floor":49,"key":"testmod-Antiphasic"},{"floor":52,"key":"InkBottle"},{"floor":54,"key":"GodSword5"}],"event_choices":[{"cards_removed":["Strike_R"],"damage_healed":0.0,"max_hp_gain":0.0,"max_hp_loss":0.0,"gold_gain":0.0,"event_name":"Golden Wing","player_choice":"Card Removal","floor":2.0,"gold_loss":0.0,"damage_taken":7.0},{"damage_healed":0.0,"max_hp_gain":0.0,"max_hp_loss":0.0,"gold_gain":0.0,"event_name":"给自己的盒子","player_choice":"Swap Relic","floor":3.0,"relics_lost":["AddBug"],"gold_loss":0.0,"damage_taken":0.0,"relics_obtained":["AddBug"]},{"damage_healed":0.0,"max_hp_gain":0.0,"max_hp_loss":0.0,"gold_gain":0.0,"event_name":"Lab","player_choice":"Got Potions","floor":11.0,"gold_loss":0.0,"damage_taken":0.0},{"damage_healed":0.0,"max_hp_gain":0.0,"max_hp_loss":0.0,"gold_gain":0.0,"event_name":"Masked Bandits","player_choice":"Fought Bandits","floor":20.0,"gold_loss":0.0,"damage_taken":0.0},{"damage_healed":0.0,"max_hp_gain":0.0,"max_hp_loss":0.0,"gold_gain":0.0,"event_name":"FaceTrader","player_choice":"Trade","floor":22.0,"gold_loss":0.0,"damage_taken":0.0,"relics_obtained":["FaceOfCleric"]},{"damage_healed":0,"gold_gain":0,"player_choice":"Became a vampire","damage_taken":0,"max_hp_gain":0,"max_hp_loss":119,"event_name":"Vampires","floor":31,"gold_loss":0,"cards_obtained":["Bite","Bite","Bite","Bite","Bite"]},{"damage_healed":0,"gold_gain":0,"player_choice":"Fight","damage_taken":0,"max_hp_gain":0,"max_hp_loss":0,"event_name":"Mysterious Sphere","floor":36,"gold_loss":0},{"cards_removed":["Defend_R"],"damage_healed":0,"gold_gain":0,"player_choice":"Removed Skill","damage_taken":0,"max_hp_gain":0,"max_hp_loss":0,"event_name":"Falling","floor":38,"gold_loss":0},{"damage_healed":0,"gold_gain":0,"player_choice":"Memory 1","damage_taken":0,"max_hp_gain":0,"max_hp_loss":0,"event_name":"SensoryStone","floor":39,"gold_loss":0}],"is_beta":false,"boss_relics":[{"not_picked":["testmod-Recursion","REME_DuelDisc"],"picked":"EasyGame_NEW"},{"not_picked":["vexMod:CursedCompass","Black Blood"],"picked":"testmod-DeterminationOfClimber"}],"items_purged_floors":[25],"is_endless":false,"potions_floor_spawned":[5,12,16,19,20,24,28,29,36,42,44,46],"ascension_level":1}}