{"host":"Bilverbakes","time":1611531367,"event":{"mods":["2.2 Compatiblity","AchievementEnabler","BaseMod","Bestiary","Colored Map","Minty Spire (QoL Compilation)","Relic Stats","StSLib","ojb\u0027s Info Mod"],"gold_per_floor":[109,109,109,128,153,153,167,208,208,208,222,222,266,32,32,121,121,137,137,152,42,63,63,103,103,128,147,166,189,189,228,228,319,319,337,355,355,386,401,444,444,484,484,508,143,143,35,50,50,50,50,50],"floor_reached":51,"language":"ENG","playtime":2337,"items_purged":["Strike_G"],"score":1514,"play_id":"71cf952c-da5c-4e69-b9c0-62910f0c63d6","local_time":"20210124173607","is_ascension_mode":true,"campfire_choices":[{"data":"Skewer","floor":6.0,"key":"SMITH"},{"floor":10.0,"key":"REST"},{"data":"Dash","floor":12.0,"key":"SMITH"},{"data":"Leg Sweep","floor":15.0,"key":"SMITH"},{"floor":23.0,"key":"REST"},{"data":"Accuracy","floor":25.0,"key":"SMITH"},{"data":"Blade Dance","floor":32.0,"key":"SMITH"},{"floor":46,"key":"REST"},{"floor":49,"key":"RECALL"}],"circlet_count":0,"master_deck":["AscendersBane","Strike_G","Defend_G","Defend_G","Defend_G","Defend_G","Defend_G","Survivor","Neutralize","Skewer+1","Blade Dance+1","All Out Attack","Dash+1","Terror+1","Leg Sweep+1","Calculated Gamble+1","Blade Dance+1","Accuracy+1","Bullet Time+1","Backstab","Reflex+1","Quick Slash","Cloak And Dagger+1","Sucker Punch+1","Blade Dance+1","Malaise+1","Reflex+1","Thinking Ahead+1","Deflect+1","After Image","Well Laid Plans+1","Cloak And Dagger+1","Endless Agony+1"],"relics":["Ring of the Snake","The Specimen","Golden Idol","Gremlin Horn","Bottled Lightning","Toxic Egg 2","WristBlade","Centennial Puzzle","Letter Opener","SacredBark","Ginger","Peace Pipe","Art of War","Regal Pillow","Frozen Egg 2","Ninja Scroll"],"acts_visited":["Exordium","TheCity","TheBeyond"],"potions_floor_usage":[39,42,50],"damage_taken":[{"damage":0.0,"enemies":"2 Louse","floor":1.0,"turns":2.0},{"damage":7.0,"enemies":"Small Slimes","floor":4.0,"turns":4.0},{"damage":0.0,"enemies":"Jaw Worm","floor":5.0,"turns":2.0},{"damage":1.0,"enemies":"2 Fungi Beasts","floor":7.0,"turns":2.0},{"damage":22.0,"enemies":"Lagavulin","floor":8.0,"turns":7.0},{"damage":0.0,"enemies":"Lots of Slimes","floor":11.0,"turns":1.0},{"damage":5.0,"enemies":"3 Sentries","floor":13.0,"turns":5.0},{"damage":16.0,"enemies":"Hexaghost","floor":16.0,"turns":9.0},{"damage":11.0,"enemies":"Chosen","floor":18.0,"turns":4.0},{"damage":8.0,"enemies":"Shell Parasite","floor":20.0,"turns":3.0},{"damage":0.0,"enemies":"Snake Plant","floor":22.0,"turns":1.0},{"damage":0.0,"enemies":"Gremlin Leader","floor":24.0,"turns":2.0},{"damage":0.0,"enemies":"Sentry and Sphere","floor":27.0,"turns":2.0},{"damage":0.0,"enemies":"3 Cultists","floor":28.0,"turns":3.0},{"damage":0.0,"enemies":"Snecko","floor":29.0,"turns":2.0},{"damage":2.0,"enemies":"Book of Stabbing","floor":31.0,"turns":3.0},{"damage":31.0,"enemies":"Champ","floor":33.0,"turns":8.0},{"damage":10,"enemies":"3 Darklings","floor":35,"turns":3},{"damage":1,"enemies":"Orb Walker","floor":36,"turns":2},{"damage":0,"enemies":"Mind Bloom Boss Battle","floor":38,"turns":6},{"damage":0,"enemies":"3 Darklings","floor":39,"turns":1},{"damage":7,"enemies":"Nemesis","floor":40,"turns":9},{"damage":0,"enemies":"Reptomancer","floor":42,"turns":5},{"damage":19,"enemies":"Sphere and 2 Shapes","floor":44,"turns":4},{"damage":2,"enemies":"Writhing Mass","floor":48,"turns":4},{"damage":34,"enemies":"Donu and Deca","floor":50,"turns":8},{"damage":10,"enemies":"Time Eater","floor":51,"turns":1}],"seed_played":"-2909058322557181513","potions_obtained":[{"floor":1.0,"key":"AttackPotion"},{"floor":4.0,"key":"Fire Potion"},{"floor":7.0,"key":"SteroidPotion"},{"floor":8.0,"key":"LiquidMemories"},{"floor":22.0,"key":"SteroidPotion"},{"floor":27.0,"key":"Fire Potion"},{"floor":28.0,"key":"CunningPotion"},{"floor":29.0,"key":"LiquidBronze"},{"floor":31.0,"key":"Dexterity Potion"},{"floor":36,"key":"FearPotion"},{"floor":38,"key":"FearPotion"},{"floor":39,"key":"FearPotion"},{"floor":40,"key":"DuplicationPotion"}],"is_trial":false,"path_per_floor":["M","?","?","M","M","R","M","E","T","R","M","R","E","$","R","B",null,"M","?","M","?","M","R","E","R","T","M","M","M","?","E","R","B",null,"M","M","?","?","M","E","?","E","T","M","$","R","$","M","R","B","B"],"character_chosen":"THE_SILENT","items_purchased":["Blade Dance+1","Accuracy","SkillPotion","Well Laid Plans+1","Ninja Scroll","Cloak And Dagger+1","LiquidMemories"],"campfire_rested":3,"item_purchase_floors":[14,14,14,45,45,47,47],"current_hp_per_floor":[44,44,44,37,37,37,36,14,14,32,32,32,27,27,27,11,48,37,37,29,29,29,47,47,47,47,47,47,47,47,45,45,14,49,39,38,38,38,38,31,31,31,31,12,12,45,45,43,43,9,0,0],"gold":50,"neow_bonus":"ONE_RARE_RELIC","is_daily":false,"chose_seed":false,"campfire_upgraded":5,"win_rate":0.0,"timestamp":1611531367,"path_taken":["M","?","?","M","M","R","M","E","T","R","M","R","E","$","R","BOSS","M","?","M","?","M","R","E","R","T","M","M","?","?","E","R","BOSS","M","M","?","?","M","E","?","E","T","M","$","R","$","M","R","BOSS","BOSS"],"items_purchased_type":["Card","Card","Potion","Card","Relic","Card","Potion"],"build_version":"2020-12-18","purchased_purges":1,"victory":false,"max_hp_per_floor":[66,60,60,60,60,60,60,60,60,60,60,60,60,60,60,60,60,60,60,60,60,60,60,60,60,60,60,60,60,60,60,60,60,60,60,60,60,60,60,60,60,60,60,60,60,60,60,60,60,60,60,60],"relic_stats":{"Peace Pipe":0,"Centennial Puzzle":[24],"Regal Pillow":15,"Gremlin Horn":[20,22],"counters":[27,103],"Golden Idol":168,"Art of War":[1],"Letter Opener":[145],"Ginger":[1],"obtain_stats":[{"Regal Pillow":42,"The Specimen":0,"Gremlin Horn":8,"Golden Idol":2,"SacredBark":34,"Letter Opener":31,"Ginger":38,"Frozen Egg 2":43,"Peace Pipe":40,"Centennial Puzzle":24,"WristBlade":17,"Ninja Scroll":45,"Art of War":41,"Bottled Lightning":9,"Toxic Egg 2":13,"Ring of the Snake":0},{"Regal Pillow":23,"The Specimen":0,"Gremlin Horn":5,"Golden Idol":1,"SacredBark":17,"Letter Opener":16,"Ginger":20,"Frozen Egg 2":23,"Peace Pipe":22,"Centennial Puzzle":12,"WristBlade":8,"Ninja Scroll":24,"Art of War":22,"Bottled Lightning":5,"Toxic Egg 2":7,"Ring of the Snake":0},{"Regal Pillow":86,"The Specimen":0,"Gremlin Horn":17,"Golden Idol":2,"SacredBark":60,"Letter Opener":52,"Ginger":71,"Frozen Egg 2":86,"Peace Pipe":81,"Centennial Puzzle":42,"WristBlade":32,"Ninja Scroll":90,"Art of War":81,"Bottled Lightning":17,"Toxic Egg 2":23,"Ring of the Snake":0}],"Ring of the Snake":[54]},"card_choices":[{"not_picked":["Masterful Stab","Dagger Spray"],"picked":"Skewer","floor":1.0},{"not_picked":["Footwork","Choke"],"picked":"Blade Dance","floor":4.0},{"not_picked":["Deflect","Sucker Punch"],"picked":"All Out Attack","floor":5.0},{"not_picked":["Catalyst","Acrobatics"],"picked":"Dash","floor":7.0},{"not_picked":["Prepared","Blur"],"picked":"Terror","floor":8.0},{"not_picked":["Crippling Poison","Dagger Throw"],"picked":"Leg Sweep","floor":11.0},{"not_picked":["Expertise+1","Terror+1"],"picked":"Calculated Gamble+1","floor":13.0},{"not_picked":["Unload","Grand Finale"],"picked":"Bullet Time+1","floor":16.0},{"not_picked":["Deadly Poison+1","Concentrate+1"],"picked":"Backstab","floor":18.0},{"not_picked":["Masterful Stab","Poisoned Stab"],"picked":"Cloak And Dagger+1","floor":20.0},{"not_picked":["Noxious Fumes","Quick Slash"],"picked":"Sucker Punch+1","floor":22.0},{"not_picked":["Setup+1","Quick Slash","Slice"],"picked":"SKIP","floor":24.0},{"not_picked":["Slice+1","Deadly Poison+1","Blur+1"],"picked":"SKIP","floor":27.0},{"not_picked":["Finisher","Bullet Time+1","Terror+1"],"picked":"SKIP","floor":28.0},{"not_picked":["Heel Hook","Setup+1","Slice"],"picked":"SKIP","floor":29.0},{"not_picked":["Skewer","Die Die Die"],"picked":"Blade Dance+1","floor":31.0},{"not_picked":["Doppelganger+1","Envenom"],"picked":"Malaise+1","floor":33.0},{"not_picked":["Tactician+1","Flying Knee"],"picked":"Reflex+1","floor":35},{"not_picked":["Terror+1","Slice+1","Dagger Spray"],"picked":"SKIP","floor":36},{"not_picked":["Transmutation+1","Trip+1"],"picked":"Thinking Ahead+1","floor":37},{"not_picked":["Bane","Outmaneuver+1"],"picked":"Deflect+1","floor":39},{"not_picked":["Backflip+1","Cloak And Dagger+1"],"picked":"After Image","floor":40},{"not_picked":["Poisoned Stab+1","Blade Dance+1","Setup+1"],"picked":"SKIP","floor":42},{"not_picked":["Dagger Spray","Sucker Punch","Blade Dance+1"],"picked":"SKIP","floor":44},{"not_picked":["Underhanded Strike","Deadly Poison+1"],"picked":"Endless Agony+1","floor":48}],"player_experience":805587,"relics_obtained":[{"floor":8.0,"key":"Gremlin Horn"},{"floor":9.0,"key":"Bottled Lightning"},{"floor":13.0,"key":"Toxic Egg 2"},{"floor":24.0,"key":"Centennial Puzzle"},{"floor":31.0,"key":"Letter Opener"},{"floor":38,"key":"Ginger"},{"floor":40,"key":"Peace Pipe"},{"floor":42,"key":"Regal Pillow"},{"floor":43,"key":"Frozen Egg 2"}],"event_choices":[{"damage_healed":0.0,"max_hp_gain":0.0,"max_hp_loss":6.0,"gold_gain":0.0,"event_name":"Golden Idol","player_choice":"Lose Max HP","floor":2.0,"gold_loss":0.0,"damage_taken":0.0,"relics_obtained":["Golden Idol"]},{"damage_healed":0.0,"max_hp_gain":0.0,"max_hp_loss":0.0,"gold_gain":0.0,"event_name":"Liars Game","player_choice":"Ignored","floor":3.0,"gold_loss":0.0,"damage_taken":0.0},{"damage_healed":0.0,"max_hp_gain":0.0,"max_hp_loss":0.0,"gold_gain":0.0,"cards_transformed":["Strike_G","Strike_G"],"event_name":"Drug Dealer","player_choice":"Became Test Subject","floor":19.0,"gold_loss":0.0,"damage_taken":0.0,"cards_obtained":["Reflex","Quick Slash"]},{"cards_removed":["Strike_G"],"damage_healed":0.0,"max_hp_gain":0.0,"max_hp_loss":0.0,"gold_gain":0.0,"event_name":"Designer","player_choice":"Upgrade and Remove","floor":21.0,"gold_loss":110.0,"damage_taken":0.0,"cards_upgraded":["Terror"]},{"damage_healed":0.0,"max_hp_gain":0.0,"max_hp_loss":0.0,"gold_gain":0.0,"event_name":"Vampires","player_choice":"Ignored","floor":30.0,"gold_loss":0.0,"damage_taken":0.0},{"damage_healed":0,"gold_gain":0,"player_choice":"Memory 1","damage_taken":0,"max_hp_gain":0,"max_hp_loss":0,"event_name":"SensoryStone","floor":37,"gold_loss":0},{"damage_healed":0,"gold_gain":0,"player_choice":"Fight","damage_taken":0,"max_hp_gain":0,"max_hp_loss":0,"event_name":"MindBloom","floor":38,"gold_loss":0},{"damage_healed":0,"gold_gain":0,"player_choice":"Gave Potion","damage_taken":0,"relics_obtained":["Art of War"],"max_hp_gain":0,"max_hp_loss":0,"event_name":"WeMeetAgain","floor":41,"gold_loss":0}],"is_beta":true,"boss_relics":[{"not_picked":["Tiny House","Runic Dome"],"picked":"WristBlade"},{"not_picked":["Pandora\u0027s Box","Ring of the Serpent"],"picked":"SacredBark"}],"items_purged_floors":[14],"is_endless":false,"potions_floor_spawned":[1,4,7,8,22,27,28,29,31,36,38,39,40],"killed_by":"Time Eater","ascension_level":20}}