{"host":"1rf9pknejqhzkc4o","time":1611521676,"event":{"mods":["A Penny For Your Troubles","BaseMod","Better Altar","Better Match","Better Note","Better Sensory Stone","Better Skull","Better Third Choice","Colored Map","Colored Powertips","Communication Mod","Displayed Cursed Tome","Minty Spire (QoL Compilation)","Quick Restart","RNG Fix","Rare Cards Sparkle","Relic Stats","StSLib"],"gold_per_floor":[118,118,118,118,141,172,186,186,268,268,43,43,56,71,71,71,71],"floor_reached":16,"language":"ENG","playtime":435,"items_purged":[],"score":125,"play_id":"14170d8a-82c5-44c4-9593-71358e59b524","local_time":"20210124235436","is_ascension_mode":false,"campfire_choices":[{"data":"Deadly Poison","floor":15,"key":"SMITH"}],"circlet_count":0,"master_deck":["Strike_G","Strike_G","Strike_G","Strike_G","Strike_G+1","Defend_G","Defend_G","Defend_G","Defend_G","Defend_G","Survivor+1","Neutralize","Backstab","Quick Slash","Flying Knee+1","Deflect","Deadly Poison+1","Poisoned Stab","Deflect","PiercingWail"],"relics":["Ring of the Snake","NeowsBlessing","Golden Idol","Paper Crane","Mummified Hand","TwistedFunnel","Pear"],"acts_visited":["Exordium"],"potions_floor_usage":[],"damage_taken":[{"damage":0,"enemies":"2 Louse","floor":1,"turns":1},{"damage":0,"enemies":"Small Slimes","floor":5,"turns":1},{"damage":0,"enemies":"Lagavulin","floor":6,"turns":1},{"damage":0,"enemies":"Cultist","floor":7,"turns":3},{"damage":0,"enemies":"Blue Slaver","floor":13,"turns":2},{"damage":4,"enemies":"Red Slaver","floor":14,"turns":2},{"damage":50,"enemies":"Slime Boss","floor":16,"turns":10}],"seed_played":"-559282171061686584","potions_obtained":[{"floor":6,"key":"SkillPotion"},{"floor":7,"key":"Weak Potion"},{"floor":13,"key":"Ancient Potion"},{"floor":14,"key":"FearPotion"}],"is_trial":false,"path_per_floor":["M","?","?","$","M","E","M","?","T","?","$","?","M","M","R","B"],"character_chosen":"THE_SILENT","items_purchased":["TwistedFunnel","Deadly Poison","Poisoned Stab"],"campfire_rested":0,"item_purchase_floors":[11,11,11],"current_hp_per_floor":[70,56,39,39,39,39,39,39,39,39,39,49,49,45,45,0,0],"gold":71,"neow_bonus":"THREE_ENEMY_KILL","is_daily":false,"chose_seed":false,"campfire_upgraded":1,"win_rate":0.0,"timestamp":1611521676,"path_taken":["M","?","?","$","?","E","M","?","T","?","?","?","M","M","R","BOSS"],"items_purchased_type":["Relic","Card","Card"],"build_version":"2020-12-22","purchased_purges":0,"victory":false,"max_hp_per_floor":[70,70,70,70,70,70,70,70,70,70,70,80,80,80,80,80,80],"relic_stats":{"counters":[7,20],"Golden Idol":20,"Mummified Hand":[0],"obtain_stats":[{"TwistedFunnel":11,"Pear":12,"NeowsBlessing":0,"Golden Idol":3,"Mummified Hand":9,"Paper Crane":6,"Ring of the Snake":0},{"TwistedFunnel":4,"Pear":4,"NeowsBlessing":0,"Golden Idol":1,"Mummified Hand":4,"Paper Crane":3,"Ring of the Snake":0},{"TwistedFunnel":6,"Pear":6,"NeowsBlessing":0,"Golden Idol":1,"Mummified Hand":6,"Paper Crane":3,"Ring of the Snake":0}],"Ring of the Snake":[14]},"card_choices":[{"not_picked":["Tactician","Crippling Poison"],"picked":"Backstab","floor":1},{"not_picked":["Backflip","Caltrops"],"picked":"Quick Slash","floor":5},{"not_picked":["Dash","Crippling Poison"],"picked":"Flying Knee","floor":6},{"not_picked":["Footwork","Well Laid Plans"],"picked":"Deflect","floor":7},{"not_picked":["Footwork","Outmaneuver"],"picked":"Deflect","floor":13},{"not_picked":["Dagger Throw","Blade Dance"],"picked":"PiercingWail","floor":14}],"player_experience":146248,"relics_obtained":[{"floor":6,"key":"Paper Crane"},{"floor":9,"key":"Mummified Hand"}],"event_choices":[{"damage_healed":70,"gold_gain":0,"player_choice":"Upgrade","damage_taken":14,"max_hp_gain":0,"max_hp_loss":70,"event_name":"betterThird:BetterShining","floor":2,"gold_loss":0,"cards_upgraded":["Strike_G","Survivor"]},{"damage_healed":0,"gold_gain":0,"player_choice":"Take Damage","damage_taken":17,"relics_obtained":["Golden Idol"],"max_hp_gain":0,"max_hp_loss":0,"event_name":"Golden Idol","floor":3,"gold_loss":0},{"damage_healed":0,"gold_gain":0,"player_choice":"Grow","damage_taken":0,"max_hp_gain":0,"max_hp_loss":0,"event_name":"Living Wall","floor":8,"gold_loss":0,"cards_upgraded":["Flying Knee"]},{"damage_healed":0,"gold_gain":0,"player_choice":"Bought 0 Potions","damage_taken":0,"max_hp_gain":0,"max_hp_loss":0,"event_name":"The Woman in Blue","floor":10,"gold_loss":0},{"damage_healed":0,"gold_gain":0,"player_choice":"Gave Potion","damage_taken":0,"relics_obtained":["Pear"],"max_hp_gain":0,"max_hp_loss":0,"event_name":"WeMeetAgain","floor":12,"gold_loss":0}],"is_beta":false,"boss_relics":[],"items_purged_floors":[],"is_endless":false,"potions_floor_spawned":[6,7,13,14],"killed_by":"Slime Boss","ascension_level":0}}