{"host":"c2bue2hyafvtxka5","time":1611500279,"event":{"mods":["BaseMod","Hermit","Minty Spire (QoL Compilation)","StSLib","The Cursed","The Disciple","The Necromancer","The Servant 0.9.4"],"gold_per_floor":[114,189,189,189,87,87,117,129,129,50,80,93,93,110,110,207,207,220,220,220,230,249,249,249],"floor_reached":23,"language":"ENG","playtime":612,"items_purged":["Strike_W"],"score":246,"play_id":"6bf57846-7453-4d09-a81c-637d1d08c385","local_time":"20210124095759","is_ascension_mode":true,"campfire_choices":[{"data":"Bone_Wall","floor":6,"key":"SMITH"},{"data":"Negative_Energy_Arrows","floor":13,"key":"SMITH"},{"data":"Summon_Undead_Army","floor":15,"key":"SMITH"}],"circlet_count":0,"master_deck":["Strike_W","Strike_W","Defend_W","Defend_W","Defend_W+1","Defend_W+1","Negative_Energy_Arrows+1","Bone_Wall+1","Bone_Shift","Bone_Spikes","Negative_Energy_Sphere","Summon_Undead_Army+1","Stop_Heart","Cloudkill","Bone_Armor+1","Writhe"],"relics":["Vampire_Amulet","NeowsBlessing","War Paint","Ornamental Fan","InkBottle","Unceasing Top","Runic Dome","Pantograph","Nilry\u0027s Codex"],"acts_visited":["Exordium","TheCity"],"potions_floor_usage":[16,16],"damage_taken":[{"damage":0,"enemies":"2 Louse","floor":1,"turns":1},{"damage":0,"enemies":"Gremlin Nob","floor":7,"turns":1},{"damage":0,"enemies":"Jaw Worm","floor":8,"turns":1},{"damage":17,"enemies":"3 Sentries","floor":11,"turns":7},{"damage":6,"enemies":"Small Slimes","floor":12,"turns":4},{"damage":1,"enemies":"Blue Slaver","floor":14,"turns":4},{"damage":23,"enemies":"Hexaghost","floor":16,"turns":9},{"damage":8,"enemies":"3 Byrds","floor":18,"turns":4},{"damage":0,"enemies":"Spheric Guardian","floor":21,"turns":4},{"damage":30,"enemies":"Snake Plant","floor":22,"turns":5},{"damage":33,"enemies":"Slavers","floor":23,"turns":3}],"seed_played":"-3257038748424711407","potions_obtained":[{"floor":1,"key":"Ancient Potion"},{"floor":7,"key":"SneckoOil"},{"floor":14,"key":"Energy Potion"},{"floor":21,"key":"Dexterity Potion"},{"floor":22,"key":"Ancient Potion"}],"is_trial":false,"path_per_floor":["M","?","?","?","$","R","E","M","T","$","E","M","R","M","R","B",null,"M","?","?","M","M","E"],"character_chosen":"NECROMANCER","items_purchased":["Bone_Shift","Summon_Undead_Army"],"campfire_rested":0,"item_purchase_floors":[5,10],"current_hp_per_floor":[75,64,64,61,61,61,63,65,65,65,54,52,52,53,53,32,75,73,73,57,59,31,0,0],"gold":249,"neow_bonus":"THREE_ENEMY_KILL","is_daily":false,"chose_seed":false,"campfire_upgraded":3,"win_rate":0.0,"timestamp":1611500279,"path_taken":["M","?","?","?","$","R","E","M","T","$","E","M","R","M","R","BOSS","M","?","?","M","M","E"],"items_purchased_type":["Card","Card"],"build_version":"2020-12-22","purchased_purges":1,"victory":false,"max_hp_per_floor":[75,75,75,75,75,75,75,75,75,75,75,75,75,75,75,75,75,75,75,75,75,75,75,75],"card_choices":[{"not_picked":["Toxic_Smoke_Screen","Bone_Shift","Negative_Energy_Shield"],"picked":"SKIP","floor":1},{"not_picked":["Chill_Blood","Blood_for_Blood"],"picked":"Bone_Spikes","floor":7},{"not_picked":["Blood_Shield","Reap_The_Weak"],"picked":"Negative_Energy_Sphere","floor":8},{"not_picked":["Shackles_Of_Pain","Toxic_Smoke_Screen"],"picked":"Stop_Heart","floor":11},{"not_picked":["Negative_Energy_Javelin","Death_Coil","Negative_Energy_Shield"],"picked":"SKIP","floor":12},{"not_picked":["Slay_Living","Bone_Shift","Blood_Curse"],"picked":"SKIP","floor":14},{"not_picked":["Reap_The_Weak","Blood_Magic"],"picked":"Cloudkill","floor":16},{"not_picked":["Negative_Energy_Sphere","Blood_Whip"],"picked":"Bone_Armor+1","floor":18},{"not_picked":["Bone_Spikes","Strike_from_Beyond","Necromantic_Selection"],"picked":"SKIP","floor":21},{"not_picked":["Bone_Spikes","Negative_Energy_Javelin","Finger_Of_Death"],"picked":"SKIP","floor":22}],"player_experience":91722,"relics_obtained":[{"floor":7,"key":"Ornamental Fan"},{"floor":9,"key":"InkBottle"},{"floor":11,"key":"Unceasing Top"},{"floor":20,"key":"Nilry\u0027s Codex"}],"event_choices":[{"damage_healed":0,"gold_gain":75,"player_choice":"Gather Gold","damage_taken":11,"max_hp_gain":0,"max_hp_loss":0,"event_name":"World of Goop","floor":2,"gold_loss":0},{"cards_removed":["Strike_W"],"damage_healed":0,"gold_gain":0,"player_choice":"Forget","damage_taken":0,"max_hp_gain":0,"max_hp_loss":0,"event_name":"Living Wall","floor":3,"gold_loss":0},{"damage_healed":0,"gold_gain":0,"player_choice":"Success","damage_taken":3,"relics_obtained":["War Paint"],"max_hp_gain":0,"max_hp_loss":0,"event_name":"Scrap Ooze","floor":4,"gold_loss":0},{"damage_healed":0,"gold_gain":0,"player_choice":"Opened","damage_taken":0,"relics_obtained":["Pantograph"],"max_hp_gain":0,"max_hp_loss":0,"event_name":"The Mausoleum","floor":19,"gold_loss":0,"cards_obtained":["Writhe"]},{"damage_healed":0,"gold_gain":0,"player_choice":"Obtained Book","damage_taken":16,"max_hp_gain":0,"max_hp_loss":0,"event_name":"Cursed Tome","floor":20,"gold_loss":0}],"is_beta":false,"boss_relics":[{"not_picked":["Empty Cage","SacredBark"],"picked":"Runic Dome"}],"items_purged_floors":[5],"is_endless":false,"potions_floor_spawned":[1,7,14,21,22],"killed_by":"Slavers","ascension_level":2}}