{"host":"kh6fvhxn285ncg0o","time":1611495306,"event":{"mods":["Act Like it!","BaseMod","Colored Map","Friendly Minions","Keyboard Shortcuts","Minty Spire (QoL Compilation)","Quick Restart","Relic Stats","StSLib","SuperFastMode","UnlockEverythingMod"],"gold_per_floor":[115,115,134,209,134,134,164,164,215,226,277,296,325,343,343,417,417,432,281,91,91,91],"floor_reached":21,"language":"KOR","playtime":354,"items_purged":["Strike_R","Strike_R"],"score":428,"play_id":"ca273793-7ed1-4fc3-ae52-7b15275f7892","local_time":"20210124223506","is_ascension_mode":true,"campfire_choices":[{"data":"Bash","floor":6.0,"key":"SMITH"},{"floor":8.0,"key":"RECALL"},{"data":"Spot Weakness","floor":15.0,"key":"SMITH"}],"circlet_count":0,"master_deck":["AscendersBane","Strike_R+1","Strike_R+1","Defend_R","Defend_R","Defend_R","Defend_R","Bash+1","Iron Wave","Power Through","Fiend Fire","Spot Weakness+1","Feed","Evolve","Finesse"],"relics":["Burning Blood","NeowsBlessing","Oddly Smooth Stone","Omamori","Philosopher\u0027s Stone"],"acts_visited":["Exordium","TheCity"],"potions_floor_usage":[],"damage_taken":[{"damage":0.0,"enemies":"2 Louse","floor":1.0,"turns":1.0},{"damage":0.0,"enemies":"Jaw Worm","floor":3.0,"turns":1.0},{"damage":0.0,"enemies":"3 Sentries","floor":7.0,"turns":1.0},{"damage":6.0,"enemies":"Cultist","floor":10.0,"turns":3.0},{"damage":6.0,"enemies":"Large Slime","floor":11.0,"turns":5.0},{"damage":0.0,"enemies":"Blue Slaver","floor":12.0,"turns":4.0},{"damage":38.0,"enemies":"Gremlin Nob","floor":13.0,"turns":5.0},{"damage":0.0,"enemies":"Looter","floor":14.0,"turns":3.0},{"damage":26.0,"enemies":"Hexaghost","floor":16.0,"turns":8.0},{"damage":9.0,"enemies":"Shell Parasite","floor":18.0,"turns":5.0},{"damage":2,"enemies":"3 Byrds","floor":21,"turns":2}],"seed_played":"8028535341039800249","potions_obtained":[{"floor":7.0,"key":"DuplicationPotion"},{"floor":10.0,"key":"ColorlessPotion"},{"floor":13.0,"key":"Explosive Potion"},{"floor":14.0,"key":"BloodPotion"},{"floor":16.0,"key":"Block Potion"},{"floor":18.0,"key":"SteroidPotion"}],"is_trial":false,"path_per_floor":["M","?","M","?","?","R","E","R","T","M","M","M","E","M","R","B",null,"M","$","$","M"],"character_chosen":"IRONCLAD","items_purchased":["Evolve","Finesse"],"campfire_rested":0,"item_purchase_floors":[19,20],"current_hp_per_floor":[74,51,57,46,46,46,52,52,52,52,52,58,26,32,32,12,59,56,56,56,54,54],"gold":91,"neow_bonus":"THREE_ENEMY_KILL","is_daily":false,"chose_seed":false,"campfire_upgraded":2,"win_rate":0.0,"timestamp":1611495306,"path_taken":["M","?","M","?","?","R","E","R","T","M","M","?","E","M","R","BOSS","M","?","$","M"],"items_purchased_type":["Card","Card"],"build_version":"2020-12-22","purchased_purges":2,"victory":false,"max_hp_per_floor":[75,75,75,75,75,75,75,75,75,75,75,75,75,75,75,75,75,75,75,75,75,75],"relic_stats":{"counters":[11,38],"obtain_stats":[{"NeowsBlessing":0,"Oddly Smooth Stone":7,"Philosopher\u0027s Stone":17,"Omamori":13,"Burning Blood":0},{"NeowsBlessing":0,"Oddly Smooth Stone":3,"Philosopher\u0027s Stone":9,"Omamori":7,"Burning Blood":0},{"NeowsBlessing":0,"Oddly Smooth Stone":3,"Philosopher\u0027s Stone":31,"Omamori":20,"Burning Blood":0}],"Burning Blood":60},"card_choices":[{"not_picked":["Warcry","Cleave"],"picked":"Iron Wave","floor":10.0},{"not_picked":["Shrug It Off","Blood for Blood"],"picked":"Power Through","floor":11.0},{"not_picked":["Dropkick","Sword Boomerang"],"picked":"Fiend Fire","floor":12.0},{"not_picked":["Metallicize","Searing Blow","Power Through"],"picked":"SKIP","floor":13.0},{"not_picked":["Whirlwind","Wild Strike"],"picked":"Spot Weakness","floor":14.0},{"not_picked":["Bludgeon","Impervious"],"picked":"Feed","floor":16.0}],"player_experience":1266881,"relics_obtained":[{"floor":7.0,"key":"Oddly Smooth Stone"},{"floor":13.0,"key":"Omamori"}],"event_choices":[{"damage_healed":0.0,"max_hp_gain":0.0,"max_hp_loss":0.0,"gold_gain":0.0,"event_name":"Shining Light","player_choice":"Entered Light","floor":2.0,"gold_loss":0.0,"damage_taken":23.0,"cards_upgraded":["Strike_R","Strike_R"]},{"damage_healed":0.0,"max_hp_gain":0.0,"max_hp_loss":0.0,"gold_gain":75.0,"event_name":"World of Goop","player_choice":"Gather Gold","floor":4.0,"gold_loss":0.0,"damage_taken":11.0},{"cards_removed":["Strike_R"],"damage_healed":0.0,"max_hp_gain":0.0,"max_hp_loss":0.0,"gold_gain":0.0,"event_name":"The Cleric","player_choice":"Card Removal","floor":5.0,"gold_loss":75.0,"damage_taken":0.0}],"is_beta":false,"boss_relics":[{"not_picked":["Empty Cage","Black Star"],"picked":"Philosopher\u0027s Stone"}],"items_purged_floors":[19,20],"is_endless":false,"potions_floor_spawned":[7,10,13,14,16,18],"killed_by":"3 Byrds","ascension_level":20}}