{"host":"d7fiu2yjkssjxoz6","time":1611475534,"event":{"mods":["AchievementEnabler","BaseMod","Duelist Mod","Minty Spire (QoL Compilation)","StSLib"],"gold_per_floor":[142,105,115,115,115,149,167,167,167],"floor_reached":8,"language":"ENG","playtime":687,"items_purged":[],"score":73,"play_id":"d0cd6a36-6946-418c-97d2-5ee5675221bc","local_time":"20210124000534","is_ascension_mode":true,"campfire_choices":[],"circlet_count":0,"master_deck":["theDuelist:CastleWalls","theDuelist:CastleWalls","theDuelist:ColossalFighter","theDuelist:CommandKnight","theDuelist:FeedbackWarrior","theDuelist:FeedbackWarrior","theDuelist:MightyWarrior","theDuelist:Sparks","theDuelist:Sparks","theDuelist:SuperheavySoulbuster","theDuelist:DestroyerGolem","theDuelist:SuperheavyBlueBrawler+1","theDuelist:DarkFactory","theDuelist:SummoningCurse","theDuelist:EvilswarmHeliotrope","theDuelist:MeteorDestruction"],"relics":["theDuelist:MillenniumPuzzle","theDuelist:CardPoolRelic","theDuelist:CardPoolBasicRelic","theDuelist:BoosterPackPoolRelic","theDuelist:CardPoolAddRelic","theDuelist:CardPoolMinusRelic","theDuelist:CardPoolSaveRelic","theDuelist:CardPoolOptionsRelic","theDuelist:MillenniumNecklace","theDuelist:ElectricBurst"],"acts_visited":["Exordium"],"potions_floor_usage":[7,8],"damage_taken":[{"damage":7,"enemies":"2 Louse","floor":1,"turns":2},{"damage":0,"enemies":"Small Slimes","floor":3,"turns":3},{"damage":61,"enemies":"Lagavulin","floor":6,"turns":9},{"damage":0,"enemies":"Cultist","floor":7,"turns":3},{"damage":14,"enemies":"Gremlin Nob","floor":8,"turns":3}],"seed_played":"6582691548342951956","potions_obtained":[{"floor":3,"key":"theDuelist:BottledKuriboh"},{"floor":6,"key":"theDuelist:MegaupgradePotion"},{"floor":7,"key":"SpeedPotion"},{"floor":7,"key":"AttackPotion"}],"is_trial":false,"path_per_floor":["M","$","M","?","?","E","M","E"],"character_chosen":"THE_DUELIST","items_purchased":["theDuelist:SuperheavyBlueBrawler"],"campfire_rested":0,"item_purchase_floors":[2],"current_hp_per_floor":[73,73,73,73,73,12,12,0,0],"gold":167,"neow_bonus":"TEN_PERCENT_HP_BONUS","is_daily":false,"chose_seed":false,"campfire_upgraded":0,"win_rate":0.0,"timestamp":1611475534,"path_taken":["M","$","M","?","?","E","M","E"],"items_purchased_type":["Card"],"build_version":"2020-12-22","purchased_purges":0,"victory":false,"max_hp_per_floor":[88,88,88,88,88,88,88,88,88],"card_choices":[{"not_picked":["theDuelist:LightningVortex","theDuelist:ScrapFactory","theDuelist:WingedKuribohLv9","theDuelist:Electrowhip"],"picked":"theDuelist:DestroyerGolem","floor":1},{"not_picked":["theDuelist:EarthquakeGiant","theDuelist:PotAvarice","theDuelist:RainbowKuriboh","theDuelist:Reload"],"picked":"theDuelist:DarkFactory","floor":3},{"not_picked":["theDuelist:LightningVortex","theDuelist:RainbowOverdragon","theDuelist:WormKing","theDuelist:MudragonSwamp"],"picked":"theDuelist:EvilswarmHeliotrope","floor":6},{"not_picked":["theDuelist:CombinationAttack","theDuelist:WarriorReturningAlive","theDuelist:DeltaAttacker","theDuelist:CircleFireKings"],"picked":"theDuelist:MeteorDestruction","floor":7}],"player_experience":257442,"relics_obtained":[{"floor":6,"key":"theDuelist:ElectricBurst"}],"event_choices":[{"damage_healed":0,"gold_gain":0,"player_choice":"Grow","damage_taken":0,"max_hp_gain":0,"max_hp_loss":0,"event_name":"Living Wall","floor":4,"gold_loss":0,"cards_upgraded":["theDuelist:SuperheavyBlueBrawler"]},{"damage_healed":0,"gold_gain":0,"player_choice":"Took item - Received: Millennium Necklace","duelist":true,"damage_taken":0,"max_hp_gain":0,"max_hp_loss":0,"event_name":"Millennium Items","floor":5,"gold_loss":0}],"is_beta":false,"boss_relics":[],"items_purged_floors":[],"is_endless":false,"potions_floor_spawned":[3,7],"killed_by":"Gremlin Nob","ascension_level":6}}