{"host":"h0xw20cia6ppa69g","time":1611471655,"event":{"mods":["AchievementEnabler","BaseMod","Colored Map","Filter the Spire","Googly Eyes","Minty Spire (QoL Compilation)","Relic Stats","StSLib","The Awakened One except there are too many feathers","everything is the same but u backflip on backflip"],"gold_per_floor":[115,115,115,115,215,250,250,286,286,309,329,329,353,396,396,524,524,537,47,47,67,111,111,144,158,237,13,13,13,36,79,79,205,205,228,293,311,644,866,866,898,913,913,406,422,456,456,456,456,456,456,456,42,71,71],"floor_reached":56,"language":"ENG","playtime":3560,"items_purged":["Writhe","Shame","Gash"],"score":1642,"play_id":"50a13112-37bd-4b4c-9117-85292861c9e6","local_time":"20210124010055","is_ascension_mode":true,"campfire_choices":[{"data":"Zap","floor":7.0,"key":"SMITH"},{"data":"Fission","floor":12.0,"key":"SMITH"},{"data":"Fission","floor":15.0,"key":"SMITH"},{"data":"Biased Cognition","floor":23.0,"key":"SMITH"},{"floor":32.0,"key":"REST"},{"floor":40.0,"key":"RECALL"},{"data":"Recycle","floor":49.0,"key":"SMITH"},{"data":"Madness","floor":52.0,"key":"SMITH"}],"circlet_count":0,"master_deck":["Zap+1","Dualcast","Compile Driver","Undo","Fission+1","Stack","Fission+1","Steam","Skim","FTL","All For One","Creative AI","Genetic Algorithm","Beam Cell","Turbo","Core Surge","Biased Cognition+1","Hologram","Storm","Cold Snap","Rebound","Coolheaded+1","Heatsinks","Consume","Leap","Turbo","Conserve Battery+1","Multi-Cast","Coolheaded+1","Leap+1","Steam+1","Turbo+1","Self Repair+1","Echo Form","Recycle+1","Panache","Master of Strategy+1","Madness+1","Madness","Storm","Master of Strategy","Reinforced Body+1"],"relics":["Pandora\u0027s Box","HornCleat","DataDisk","Pantograph","Boot","Black Star","Chemical X","Matryoshka","White Beast Statue","Red Mask","Nunchaku","Darkstone Periapt","Sundial","Juzu Bracelet","Art of War","Dream Catcher","TungstenRod","Bag of Preparation","Philosopher\u0027s Stone","Incense Burner","Blood Vial","Regal Pillow","Question Card","Strange Spoon","Bottled Flame","Ancient Tea Set","Happy Flower","Membership Card","Toy Ornithopter","Pear","War Paint"],"acts_visited":["Exordium","TheCity","TheBeyond","TheEnding"],"potions_floor_usage":[55,55,55],"damage_taken":[{"damage":0.0,"enemies":"Jaw Worm","floor":1.0,"turns":5.0},{"damage":26.0,"enemies":"Gremlin Nob","floor":6.0,"turns":5.0},{"damage":0.0,"enemies":"Lagavulin","floor":8.0,"turns":5.0},{"damage":1.0,"enemies":"Small Slimes","floor":10.0,"turns":4.0},{"damage":0.0,"enemies":"Cultist","floor":11.0,"turns":3.0},{"damage":0.0,"enemies":"3 Louse","floor":13.0,"turns":3.0},{"damage":10.0,"enemies":"3 Sentries","floor":14.0,"turns":9.0},{"damage":0.0,"enemies":"Slime Boss","floor":16.0,"turns":4.0},{"damage":10.0,"enemies":"Shell Parasite","floor":18.0,"turns":7.0},{"damage":5.0,"enemies":"3 Byrds","floor":21.0,"turns":5.0},{"damage":0.0,"enemies":"Masked Bandits","floor":22.0,"turns":3.0},{"damage":26.0,"enemies":"Slavers","floor":24.0,"turns":5.0},{"damage":20.0,"enemies":"Shelled Parasite and Fungi","floor":25.0,"turns":5.0},{"damage":2.0,"enemies":"Snake Plant","floor":30.0,"turns":3.0},{"damage":5.0,"enemies":"Book of Stabbing","floor":31.0,"turns":7.0},{"damage":2.0,"enemies":"Collector","floor":33.0,"turns":8.0},{"damage":3.0,"enemies":"Orb Walker","floor":35.0,"turns":3.0},{"damage":0.0,"enemies":"2 Orb Walkers","floor":36.0,"turns":4.0},{"damage":0.0,"enemies":"3 Shapes","floor":37.0,"turns":6.0},{"damage":0.0,"enemies":"Nemesis","floor":41.0,"turns":7.0},{"damage":0.0,"enemies":"Spire Growth","floor":42.0,"turns":5.0},{"damage":0.0,"enemies":"3 Darklings","floor":45.0,"turns":4.0},{"damage":0.0,"enemies":"Giant Head","floor":46.0,"turns":12.0},{"damage":0.0,"enemies":"Donu and Deca","floor":50.0,"turns":7.0},{"damage":0.0,"enemies":"Shield and Spear","floor":54.0,"turns":4.0},{"damage":14,"enemies":"The Heart","floor":55,"turns":7}],"seed_played":"-5164159383776574741","potions_obtained":[{"floor":1.0,"key":"FairyPotion"},{"floor":11.0,"key":"AttackPotion"},{"floor":14.0,"key":"Strength Potion"},{"floor":21.0,"key":"Ancient Potion"},{"floor":22.0,"key":"ColorlessPotion"},{"floor":25.0,"key":"PotionOfCapacity"},{"floor":31.0,"key":"Regen Potion"},{"floor":36.0,"key":"PotionOfCapacity"}],"is_trial":false,"path_per_floor":["M","?","?","?","?","E","R","E","T","M","M","R","M","E","R","B",null,"M","$","?","M","?","R","E","M","T","$","?","?","M","E","R","B",null,"M","?","M","?","?","R","E","M","T","$","M","E","?","?","R","B",null,"R","$","E","B",null],"character_chosen":"DEFECT","items_purchased":["Chemical X","Matryoshka","Storm","Cold Snap","Art of War","Strange Spoon","Bottled Flame","Membership Card","Storm","Toy Ornithopter","Master of Strategy"],"campfire_rested":1,"item_purchase_floors":[19,19,19,19,27,44,44,53,53,53,53],"current_hp_per_floor":[75,57,57,57,57,31,31,31,31,30,30,30,30,20,20,45,75,65,65,65,60,60,60,34,14,14,14,20,20,18,13,37,60,81,78,78,78,78,78,78,78,80,80,80,81,81,72,63,63,81,81,81,81,91,91],"gold":71,"neow_bonus":"BOSS_RELIC","is_daily":false,"chose_seed":false,"campfire_upgraded":6,"win_rate":0.0,"timestamp":1611471655,"path_taken":["M","?","?","?","?","E","R","E","T","M","M","R","M","E","R","BOSS","M","?","?","M","?","R","E","M","T","?","?","?","M","E","R","BOSS","M","?","M","?","?","R","E","M","T","$","M","E","?","?","R","BOSS","R","$","E","BOSS"],"items_purchased_type":["Relic","Relic","Card","Card","Relic","Relic","Relic","Relic","Card","Relic","Card"],"build_version":"2020-12-22","purchased_purges":3,"victory":true,"max_hp_per_floor":[75,75,75,75,75,75,75,75,75,75,75,75,75,75,75,75,75,75,75,75,75,75,75,75,75,75,75,81,81,81,81,81,81,81,81,81,81,81,81,81,81,81,81,81,81,81,81,81,81,81,81,81,81,91,91],"relic_stats":{"Darkstone Periapt":6,"Regal Pillow":0,"Happy Flower":[6],"counters":[26,140],"Juzu Bracelet":2,"Bag of Preparation":[22],"War Paint":["Conserve Battery","Master of Strategy"],"Boot":[135],"Question Card":6,"Blood Vial":5,"Strange Spoon":[22],"Nunchaku":[16],"Dream Catcher":1,"Sundial":[14],"Pantograph":66,"Pandora\u0027s Box":["Aggregate","Compile Driver","Undo","Fission","Stack","Fission","Steam","Skim"],"Black Star":5,"Art of War":[12],"Chemical X":[16],"obtain_stats":[{"Darkstone Periapt":24,"Regal Pillow":41,"Juzu Bracelet":26,"Bag of Preparation":31,"Incense Burner":36,"Boot":14,"Ancient Tea Set":46,"Blood Vial":41,"Nunchaku":24,"Dream Catcher":28,"HornCleat":6,"Matryoshka":19,"Sundial":26,"Pantograph":9,"Philosopher\u0027s Stone":34,"Red Mask":22,"Chemical X":19,"Cracked Core":0,"Pear":54,"Happy Flower":46,"Golden Idol":2,"War Paint":54,"Question Card":43,"White Beast Statue":20,"Strange Spoon":44,"DataDisk":8,"Bottled Flame":44,"Pandora\u0027s Box":0,"Black Star":17,"Art of War":27,"Membership Card":53,"TungstenRod":31,"Toy Ornithopter":53},{"Darkstone Periapt":12,"Regal Pillow":20,"Juzu Bracelet":13,"Bag of Preparation":15,"Incense Burner":18,"Boot":7,"Ancient Tea Set":23,"Blood Vial":20,"Nunchaku":12,"Dream Catcher":13,"HornCleat":2,"Matryoshka":9,"Sundial":13,"Pantograph":3,"Philosopher\u0027s Stone":16,"Red Mask":11,"Chemical X":9,"Cracked Core":0,"Pear":25,"Happy Flower":23,"Golden Idol":1,"War Paint":25,"Question Card":21,"White Beast Statue":9,"Strange Spoon":21,"DataDisk":3,"Bottled Flame":21,"Pandora\u0027s Box":0,"Black Star":8,"Art of War":13,"Membership Card":24,"TungstenRod":15,"Toy Ornithopter":24},{"Darkstone Periapt":58,"Regal Pillow":101,"Juzu Bracelet":63,"Bag of Preparation":73,"Incense Burner":88,"Boot":34,"Ancient Tea Set":122,"Blood Vial":101,"Nunchaku":58,"Dream Catcher":63,"HornCleat":10,"Matryoshka":45,"Sundial":63,"Pantograph":15,"Philosopher\u0027s Stone":81,"Red Mask":53,"Chemical X":45,"Cracked Core":0,"Pear":133,"Happy Flower":122,"Golden Idol":5,"War Paint":133,"Question Card":106,"White Beast Statue":45,"Strange Spoon":106,"DataDisk":15,"Bottled Flame":106,"Pandora\u0027s Box":0,"Black Star":38,"Art of War":63,"Membership Card":129,"TungstenRod":73,"Toy Ornithopter":129}],"TungstenRod":38,"Toy Ornithopter":14},"card_choices":[{"not_picked":["Leap","Stack"],"picked":"FTL","floor":1.0},{"not_picked":["Sunder","Reprogram"],"picked":"Gash","floor":6.0},{"not_picked":["Glacier","Storm"],"picked":"Creative AI","floor":8.0},{"not_picked":["Compile Driver","Steam"],"picked":"Genetic Algorithm","floor":10.0},{"not_picked":["Storm","Scrape"],"picked":"Beam Cell","floor":11.0},{"not_picked":["Barrage","Cold Snap"],"picked":"Turbo","floor":13.0},{"not_picked":["Leap","Turbo"],"picked":"Core Surge","floor":14.0},{"not_picked":["Fission","Reboot"],"picked":"Biased Cognition","floor":16.0},{"not_picked":["Doom and Gloom","Scrape+1"],"picked":"Hologram","floor":18.0},{"not_picked":["Streamline","Double Energy+1"],"picked":"Rebound","floor":21.0},{"not_picked":["Leap","Streamline"],"picked":"Coolheaded+1","floor":22.0},{"not_picked":["Barrage","Sunder"],"picked":"Heatsinks","floor":24.0},{"not_picked":["Conserve Battery","Gash"],"picked":"Consume","floor":25.0},{"not_picked":["Sweeping Beam","Melter"],"picked":"Leap","floor":30.0},{"not_picked":["Reboot","Scrape"],"picked":"Turbo","floor":31.0},{"not_picked":["Lockon","Redo"],"picked":"Conserve Battery","floor":32.0},{"not_picked":["Meteor Strike","Rainbow"],"picked":"Multi-Cast","floor":33.0},{"not_picked":["Ball Lightning+1","Conserve Battery"],"picked":"Coolheaded+1","floor":35.0},{"not_picked":["Beam Cell","Steam+1"],"picked":"Leap+1","floor":36.0},{"not_picked":["Hologram","Compile Driver"],"picked":"Steam+1","floor":37.0},{"not_picked":["Gash+1","Darkness"],"picked":"Turbo+1","floor":41.0},{"not_picked":["Fusion","Redo+1"],"picked":"Self Repair+1","floor":42.0},{"not_picked":["Redo+1","Lockon","Steam+1"],"picked":"Echo Form","floor":45.0},{"not_picked":["Compile Driver+1","Go for the Eyes+1","Darkness+1"],"picked":"Recycle","floor":46.0},{"not_picked":["Trip","Blind","Deep Breath"],"picked":"Panache","floor":47.0},{"not_picked":["Blind","Sadistic Nature","HandOfGreed"],"picked":"Master of Strategy","floor":47.0},{"not_picked":["Stack+1","Gash","Aggregate"],"picked":"Reinforced Body+1","floor":54.0}],"player_experience":3748924,"relics_obtained":[{"floor":6.0,"key":"HornCleat"},{"floor":8.0,"key":"DataDisk"},{"floor":9.0,"key":"Pantograph"},{"floor":14.0,"key":"Boot"},{"floor":22.0,"key":"Red Mask"},{"floor":24.0,"key":"Nunchaku"},{"floor":24.0,"key":"Darkstone Periapt"},{"floor":26.0,"key":"Sundial"},{"floor":26.0,"key":"Juzu Bracelet"},{"floor":31.0,"key":"TungstenRod"},{"floor":31.0,"key":"Bag of Preparation"},{"floor":36.0,"key":"Incense Burner"},{"floor":41.0,"key":"Blood Vial"},{"floor":41.0,"key":"Regal Pillow"},{"floor":43.0,"key":"Question Card"},{"floor":46.0,"key":"Ancient Tea Set"},{"floor":46.0,"key":"Happy Flower"},{"floor":54.0,"key":"Pear"},{"floor":54.0,"key":"War Paint"}],"event_choices":[{"damage_healed":0.0,"max_hp_gain":0.0,"max_hp_loss":0.0,"gold_gain":0.0,"event_name":"Golden Idol","player_choice":"Take Damage","floor":2.0,"gold_loss":0.0,"damage_taken":18.0,"relics_obtained":["Golden Idol"]},{"damage_healed":0.0,"max_hp_gain":0.0,"max_hp_loss":0.0,"gold_gain":0.0,"cards_transformed":["Aggregate"],"event_name":"Living Wall","player_choice":"Change","floor":3.0,"gold_loss":0.0,"damage_taken":0.0,"cards_obtained":["All For One"]},{"damage_healed":0.0,"max_hp_gain":0.0,"max_hp_loss":0.0,"gold_gain":0.0,"event_name":"Liars Game","player_choice":"Ignored","floor":4.0,"gold_loss":0.0,"damage_taken":0.0},{"damage_healed":0.0,"max_hp_gain":0.0,"max_hp_loss":0.0,"gold_gain":100.0,"event_name":"Golden Shrine","player_choice":"Pray","floor":5.0,"gold_loss":0.0,"damage_taken":0.0},{"damage_healed":0.0,"max_hp_gain":0.0,"max_hp_loss":0.0,"gold_gain":0.0,"event_name":"The Mausoleum","player_choice":"Opened","floor":20.0,"gold_loss":0.0,"damage_taken":0.0,"relics_obtained":["White Beast Statue"],"cards_obtained":["Writhe"]},{"damage_healed":0.0,"max_hp_gain":0.0,"max_hp_loss":0.0,"gold_gain":0.0,"event_name":"Masked Bandits","player_choice":"Fought Bandits","floor":22.0,"gold_loss":0.0,"damage_taken":0.0},{"damage_healed":0.0,"max_hp_gain":0.0,"max_hp_loss":0.0,"gold_gain":0.0,"event_name":"Addict","player_choice":"Stole Relic","floor":28.0,"gold_loss":0.0,"damage_taken":0.0,"relics_obtained":["Dream Catcher"],"cards_obtained":["Shame"]},{"damage_healed":0.0,"max_hp_gain":0.0,"max_hp_loss":0.0,"gold_gain":0.0,"event_name":"Vampires","player_choice":"Ignored","floor":29.0,"gold_loss":0.0,"damage_taken":0.0},{"damage_healed":0.0,"max_hp_gain":0.0,"max_hp_loss":0.0,"gold_gain":0.0,"event_name":"Mysterious Sphere","player_choice":"Fight","floor":36.0,"gold_loss":0.0,"damage_taken":0.0},{"damage_healed":0.0,"max_hp_gain":0.0,"max_hp_loss":0.0,"gold_gain":333.0,"event_name":"The Moai Head","player_choice":"Gave Idol","floor":38.0,"relics_lost":["Golden Idol"],"gold_loss":0.0,"damage_taken":0.0},{"damage_healed":0.0,"max_hp_gain":0.0,"max_hp_loss":0.0,"gold_gain":222.0,"event_name":"Tomb of Lord Red Mask","player_choice":"Wore Mask","floor":39.0,"gold_loss":0.0,"damage_taken":0.0},{"damage_healed":0.0,"max_hp_gain":0.0,"max_hp_loss":0.0,"gold_gain":0.0,"event_name":"SensoryStone","player_choice":"Memory 3","floor":47.0,"gold_loss":0.0,"damage_taken":10.0},{"damage_healed":0.0,"max_hp_gain":0.0,"max_hp_loss":0.0,"gold_gain":0.0,"event_name":"Winding Halls","player_choice":"Embrace Madness","floor":48.0,"gold_loss":0.0,"damage_taken":10.0,"cards_obtained":["Madness","Madness"]}],"is_beta":false,"boss_relics":[{"not_picked":["Runic Dome","Cursed Key"],"picked":"Black Star"},{"not_picked":["Busted Crown","Fusion Hammer"],"picked":"Philosopher\u0027s Stone"}],"items_purged_floors":[27,44,53],"is_endless":false,"potions_floor_spawned":[1,11,14,18,21,22,24,25,30,31,33,35,36,37,41,42,45,46,54],"ascension_level":1}}