{"host":"lnt5dzsuhru0aonl","time":1611483389,"event":{"mods":["2.2 Compatiblity","BaseMod","Colored Map","Colored Powertips","DeckTracker","Keyboard Shortcuts","Minty Spire (QoL Compilation)","Permanent Neow","Rare Cards Sparkle","StSLib","SuperFastMode","everything is the same but u backflip on backflip"],"gold_per_floor":[117,41,57,22,22,53,53,53,53],"floor_reached":8,"language":"KOR","playtime":132,"items_purged":[],"score":108,"play_id":"f066f800-7bb9-45ff-b803-c306013360f3","local_time":"20210124191629","is_ascension_mode":true,"campfire_choices":[{"data":"Zap","floor":7,"key":"SMITH"}],"circlet_count":0,"master_deck":["AscendersBane","Strike_B","Strike_B","Strike_B","Defend_B","Defend_B","Defend_B","Defend_B","Zap+1","Dualcast","Storm","Ball Lightning"],"relics":["Cracked Core","Sundial"],"acts_visited":["Exordium"],"potions_floor_usage":[6],"damage_taken":[{"damage":9,"enemies":"2 Louse","floor":1,"turns":3},{"damage":7,"enemies":"Small Slimes","floor":3,"turns":4},{"damage":40,"enemies":"3 Sentries","floor":6,"turns":7},{"damage":30,"enemies":"Lagavulin","floor":8,"turns":5}],"seed_played":"-8594198221376525667","potions_obtained":[{"floor":3,"key":"DistilledChaos"}],"is_trial":false,"path_per_floor":["M","$","M","?","?","E","R","E"],"character_chosen":"DEFECT","items_purchased":["Storm"],"campfire_rested":0,"item_purchase_floors":[2],"current_hp_per_floor":[55,55,48,65,70,30,30,0,0],"gold":53,"neow_bonus":"REMOVE_CARD","is_daily":false,"chose_seed":false,"campfire_upgraded":1,"win_rate":0.0,"timestamp":1611483389,"path_taken":["M","$","M","?","?","E","R","E"],"items_purchased_type":["Card"],"build_version":"2020-12-22","purchased_purges":0,"victory":false,"max_hp_per_floor":[71,71,71,71,76,76,76,76,76],"card_choices":[{"not_picked":["Redo","Beam Cell","Steam Power"],"picked":"SKIP","floor":1},{"not_picked":["Sweeping Beam","Cold Snap"],"picked":"Ball Lightning","floor":3},{"not_picked":["Redo","Barrage","Rainbow"],"picked":"SKIP","floor":6}],"player_experience":749519,"relics_obtained":[{"floor":6,"key":"Sundial"}],"event_choices":[{"damage_healed":17,"gold_gain":0,"player_choice":"Healed","damage_taken":0,"max_hp_gain":0,"max_hp_loss":0,"event_name":"The Cleric","floor":4,"gold_loss":35},{"damage_healed":0,"gold_gain":0,"player_choice":"Donut","damage_taken":0,"max_hp_gain":5,"max_hp_loss":0,"event_name":"Big Fish","floor":5,"gold_loss":0}],"is_beta":false,"boss_relics":[],"items_purged_floors":[],"is_endless":false,"potions_floor_spawned":[3],"killed_by":"Lagavulin","ascension_level":20}}