{"host":"oehe2dxjvdgux73m","time":1611469874,"event":{"mods":["AchievementEnabler","BaseMod","Colored Map","Colored Powertips","DeckTracker","Keyboard Shortcuts","Minty Spire (QoL Compilation)","Permanent Neow","Quick Restart","StSLib","SuperFastMode"],"gold_per_floor":[111,129,129,144,156,182,182,194,246,246,262,292,338,350,350,426,426,443,443,368,368,380,409,409,443,443,443,443,460,460,476,476,476,476],"floor_reached":33,"language":"KOR","playtime":1301,"items_purged":[],"score":669,"play_id":"f27d3c88-8bff-4780-9698-1a8f59cab8d4","local_time":"20210124153114","is_ascension_mode":true,"campfire_choices":[{"floor":10.0,"key":"REST"},{"data":"Neutralize","floor":15.0,"key":"SMITH"},{"floor":24.0,"key":"REST"},{"data":"Phantasmal Killer","floor":27.0,"key":"SMITH"},{"data":"Storm of Steel","floor":30,"key":"SMITH"},{"data":"Outmaneuver","floor":32,"key":"SMITH"}],"circlet_count":0,"master_deck":["AscendersBane","Defend_G","Defend_G","Defend_G","Defend_G","Survivor","Neutralize+1","Dagger Spray","Choke+1","Leg Sweep","Predator","Storm of Steel+1","Phantasmal Killer+1","PiercingWail","Bite","Bite","Bite","Bite","Bite","Prepared+1","Outmaneuver+1"],"relics":["Snecko Eye","Du-Vu Doll","StoneCalendar","Orichalcum","Bird Faced Urn","Lantern","HoveringKite","Nilry\u0027s Codex","Nunchaku","Ornamental Fan","Peace Pipe"],"acts_visited":["Exordium","TheCity"],"potions_floor_usage":[33],"damage_taken":[{"damage":11.0,"enemies":"Small Slimes","floor":1.0,"turns":4.0},{"damage":7.0,"enemies":"Cultist","floor":2.0,"turns":4.0},{"damage":2.0,"enemies":"Jaw Worm","floor":4.0,"turns":3.0},{"damage":10.0,"enemies":"Exordium Thugs","floor":5.0,"turns":4.0},{"damage":10.0,"enemies":"3 Sentries","floor":6.0,"turns":7.0},{"damage":6.0,"enemies":"3 Louse","floor":8.0,"turns":3.0},{"damage":0.0,"enemies":"Large Slime","floor":11.0,"turns":3.0},{"damage":0.0,"enemies":"Lagavulin","floor":12.0,"turns":3.0},{"damage":3.0,"enemies":"2 Fungi Beasts","floor":14.0,"turns":2.0},{"damage":1.0,"enemies":"Hexaghost","floor":16.0,"turns":7.0},{"damage":5.0,"enemies":"2 Thieves","floor":18.0,"turns":3.0},{"damage":6.0,"enemies":"Spheric Guardian","floor":22.0,"turns":3.0},{"damage":10.0,"enemies":"Slavers","floor":23.0,"turns":4.0},{"damage":21.0,"enemies":"Book of Stabbing","floor":25.0,"turns":6.0},{"damage":2,"enemies":"Chosen and Byrds","floor":29,"turns":4},{"damage":12,"enemies":"Shelled Parasite and Fungi","floor":31,"turns":5},{"damage":70,"enemies":"Champ","floor":33,"turns":9}],"seed_played":"3796864057541557084","potions_obtained":[{"floor":2.0,"key":"DuplicationPotion"},{"floor":8.0,"key":"DuplicationPotion"},{"floor":11.0,"key":"Swift Potion"},{"floor":16.0,"key":"DistilledChaos"},{"floor":18.0,"key":"CunningPotion"},{"floor":29,"key":"Swift Potion"}],"is_trial":false,"path_per_floor":["M","M","?","M","M","E","T","M","T","R","M","E","T","M","R","B",null,"M","?","?","?","M","E","R","E","T","R","?","M","R","M","R","B"],"character_chosen":"THE_SILENT","items_purchased":[],"campfire_rested":2,"item_purchase_floors":[],"current_hp_per_floor":[48,41,41,39,29,19,19,13,13,32,32,32,32,29,29,28,57,52,46,46,25,25,17,30,15,15,15,24,34,34,32,32,0,0],"gold":476,"neow_bonus":"BOSS_RELIC","is_daily":false,"chose_seed":false,"campfire_upgraded":4,"win_rate":0.0,"timestamp":1611469874,"path_taken":["M","M","?","?","M","E","?","M","T","R","M","E","?","M","R","BOSS","M","?","?","?","M","E","R","E","T","R","?","M","R","?","R","BOSS"],"items_purchased_type":[],"build_version":"2020-12-22","purchased_purges":0,"victory":false,"max_hp_per_floor":[66,66,66,66,66,66,66,66,66,66,66,66,66,66,66,66,66,66,46,46,46,46,46,46,46,46,46,46,46,46,46,46,46,46],"card_choices":[{"not_picked":["Cloak And Dagger","Acrobatics"],"picked":"Dagger Spray","floor":1.0},{"not_picked":["Predator","Dodge and Roll"],"picked":"Choke","floor":2.0},{"not_picked":["Flechettes","Poisoned Stab","Slice"],"picked":"SKIP","floor":4.0},{"not_picked":["Poisoned Stab","Quick Slash"],"picked":"Leg Sweep","floor":5.0},{"not_picked":["Concentrate","Endless Agony","Bane"],"picked":"SKIP","floor":6.0},{"not_picked":["Cloak And Dagger","Skewer"],"picked":"Predator","floor":8.0},{"not_picked":["Blade Dance","Slice","Sucker Punch"],"picked":"SKIP","floor":11.0},{"not_picked":["Deadly Poison","Dagger Spray"],"picked":"Storm of Steel","floor":12.0},{"not_picked":["Flying Knee","Deflect","Dagger Throw"],"picked":"SKIP","floor":14.0},{"not_picked":["Unload","Die Die Die"],"picked":"Phantasmal Killer","floor":16.0},{"not_picked":["Underhanded Strike","Quick Slash"],"picked":"PiercingWail","floor":18.0},{"not_picked":["Reflex","Dagger Spray+1","Deflect"],"picked":"SKIP","floor":22.0},{"not_picked":["Blade Dance","Tactician","Slice"],"picked":"SKIP","floor":23.0},{"not_picked":["Bane","Quick Slash","Distraction"],"picked":"SKIP","floor":25.0},{"not_picked":["Dagger Spray","Phantasmal Killer"],"picked":"Prepared+1","floor":29},{"not_picked":["Catalyst","Cloak And Dagger"],"picked":"Outmaneuver","floor":31}],"player_experience":304744,"relics_obtained":[{"floor":6.0,"key":"Du-Vu Doll"},{"floor":7.0,"key":"StoneCalendar"},{"floor":9.0,"key":"Orichalcum"},{"floor":12.0,"key":"Bird Faced Urn"},{"floor":13.0,"key":"Lantern"},{"floor":21.0,"key":"Nilry\u0027s Codex"},{"floor":23.0,"key":"Nunchaku"},{"floor":25.0,"key":"Ornamental Fan"},{"floor":26.0,"key":"Peace Pipe"}],"event_choices":[{"damage_healed":0.0,"max_hp_gain":0.0,"max_hp_loss":0.0,"gold_gain":0.0,"event_name":"Accursed Blacksmith","player_choice":"Forge","floor":3.0,"gold_loss":0.0,"damage_taken":0.0,"cards_upgraded":["Choke"]},{"damage_healed":0.0,"max_hp_gain":0.0,"max_hp_loss":20.0,"gold_gain":0.0,"event_name":"Vampires","player_choice":"Became a vampire","floor":19.0,"gold_loss":0.0,"damage_taken":0.0,"cards_obtained":["Bite","Bite","Bite","Bite","Bite"]},{"cards_removed":["Defend_G"],"damage_healed":0.0,"max_hp_gain":0.0,"max_hp_loss":0.0,"gold_gain":0.0,"event_name":"Beggar","player_choice":"Gave Gold","floor":20.0,"gold_loss":75.0,"damage_taken":0.0},{"damage_healed":0.0,"max_hp_gain":0.0,"max_hp_loss":0.0,"gold_gain":0.0,"event_name":"Cursed Tome","player_choice":"Obtained Book","floor":21.0,"gold_loss":0.0,"damage_taken":21.0},{"damage_healed":9,"gold_gain":0,"player_choice":"Heal","damage_taken":0,"max_hp_gain":0,"max_hp_loss":0,"event_name":"The Library","floor":28,"gold_loss":0}],"is_beta":false,"boss_relics":[{"not_picked":["Fusion Hammer","Runic Dome"],"picked":"HoveringKite"}],"items_purged_floors":[],"is_endless":false,"potions_floor_spawned":[2,8,11,16,18,29],"killed_by":"Champ","ascension_level":20}}