{"host":"ttx8tv95o5vka1nm","time":1611460854,"event":{"mods":["AchievementEnabler","BaseMod","Colored Map","Downfall","Infinite Spire","Minty Spire (QoL Compilation)","Shop Mod","StSLib","The Jungle"],"gold_per_floor":[99,109,121,131,146,166,190,225,125,156,66,91,91,91,104,104,104,104],"floor_reached":16,"language":"ENG","playtime":1547,"items_purged":["Guardian:Strike_Guardian"],"score":128,"play_id":"d7530a17-f5fb-4674-90b7-21ba3870b21e","local_time":"20210124140054","is_ascension_mode":true,"campfire_choices":[{"floor":1,"key":"RECALL"},{"floor":9,"key":"REST"},{"floor":13,"key":"REST"}],"circlet_count":0,"master_deck":["Guardian:Strike_Guardian","Guardian:Strike_Guardian","Guardian:Defend_Guardian","Guardian:Defend_Guardian","Guardian:Defend_Guardian","Guardian:Defend_Guardian","Guardian:CurlUp","Guardian:TwinSlam","Guardian:PrimingBeam","Guardian:PiercingHide","Guardian:VentSteam","Guardian:ShieldCharger","Guardian:CrystalBeam","Guardian:Gem_Cyan"],"relics":["Guardian:ModeShifter","Omamori","Bag of Preparation","downfall:HeartBlessingRed","infinitespire:PuzzleCube","PreservedInsect"],"acts_visited":["Exordium"],"potions_floor_usage":[6,10,15,16],"damage_taken":[{"damage":12,"enemies":"Jaw Worm","floor":2,"turns":5},{"damage":6,"enemies":"2 Louse","floor":3,"turns":3},{"damage":2,"enemies":"Small Slimes","floor":4,"turns":3},{"damage":20,"enemies":"Exordium Thugs","floor":5,"turns":6},{"damage":11,"enemies":"Lots of Slimes","floor":6,"turns":3},{"damage":18,"enemies":"3 Sentries","floor":8,"turns":12},{"damage":17,"enemies":"Gremlin Nob","floor":10,"turns":5},{"damage":0,"enemies":"downfall:FleeingMerchant","floor":11,"turns":4},{"damage":17,"enemies":"3 Sentries","floor":12,"turns":9},{"damage":7,"enemies":"Gremlin Gang","floor":15,"turns":3},{"damage":32,"enemies":"SI_SHIV_ARCHETYPE","floor":16,"turns":10}],"seed_played":"2245172825321104117","potions_obtained":[{"floor":3,"key":"SneckoOil"},{"floor":5,"key":"ColorlessPotion"},{"floor":6,"key":"Guardian:AcceleratePotion"},{"floor":10,"key":"AttackPotion"},{"floor":15,"key":"hexamod:SoulburnPotion"}],"is_trial":false,"path_per_floor":["R","M","M","M","M","M","T","E","R","E","$","E","R","?","M","B"],"character_chosen":"GUARDIAN","items_purchased":[],"campfire_rested":2,"item_purchase_floors":[],"current_hp_per_floor":[88,76,70,68,48,37,37,19,45,28,28,11,37,37,30,0,0,0],"gold":104,"neow_bonus":"TEN_PERCENT_HP_BONUS","is_daily":false,"chose_seed":false,"campfire_upgraded":0,"win_rate":0.0,"timestamp":1611460854,"path_taken":["R","M","M","M","M","M","T","E","R","E","$","E","R","?","M","BOSS"],"items_purchased_type":[],"build_version":"2020-12-22","purchased_purges":1,"victory":false,"max_hp_per_floor":[88,88,88,88,88,88,88,88,88,88,88,88,88,88,88,88,88,88],"card_choices":[{"not_picked":["Guardian:Recover","Guardian:PrismaticBarrier"],"picked":"Guardian:Gem_Green","floor":2},{"not_picked":["Guardian:CrystalBeam","Guardian:Recover"],"picked":"Guardian:PrimingBeam","floor":3},{"not_picked":["Guardian:Emergency","Guardian:TimeBomb"],"picked":"Guardian:Gem_White","floor":4},{"not_picked":["Guardian:Gem_White","Guardian:Clone"],"picked":"Guardian:PiercingHide","floor":5},{"not_picked":["Guardian:PolyBeam","Guardian:WalkerClaw"],"picked":"Guardian:VentSteam","floor":6},{"not_picked":["Guardian:PrismaticBarrier","Guardian:ShieldCharger"],"picked":"Guardian:Gem_Cyan","floor":8},{"not_picked":["Guardian:BodySlam","Guardian:Gem_Lightblue"],"picked":"Guardian:ShieldCharger","floor":10},{"not_picked":["Guardian:PrismaticBeam","Guardian:Harden"],"picked":"Guardian:CrystalBeam","floor":11},{"not_picked":["Guardian:BronzeOrb","Guardian:Gem_White"],"picked":"Guardian:Gem_Crimson","floor":12},{"not_picked":["Guardian:Recover","Guardian:ShieldCharger"],"picked":"Guardian:Gem_Cyan","floor":15}],"player_experience":829323,"relics_obtained":[{"floor":7,"key":"Omamori"},{"floor":8,"key":"Bag of Preparation"},{"floor":10,"key":"infinitespire:PuzzleCube"},{"floor":12,"key":"PreservedInsect"}],"event_choices":[],"is_beta":false,"boss_relics":[],"items_purged_floors":[11],"is_endless":false,"potions_floor_spawned":[3,5,6,10,15],"killed_by":"SI_SHIV_ARCHETYPE","ascension_level":1}}