{"host":"2yhbarjh4s9lrrzt","time":1611463365,"event":{"mods":["BaseMod","Better Third Choice","Minty Spire (QoL Compilation)","Replay The Spire","StSLib"],"gold_per_floor":[113,89,89,18,28,28,46,65,88,88,88,114,130,51,51,148,148,166,166,181,200,200,200,226,226,226],"floor_reached":25,"language":"ENG","playtime":2128,"items_purged":[],"score":221,"play_id":"9ab8f645-6efc-4783-a571-45fb862218e5","local_time":"20210123234245","is_ascension_mode":false,"campfire_choices":[{"floor":6,"key":"REST"},{"floor":10,"key":"REST"},{"floor":15,"key":"REST"},{"floor":23,"key":"REST"}],"circlet_count":0,"master_deck":["Strike_P","Strike_P","Strike_P","Strike_P","Defend_P","Defend_P+1","Defend_P","Defend_P+1","Eruption+1","Vigilance","Bash","Strike_B","LessonLearned","ForeignInfluence","FlurryOfBlows","LikeWater","DeceiveReality","Replay:Anticipation","LikeWater","Replay:AllIn","Replay:Battleflow","JustLucky","ClearTheMind","DevaForm","Replay:Cycle","Crescendo","Prostrate","FlurryOfBlows"],"relics":["PureWater","Omamori","Vajra","Fusion Hammer","Bag of Marbles","Replay:Ringing Soul"],"acts_visited":["Exordium","TheCity"],"potions_floor_usage":[16,16,24,25],"damage_taken":[{"damage":6,"enemies":"Jaw Worm","floor":1,"turns":5},{"damage":0,"enemies":"2 Louse","floor":5,"turns":2},{"damage":0,"enemies":"Small Slimes","floor":7,"turns":4},{"damage":3,"enemies":"Gremlin Gang","floor":8,"turns":6},{"damage":28,"enemies":"3 Sentries","floor":12,"turns":20},{"damage":0,"enemies":"Exordium Wildlife","floor":13,"turns":2},{"damage":27,"enemies":"Slime Boss","floor":16,"turns":22},{"damage":18,"enemies":"Spheric Guardian","floor":18,"turns":8},{"damage":4,"enemies":"Shell Parasite","floor":20,"turns":6},{"damage":17,"enemies":"Snake Plant","floor":21,"turns":5},{"damage":4,"enemies":"Replay:Snechameleon","floor":24,"turns":2},{"damage":45,"enemies":"Centurion and Healer","floor":25,"turns":9}],"seed_played":"-3597822962669056549","potions_obtained":[{"floor":7,"key":"ColorlessPotion"},{"floor":13,"key":"AttackPotion"},{"floor":21,"key":"Ambrosia"},{"floor":24,"key":"ColorlessPotion"}],"is_trial":false,"path_per_floor":["M","?","?","$","M","R","M","M","T","R","?","E","M","$","R","B",null,"M","?","M","M","?","R","E","M"],"character_chosen":"WATCHER","items_purchased":["Replay:AtTheReady","FlurryOfBlows","JustLucky","ClearTheMind"],"campfire_rested":4,"item_purchase_floors":[4,4,14,14],"current_hp_per_floor":[66,66,66,66,66,72,72,69,69,72,72,44,44,44,65,38,72,54,54,50,33,20,43,42,0,0],"gold":226,"neow_bonus":"THREE_RARE_CARDS","is_daily":false,"chose_seed":false,"campfire_upgraded":0,"win_rate":0.0,"timestamp":1611463365,"path_taken":["M","?","?","$","M","R","M","?","T","R","?","E","?","$","R","BOSS","M","?","M","?","?","R","E","M"],"items_purchased_type":["Card","Card","Card","Card"],"build_version":"2020-12-22","purchased_purges":0,"victory":false,"max_hp_per_floor":[72,72,72,72,72,72,72,72,72,72,72,72,72,72,72,72,72,72,72,72,72,77,77,80,80,80],"card_choices":[{"not_picked":["Scrawl","Brilliance"],"picked":"LessonLearned","floor":0},{"not_picked":["Consecrate","Prostrate"],"picked":"ForeignInfluence","floor":1},{"not_picked":["EmptyBody","CrushJoints"],"picked":"LikeWater","floor":5},{"not_picked":["ForeignInfluence","Replay:AtTheReady"],"picked":"DeceiveReality","floor":7},{"not_picked":["FlyingSleeves","PathToVictory"],"picked":"Replay:Anticipation","floor":8},{"not_picked":["Fasting2","ClearTheMind"],"picked":"Replay:AllIn","floor":12},{"not_picked":["Perseverance","Replay:BluntJabs"],"picked":"Replay:Battleflow","floor":13},{"not_picked":["Scrawl","SpiritShield"],"picked":"DevaForm","floor":16},{"not_picked":["WreathOfFlame","BowlingBash+1"],"picked":"Replay:Cycle","floor":18},{"not_picked":["JustLucky","FollowUp"],"picked":"Crescendo","floor":20},{"not_picked":["CrushJoints","FollowUp"],"picked":"Prostrate","floor":21},{"not_picked":["JustLucky","BowlingBash"],"picked":"FlurryOfBlows","floor":24}],"player_experience":243280,"relics_obtained":[{"floor":9,"key":"Omamori"},{"floor":12,"key":"Vajra"},{"floor":24,"key":"Replay:Ringing Soul"}],"event_choices":[{"damage_healed":0,"gold_gain":0,"player_choice":"Left","damage_taken":0,"max_hp_gain":0,"max_hp_loss":0,"event_name":"betterThird:BetterGoop","floor":2,"gold_loss":24},{"damage_healed":0,"gold_gain":0,"player_choice":"Grow","damage_taken":0,"max_hp_gain":0,"max_hp_loss":0,"event_name":"Living Wall","floor":3,"gold_loss":0,"cards_upgraded":["Eruption"]},{"damage_healed":0,"gold_gain":0,"player_choice":"2 cards matched","damage_taken":0,"max_hp_gain":0,"max_hp_loss":0,"event_name":"Match and Keep!","floor":11,"gold_loss":0,"cards_obtained":["ReplayTheSpireMod:Restless Dread","LikeWater"]},{"cards_removed":["Replay:AtTheReady"],"damage_healed":0,"gold_gain":0,"player_choice":"Gave Card","damage_taken":0,"relics_obtained":["Bag of Marbles"],"max_hp_gain":0,"max_hp_loss":0,"event_name":"WeMeetAgain","floor":19,"gold_loss":0},{"damage_healed":0,"gold_gain":0,"player_choice":"Shed Blood","damage_taken":18,"max_hp_gain":5,"max_hp_loss":0,"event_name":"Forgotten Altar","floor":22,"gold_loss":0}],"is_beta":false,"boss_relics":[{"not_picked":["Busted Crown","Calling Bell"],"picked":"Fusion Hammer"}],"items_purged_floors":[],"is_endless":false,"potions_floor_spawned":[7,13,21,24],"killed_by":"Centurion and Healer","ascension_level":0}}