{"host":"d54lcqy5t45er8jx","time":1611501988,"event":{"mods":["2.2 Compatiblity","BaseMod","CapriCore","Defuse TimeMaze Blight","Hermit","Hubris","Infinite Spire","Marisa£¨Ùöéë¡¡Øª×âÞÞ£©","Minty Spire (QoL Compilation)","Rare Cards Sparkle","Relic Stats","StSLib","The Animator","The Cursed","The Immortal","The Servant 0.9.4","WarShipGirlsR/??á´Ò³R mod"],"gold_per_floor":[109,128,128,128,138,138,171,171,171,133,133],"floor_reached":10,"language":"ENG","playtime":354,"items_purged":[],"score":132,"play_id":"c0c20b4d-eea9-405b-9a45-16420b11d9c0","local_time":"20210125002628","daily_mods":["Heirloom","DeadlyEvents","Elite Swarm","Uncertain Future"],"is_ascension_mode":true,"campfire_choices":[{"data":"Second Wind","floor":6,"key":"SMITH"},{"data":"Feed","floor":8,"key":"SMITH"}],"circlet_count":0,"master_deck":["AscendersBane","Strike_R","Strike_R","Strike_R","Strike_R","Strike_R","Defend_R","Defend_R","Defend_R","Defend_R","Bash","Pommel Strike","Shockwave","Second Wind+1","Feed+1"],"relics":["Burning Blood","CaptainsWheel","hubris:Icosahedron","MealTicket","infinitespire:CheckeredPen","MawBank"],"acts_visited":["Exordium"],"potions_floor_usage":[7,7,7],"damage_taken":[{"damage":15,"enemies":"Small Slimes","floor":1,"turns":4},{"damage":4,"enemies":"2 Louse","floor":2,"turns":4},{"damage":0,"enemies":"Jaw Worm","floor":5,"turns":3},{"damage":41,"enemies":"3 Sentries","floor":7,"turns":12},{"damage":20,"enemies":"Lagavulin","floor":10,"turns":4}],"seed_played":"3608468178921176585","potions_obtained":[{"floor":1,"key":"EntropicBrew"}],"is_trial":true,"path_per_floor":["M","M","?","?","M","R","E","R","T","E"],"character_chosen":"IRONCLAD","items_purchased":[],"campfire_rested":0,"item_purchase_floors":[],"current_hp_per_floor":[59,61,61,43,49,49,14,14,14,0,0],"gold":133,"neow_bonus":"","is_daily":false,"chose_seed":false,"campfire_upgraded":2,"win_rate":0.0,"timestamp":1611501988,"path_taken":["M","M","?","?","M","R","E","R","T","E"],"items_purchased_type":[],"build_version":"2020-12-22","purchased_purges":0,"victory":false,"max_hp_per_floor":[75,75,75,75,75,75,75,75,75,75,75],"relic_stats":{"counters":[5,27],"MealTicket":0,"MawBank":12,"obtain_stats":[{"CaptainsWheel":0,"hubris:Icosahedron":3,"MealTicket":4,"infinitespire:CheckeredPen":7,"MawBank":9,"Burning Blood":0},{"CaptainsWheel":0,"hubris:Icosahedron":2,"MealTicket":2,"infinitespire:CheckeredPen":4,"MawBank":4,"Burning Blood":0},{"CaptainsWheel":0,"hubris:Icosahedron":8,"MealTicket":8,"infinitespire:CheckeredPen":23,"MawBank":23,"Burning Blood":0}],"Burning Blood":24},"card_choices":[{"not_picked":["Cleave","Heavy Blade"],"picked":"Pommel Strike","floor":1},{"not_picked":["Spot Weakness","Dual Wield"],"picked":"Shockwave","floor":2},{"not_picked":["Feel No Pain","Clothesline"],"picked":"Second Wind","floor":5},{"not_picked":["Double Tap","Demon Form"],"picked":"Feed","floor":7}],"player_experience":903516,"relics_obtained":[{"floor":7,"key":"infinitespire:CheckeredPen"},{"floor":9,"key":"MawBank"}],"event_choices":[{"damage_healed":0,"gold_gain":0,"player_choice":"Success","damage_taken":18,"relics_obtained":["MealTicket"],"max_hp_gain":0,"max_hp_loss":0,"event_name":"Scrap Ooze","floor":4,"gold_loss":0}],"is_beta":false,"boss_relics":[],"items_purged_floors":[],"is_endless":false,"potions_floor_spawned":[1],"killed_by":"Lagavulin","ascension_level":20}}