{"host":"mydft8i2zzydgggw","time":1611450828,"event":{"mods":["AchievementEnabler","BaseMod","BetterRewards","Colored Map","Colored Powertips","DeckTracker","Keyboard Shortcuts","Minty Spire (QoL Compilation)","Rare Cards Sparkle","StSLib","SuperFastMode","everything is the same but u backflip on backflip"],"gold_per_floor":[112,112,124,141,157,185,185,212,212,212,212,232,232,245,245,324,324,344,358,368,160,172,201,201,201,201,201,201,217,217,234,234,306,306,325,325,336,354,366,403,403,403,403,403,447,462,161,189,245,313,313,313],"floor_reached":53,"language":"KOR","playtime":1813,"items_purged":["Scrape+1","Decay"],"score":1397,"play_id":"f79355ae-bd82-491f-b05a-20933647f9f0","local_time":"20210124101348","is_ascension_mode":true,"campfire_choices":[{"data":"Defragment","floor":7,"key":"SMITH"},{"floor":13,"key":"REST"},{"data":"Buffer","floor":15,"key":"SMITH"},{"floor":28,"key":"REST"},{"data":"Defragment","floor":30,"key":"SMITH"},{"data":"Glacier","floor":32,"key":"SMITH"},{"data":"Seek","floor":41,"key":"SMITH"},{"data":"Loop","floor":42,"key":"SMITH"},{"floor":51,"key":"REST"}],"circlet_count":0,"master_deck":["AscendersBane","Zap","Dualcast","Hologram","Defragment+1","Glacier","Buffer+1","Rip and Tear","Machine Learning","Redo+1","Sunder+1","Self Repair+1","Ball Lightning","Coolheaded+1","Defragment+1","Go for the Eyes","Loop+1","Coolheaded","FTL","Glacier+1","Blizzard","Conserve Battery","Seek+1","Blizzard","Scrape","Coolheaded+1","Turbo","Defragment+1","Loop+1","Core Surge","Chill+1","Parasite","Skim","Echo Form"],"relics":["Cracked Core","Pen Nib","Regal Pillow","HornCleat","Mango","CultistMask","Astrolabe","Meat on the Bone","Prayer Wheel","Darkstone Periapt","Empty Cage","CeramicFish","Blue Candle","Letter Opener","Runic Capacitor","TungstenRod","Gremlin Horn"],"acts_visited":["Exordium","TheCity","TheBeyond"],"potions_floor_usage":[6,6,16,22,22,23,39,52],"damage_taken":[{"damage":2,"enemies":"Jaw Worm","floor":1,"turns":3},{"damage":2,"enemies":"2 Louse","floor":3,"turns":2},{"damage":1,"enemies":"Cultist","floor":4,"turns":3},{"damage":18,"enemies":"Exordium Wildlife","floor":5,"turns":4},{"damage":18,"enemies":"Gremlin Nob","floor":6,"turns":3},{"damage":0,"enemies":"Lagavulin","floor":8,"turns":8},{"damage":6,"enemies":"Exordium Thugs","floor":12,"turns":6},{"damage":0,"enemies":"Looter","floor":14,"turns":4},{"damage":1,"enemies":"Slime Boss","floor":16,"turns":10},{"damage":1,"enemies":"3 Byrds","floor":18,"turns":5},{"damage":12,"enemies":"Spheric Guardian","floor":19,"turns":5},{"damage":13,"enemies":"Centurion and Healer","floor":20,"turns":8},{"damage":24,"enemies":"Snake Plant","floor":22,"turns":3},{"damage":60,"enemies":"Slavers","floor":23,"turns":8},{"damage":8,"enemies":"Chosen and Byrds","floor":29,"turns":7},{"damage":25,"enemies":"Centurion and Healer","floor":31,"turns":7},{"damage":14,"enemies":"Collector","floor":33,"turns":14},{"damage":2,"enemies":"Orb Walker","floor":35,"turns":9},{"damage":7,"enemies":"3 Shapes","floor":37,"turns":7},{"damage":42,"enemies":"Sphere and 2 Shapes","floor":38,"turns":8},{"damage":7,"enemies":"3 Darklings","floor":39,"turns":7},{"damage":15,"enemies":"Nemesis","floor":40,"turns":12},{"damage":7,"enemies":"Giant Head","floor":45,"turns":15},{"damage":9,"enemies":"Maw","floor":46,"turns":12},{"damage":31,"enemies":"Writhing Mass","floor":48,"turns":7},{"damage":18,"enemies":"2 Orb Walkers","floor":49,"turns":8},{"damage":0,"enemies":"Donu and Deca","floor":52,"turns":14}],"seed_played":"-179351316808225431","potions_obtained":[{"floor":4,"key":"PowerPotion"},{"floor":5,"key":"AttackPotion"},{"floor":8,"key":"LiquidMemories"},{"floor":16,"key":"PotionOfCapacity"},{"floor":20,"key":"Strength Potion"},{"floor":22,"key":"Block Potion"},{"floor":33,"key":"DuplicationPotion"},{"floor":35,"key":"SneckoOil"},{"floor":38,"key":"FairyPotion"}],"is_trial":false,"path_per_floor":["M","?","M","M","M","E","R","E","T","?","?","M","R","M","R","B",null,"M","M","M","$","M","E","?","T","T","?","R","M","R","M","R","B",null,"M","?","M","M","M","E","R","R","?","T","E","M","$","M","?","T","R","B",null],"character_chosen":"DEFECT","items_purchased":["Defragment","FocusPotion","Go for the Eyes","Runic Capacitor","Energy Potion"],"campfire_rested":3,"item_purchase_floors":[21,21,21,47,47],"current_hp_per_floor":[66,71,69,68,50,32,32,32,32,46,46,40,81,81,81,80,85,84,82,79,79,65,15,15,15,15,15,56,58,58,55,55,63,81,87,87,80,60,63,58,58,58,58,58,61,62,62,59,53,53,93,93],"gold":313,"neow_bonus":"REMOVE_TWO","is_daily":false,"chose_seed":false,"campfire_upgraded":6,"win_rate":0.0,"timestamp":1611450828,"path_taken":["M","?","M","M","M","E","R","E","T","?","?","M","R","?","R","BOSS","M","M","M","$","M","E","?","?","T","?","R","M","R","?","R","BOSS","M","?","M","?","M","E","R","R","?","T","E","M","$","M","?","?","R","BOSS"],"items_purchased_type":["Card","Potion","Card","Relic","Potion"],"build_version":"2020-12-22","purchased_purges":2,"victory":true,"max_hp_per_floor":[68,73,73,73,73,73,73,73,73,87,87,87,87,87,87,87,87,87,87,87,87,87,87,87,87,87,87,87,87,87,87,87,87,87,87,87,87,87,87,87,87,87,87,87,87,87,87,93,93,93,93,93],"card_choices":[{"not_picked":["Gash","Scrape"],"picked":"Hologram","floor":1},{"not_picked":["Compile Driver","Barrage","Steam Power"],"picked":"SKIP","floor":3},{"not_picked":["Rebound","Gash"],"picked":"Defragment","floor":4},{"not_picked":["Hologram","Rebound","Double Energy"],"picked":"SKIP","floor":5},{"not_picked":["Storm","Scrape"],"picked":"Glacier","floor":6},{"not_picked":["Conserve Battery","Sweeping Beam"],"picked":"Buffer","floor":8},{"not_picked":["Gash","Compile Driver"],"picked":"Sweeping Beam","floor":12},{"not_picked":["Rebound","Barrage"],"picked":"Rip and Tear","floor":14},{"not_picked":["Fission","All For One"],"picked":"Machine Learning","floor":16},{"not_picked":["Go for the Eyes","Hologram"],"picked":"Self Repair+1","floor":18},{"not_picked":["Cold Snap","Redo"],"picked":"Ball Lightning","floor":19},{"not_picked":["Cold Snap","Hologram"],"picked":"Coolheaded","floor":20},{"not_picked":["Cold Snap","Static Discharge"],"picked":"Loop","floor":22},{"not_picked":["Leap","Conserve Battery"],"picked":"Coolheaded","floor":23},{"not_picked":["Heatsinks","Gash"],"picked":"FTL","floor":29},{"not_picked":["Conserve Battery+1","Amplify"],"picked":"Glacier","floor":29},{"not_picked":["Lockon","Rebound"],"picked":"Blizzard","floor":31},{"not_picked":["Sweeping Beam","Hologram"],"picked":"Conserve Battery","floor":31},{"not_picked":["Meteor Strike","Reboot"],"picked":"Seek","floor":33},{"not_picked":["Redo","Force Field"],"picked":"Blizzard","floor":35},{"not_picked":["Steam","Gash","Hologram"],"picked":"SKIP","floor":35},{"not_picked":["Creative AI","Rebound+1"],"picked":"Coolheaded+1","floor":37},{"not_picked":["Storm","Ball Lightning","Sweeping Beam"],"picked":"SKIP","floor":37},{"not_picked":["BootSequence","Compile Driver+1"],"picked":"Turbo","floor":38},{"not_picked":["Streamline","Compile Driver","Beam Cell"],"picked":"SKIP","floor":38},{"not_picked":["Sunder+1","Steam Power+1"],"picked":"Defragment+1","floor":39},{"not_picked":["Hologram","Ball Lightning"],"picked":"Loop+1","floor":39},{"not_picked":["Aggregate","Static Discharge"],"picked":"Core Surge","floor":40},{"not_picked":["Ball Lightning","Double Energy+1"],"picked":"Chill+1","floor":45},{"not_picked":["Stack+1","Turbo","Self Repair"],"picked":"SKIP","floor":46},{"not_picked":["Redo","Barrage+1","Storm"],"picked":"SKIP","floor":46},{"not_picked":["Stack","Ball Lightning+1"],"picked":"Skim","floor":48},{"not_picked":["Darkness","Self Repair","Ball Lightning+1"],"picked":"SKIP","floor":48},{"not_picked":["Static Discharge","Force Field"],"picked":"Echo Form","floor":49}],"player_experience":204438,"relics_obtained":[{"floor":6,"key":"Pen Nib"},{"floor":8,"key":"Regal Pillow"},{"floor":9,"key":"HornCleat"},{"floor":23,"key":"Meat on the Bone"},{"floor":25,"key":"Prayer Wheel"},{"floor":26,"key":"Darkstone Periapt"},{"floor":40,"key":"CeramicFish"},{"floor":44,"key":"Blue Candle"},{"floor":45,"key":"Letter Opener"},{"floor":49,"key":"TungstenRod"},{"floor":50,"key":"Gremlin Horn"}],"event_choices":[{"damage_healed":0,"gold_gain":0,"player_choice":"Donut","damage_taken":0,"max_hp_gain":5,"max_hp_loss":0,"event_name":"Big Fish","floor":2,"gold_loss":0},{"damage_healed":0,"gold_gain":0,"player_choice":"Searched \u00271\u0027 times","damage_taken":0,"relics_obtained":["Mango"],"max_hp_gain":0,"max_hp_loss":0,"event_name":"Dead Adventurer","floor":10,"gold_loss":0},{"damage_healed":0,"gold_gain":0,"player_choice":"Trade","damage_taken":0,"relics_obtained":["CultistMask"],"max_hp_gain":0,"max_hp_loss":0,"event_name":"FaceTrader","floor":11,"gold_loss":0},{"damage_healed":0,"gold_gain":0,"player_choice":"Smashed Altar","damage_taken":0,"max_hp_gain":0,"max_hp_loss":0,"event_name":"Forgotten Altar","floor":24,"gold_loss":0,"cards_obtained":["Decay"]},{"damage_healed":0,"gold_gain":0,"player_choice":"Forge","damage_taken":0,"max_hp_gain":0,"max_hp_loss":0,"event_name":"Accursed Blacksmith","floor":27,"gold_loss":0,"cards_upgraded":["Coolheaded"]},{"damage_healed":0,"gold_gain":0,"cards_transformed":["Defend_B"],"player_choice":"Transformed","damage_taken":0,"max_hp_gain":0,"max_hp_loss":0,"event_name":"Transmorgrifier","floor":36,"gold_loss":0,"cards_obtained":["Scrape"]},{"cards_removed":["Sweeping Beam"],"damage_healed":0,"gold_gain":0,"player_choice":"Removed Attack","damage_taken":0,"max_hp_gain":0,"max_hp_loss":0,"event_name":"Falling","floor":43,"gold_loss":0},{"damage_healed":0,"gold_gain":0,"player_choice":"Fight","damage_taken":0,"max_hp_gain":0,"max_hp_loss":0,"event_name":"Mysterious Sphere","floor":49,"gold_loss":0}],"is_beta":false,"boss_relics":[{"not_picked":["Black Star","Calling Bell"],"picked":"Astrolabe"},{"not_picked":["Sozu","SacredBark"],"picked":"Empty Cage"}],"items_purged_floors":[21,47],"is_endless":false,"potions_floor_spawned":[4,5,8,16,20,22,33,35,38,48],"ascension_level":13}}