{"host":"pe7ycb8t2t906so2","time":1611531961,"event":{"mods":["BaseMod","Colored Map","Highlight Path","Minty Spire (QoL Compilation)"],"gold_per_floor":[109,123,139,149,149,149,29,61,61,61,61,96,171,171,171,248,248,258,258,4,22,39,39,39,64,113,113,113,113,130,141,141,218,218,238,64,81,106,106,106],"floor_reached":39,"language":"FRA","playtime":2882,"items_purged":["Strike_B","Regret","Strike_B"],"score":712,"play_id":"72b925ec-4864-4370-bbb1-3a4f32749493","local_time":"20210124184601","is_ascension_mode":true,"campfire_choices":[{"data":"Dualcast","floor":6,"key":"SMITH"},{"data":"Streamline","floor":10,"key":"SMITH"},{"floor":15,"key":"REST"},{"floor":23,"key":"REST"},{"floor":24,"key":"REST"},{"floor":27,"key":"REST"},{"data":"Defragment","floor":28,"key":"SMITH"},{"floor":32,"key":"REST"}],"circlet_count":0,"master_deck":["AscendersBane","Strike_B+1","Strike_B+1","Defend_B","Defend_B+1","Defend_B","Defend_B","Zap+1","Dualcast+1","Coolheaded","Streamline+1","Steam+1","Skim","Ball Lightning","Echo Form","CurseOfTheBell","Defragment+1","Sunder","Loop","Sweeping Beam+1","Thunder Strike","Double Energy","Conserve Battery","FTL+1"],"relics":["Cracked Core","NeowsBlessing","Whetstone","Kunai","Turnip","Torii","Calling Bell","Akabeko","Meat on the Bone","WingedGreaves","Oddly Smooth Stone","Regal Pillow","Happy Flower","Calipers","Inserter","Peace Pipe"],"acts_visited":["Exordium","TheCity","TheBeyond"],"potions_floor_usage":[8,12,12,21,25,37],"damage_taken":[{"damage":0,"enemies":"Cultist","floor":1,"turns":1},{"damage":0,"enemies":"Jaw Worm","floor":2,"turns":1},{"damage":0,"enemies":"2 Louse","floor":3,"turns":1},{"damage":1,"enemies":"Exordium Wildlife","floor":4,"turns":3},{"damage":8,"enemies":"Gremlin Nob","floor":8,"turns":3},{"damage":12,"enemies":"3 Sentries","floor":12,"turns":5},{"damage":17,"enemies":"Hexaghost","floor":16,"turns":8},{"damage":14,"enemies":"3 Byrds","floor":18,"turns":4},{"damage":12,"enemies":"2 Thieves","floor":21,"turns":4},{"damage":28,"enemies":"3 Cultists","floor":22,"turns":6},{"damage":58,"enemies":"Book of Stabbing","floor":25,"turns":8},{"damage":8,"enemies":"Sentry and Sphere","floor":30,"turns":5},{"damage":20,"enemies":"Centurion and Healer","floor":31,"turns":6},{"damage":33,"enemies":"Automaton","floor":33,"turns":9},{"damage":22,"enemies":"3 Shapes","floor":35,"turns":7},{"damage":13,"enemies":"Orb Walker","floor":37,"turns":4},{"damage":0,"enemies":"Mind Bloom Boss Battle","floor":38,"turns":6},{"damage":32,"enemies":"2 Orb Walkers","floor":39,"turns":4}],"seed_played":"8890745124248517893","potions_obtained":[{"floor":2,"key":"GamblersBrew"},{"floor":4,"key":"PowerPotion"},{"floor":8,"key":"AttackPotion"},{"floor":18,"key":"ColorlessPotion"},{"floor":21,"key":"Dexterity Potion"},{"floor":33,"key":"Weak Potion"},{"floor":37,"key":"DuplicationPotion"}],"is_trial":false,"path_per_floor":["M","M","M","M","?","R","$","E","T","R","?","E","?","?","R","B",null,"M","?","$","M","M","R","R","E","T","R","R","T","M","M","R","B",null,"M","$","M","?","?"],"character_chosen":"DEFECT","items_purchased":["Ball Lightning","Oddly Smooth Stone","Conserve Battery"],"campfire_rested":5,"item_purchase_floors":[7,20,36],"current_hp_per_floor":[64,64,64,63,63,63,63,55,55,55,55,43,32,11,32,15,57,43,33,33,33,17,38,59,13,13,49,49,49,41,33,69,36,62,40,40,39,39,7,7],"gold":106,"neow_bonus":"THREE_ENEMY_KILL","is_daily":false,"chose_seed":false,"campfire_upgraded":3,"win_rate":0.0,"timestamp":1611531961,"path_taken":["M","M","?","M","?","R","$","E","T","R","?","E","?","?","R","BOSS","M","?","$","?","M","R","R","E","T","R","R","?","?","M","R","BOSS","M","$","M","?","?"],"items_purchased_type":["Card","Relic","Card"],"build_version":"2020-12-22","purchased_purges":3,"victory":false,"max_hp_per_floor":[71,71,71,71,71,71,71,71,71,71,71,71,71,71,71,71,71,71,71,71,71,71,71,71,71,71,71,71,71,71,71,71,71,71,71,71,71,71,71,71],"card_choices":[{"not_picked":["Stack","Hologram"],"picked":"Coolheaded","floor":1},{"not_picked":["Beam Cell","Hello World"],"picked":"Streamline","floor":2},{"not_picked":["Gash","Heatsinks"],"picked":"Steam","floor":3},{"not_picked":["Beam Cell","Double Energy"],"picked":"Skim","floor":4},{"not_picked":["Multi-Cast","Steam Power","Redo"],"picked":"SKIP","floor":8},{"not_picked":["Beam Cell","Self Repair"],"picked":"Echo Form","floor":12},{"not_picked":["Stack","Cold Snap","Lockon"],"picked":"SKIP","floor":18},{"not_picked":["Streamline","FTL"],"picked":"Defragment","floor":21},{"not_picked":["Darkness","Capacitor"],"picked":"Sunder","floor":22},{"not_picked":["Go for the Eyes","Double Energy"],"picked":"Loop","floor":25},{"not_picked":["BootSequence","Ball Lightning+1"],"picked":"Sweeping Beam+1","floor":30},{"not_picked":["Beam Cell","Melter","Redo"],"picked":"SKIP","floor":31},{"not_picked":["Hyperbeam","Multi-Cast"],"picked":"Thunder Strike","floor":33},{"not_picked":["Darkness","Redo"],"picked":"Double Energy","floor":35},{"not_picked":["Rip and Tear+1","Compile Driver+1"],"picked":"FTL+1","floor":37}],"player_experience":940258,"relics_obtained":[{"floor":8,"key":"Whetstone"},{"floor":9,"key":"Kunai"},{"floor":12,"key":"Torii"},{"floor":17,"key":"Akabeko"},{"floor":17,"key":"Meat on the Bone"},{"floor":17,"key":"WingedGreaves"},{"floor":25,"key":"Regal Pillow"},{"floor":26,"key":"Happy Flower"},{"floor":29,"key":"Calipers"},{"floor":38,"key":"Peace Pipe"}],"event_choices":[{"damage_healed":0,"gold_gain":0,"player_choice":"Grow","damage_taken":0,"max_hp_gain":0,"max_hp_loss":0,"event_name":"Living Wall","floor":5,"gold_loss":0,"cards_upgraded":["Zap"]},{"damage_healed":0,"gold_gain":0,"player_choice":"Box","damage_taken":0,"relics_obtained":["Turnip"],"max_hp_gain":0,"max_hp_loss":0,"event_name":"Big Fish","floor":11,"gold_loss":0,"cards_obtained":["Regret"]},{"damage_healed":0,"gold_gain":75,"player_choice":"Gather Gold","damage_taken":11,"max_hp_gain":0,"max_hp_loss":0,"event_name":"World of Goop","floor":13,"gold_loss":0},{"damage_healed":0,"gold_gain":0,"player_choice":"Entered Light","damage_taken":21,"max_hp_gain":0,"max_hp_loss":0,"event_name":"Shining Light","floor":14,"gold_loss":0,"cards_upgraded":["Defend_B","Steam"]},{"damage_healed":0,"gold_gain":0,"player_choice":"Damaged","damage_taken":10,"max_hp_gain":0,"max_hp_loss":0,"event_name":"Wheel of Change","floor":19,"gold_loss":0},{"damage_healed":0,"gold_gain":0,"player_choice":"Fight","damage_taken":0,"max_hp_gain":0,"max_hp_loss":0,"event_name":"MindBloom","floor":38,"gold_loss":0},{"damage_healed":0,"gold_gain":0,"player_choice":"Fight","damage_taken":0,"max_hp_gain":0,"max_hp_loss":0,"event_name":"Mysterious Sphere","floor":39,"gold_loss":0}],"is_beta":false,"boss_relics":[{"not_picked":["Nuclear Battery","SacredBark"],"picked":"Calling Bell"},{"not_picked":["Runic Pyramid","Cursed Key"],"picked":"Inserter"}],"items_purged_floors":[7,20,36],"is_endless":false,"potions_floor_spawned":[2,4,8,18,21,33,37],"killed_by":"2 Orb Walkers","ascension_level":15}}