{"host":"iy0764csshny54kk","time":1611476741,"event":{"mods":["100% Spire Juice","Arknights The Spire","BaseMod","Bestiary","Better Altar","Better Sensory Stone","Better Skull","Better Third Choice","Block Reminder","Colored Powertips","Downfall","Highlight Path","Minty Spire (QoL Compilation)","Relic Sorter","StS++","StSLib","The Alterego","The Hierophant","The Marked"],"gold_per_floor":[115,190,19,31,31,31,60,60,86,104,104,116,135,148,28,132,132,142,33,51,51,51,77,77,91,91,91,107,120,120,14,14,119,119,137,151,51,61,61,61,61,61,88,88,88,88,13,13,13,13,13],"floor_reached":50,"language":"ENG","playtime":4662,"items_purged":["Moonworks:ExtendedPhotonRifle"],"score":564,"play_id":"b3fb6762-d6dd-45e0-b771-f188a658f682","local_time":"20210124012541","daily_mods":["Draft"],"is_ascension_mode":false,"campfire_choices":[{"floor":6,"key":"REST"},{"data":"Moonworks:CloudOfSeagulls","floor":11,"key":"SMITH"},{"floor":15,"key":"REST"},{"data":"Moonworks:CloudOfSeagulls","floor":24,"key":"SMITH"},{"data":"Moonworks:CloudOfSeagulls","floor":27,"key":"SMITH"},{"floor":30,"key":"REST"},{"floor":32,"key":"REST"},{"data":"Moonworks:AnotherUltimateWeapon","floor":40,"key":"SMITH"},{"floor":41,"key":"REST"},{"data":"Moonworks:BackdoorTrade","floor":42,"key":"SMITH"},{"data":"Moonworks:LulusLuckyEgg","floor":44,"key":"SMITH"},{"data":"Moonworks:Dinner","floor":46,"key":"SMITH"},{"data":"Moonworks:WindyEnchantment","floor":49,"key":"SMITH"}],"circlet_count":0,"master_deck":["Moonworks:JonathanRush","Moonworks:CloudOfSeagulls+1","Moonworks:LulusLuckyEgg+1","Moonworks:NicePresent","Moonworks:BeyondHell","Moonworks:CloudOfSeagulls+1","Moonworks:RagingMadness","Moonworks:BindingChains","Moonworks:IndiscriminateFireSupport","Moonworks:NicePresent","Moonworks:WindyEnchantment+1","Moonworks:CloudOfSeagulls+1","Moonworks:JonathanRush","Moonworks:CloudOfSeagulls+1","Moonworks:NicePresent","Moonworks:JonathanRush","Moonworks:NicePresent","Moonworks:JonathanRush","Moonworks:Dinner+1","Moonworks:AnotherUltimateWeapon+1","Moonworks:BackdoorTrade+1","Moonworks:LulusLuckyEgg+1","Dramatic Entrance","Master of Strategy","Moonworks:BindingChains","Moonworks:SakisCookie","Moonworks:SweetBattle+1","Moonworks:FullSpeedAlicianrone+1","Moonworks:SakisCookie","Moonworks:ShieldCounter","Moonworks:NicePresent","Moonworks:CloudOfSeagulls+1","Moonworks:JonathanRush+1","Moonworks:SakisCookie+1"],"relics":["Moonworks:BrokenBomb","Moonworks:Homemark","Strawberry","StSpp:BrokenTotem","CaptainsWheel","WingedGreaves","expansioncontent:StudyCardRelic","Dream Catcher","Blue Candle"],"acts_visited":["Exordium","TheCity","TheBeyond"],"potions_floor_usage":[13,20,20,20,23,28,33,50],"damage_taken":[{"damage":15,"enemies":"2 Louse","floor":1,"turns":2},{"damage":9,"enemies":"Small Slimes","floor":4,"turns":3},{"damage":10,"enemies":"Gremlin Nob","floor":7,"turns":3},{"damage":6,"enemies":"Cultist","floor":10,"turns":3},{"damage":16,"enemies":"Exordium Thugs","floor":12,"turns":3},{"damage":11,"enemies":"Large Slime","floor":13,"turns":4},{"damage":0,"enemies":"Looter","floor":14,"turns":2},{"damage":15,"enemies":"Hexaghost","floor":16,"turns":5},{"damage":11,"enemies":"2 Thieves","floor":18,"turns":3},{"damage":10,"enemies":"Chosen","floor":19,"turns":3},{"damage":21,"enemies":"Snecko","floor":20,"turns":5},{"damage":0,"enemies":"Gremlin Leader","floor":23,"turns":6},{"damage":5,"enemies":"Shelled Parasite and Fungi","floor":25,"turns":3},{"damage":32,"enemies":"Cultist and Chosen","floor":28,"turns":5},{"damage":0,"enemies":"Centurion and Healer","floor":29,"turns":4},{"damage":16,"enemies":"Snake Plant","floor":31,"turns":4},{"damage":53,"enemies":"Automaton","floor":33,"turns":8},{"damage":2,"enemies":"Orb Walker","floor":35,"turns":3},{"damage":3,"enemies":"3 Darklings","floor":36,"turns":2},{"damage":0,"enemies":"Spire Growth","floor":37,"turns":4},{"damage":31,"enemies":"Sphere and 2 Shapes","floor":38,"turns":4},{"damage":79,"enemies":"Time Eater","floor":50,"turns":7}],"seed_played":"-7792143988264622573","potions_obtained":[{"floor":10,"key":"Fire Potion"},{"floor":14,"key":"AttackPotion"},{"floor":16,"key":"StSpp:ScatteredWeakPotion"},{"floor":18,"key":"Regen Potion"},{"floor":20,"key":"Block Potion"},{"floor":23,"key":"SpeedPotion"},{"floor":37,"key":"Strength Potion"}],"is_trial":true,"path_per_floor":["M","?","$","M","$","R","E","?","T","M","R","M","M","M","R","B",null,"M","M","M","?","$","E","R","M","T","R","M","M","R","M","R","B",null,"M","M","M","M","?","R","R","R","T","R","?","R","$","?","R","B"],"character_chosen":"THE_STARBREAKER","items_purchased":["Moonworks:JonathanRush"],"campfire_rested":5,"item_purchase_floors":[3],"current_hp_per_floor":[45,34,34,25,25,43,40,40,40,34,34,18,7,7,27,18,67,58,48,32,32,32,52,52,47,47,47,17,22,42,29,49,12,67,67,64,64,41,41,41,61,61,61,61,56,56,56,56,56,0,0],"gold":13,"neow_bonus":"","is_daily":false,"chose_seed":false,"campfire_upgraded":8,"win_rate":0.0,"timestamp":1611476741,"path_taken":["M","?","$","M","$","R","E","?","T","?","R","M","M","M","R","BOSS","M","M","M","?","$","E","R","M","T","R","M","M","R","M","R","BOSS","M","M","M","M","?","R","R","R","T","R","?","R","$","?","R","BOSS"],"items_purchased_type":["Card"],"build_version":"2020-12-22","purchased_purges":1,"victory":false,"max_hp_per_floor":[60,60,60,60,60,60,67,67,67,67,67,67,67,67,67,67,67,67,67,67,67,67,67,67,67,67,67,67,67,67,67,67,67,67,67,67,67,67,67,67,67,67,67,67,67,67,67,64,64,64,64],"card_choices":[{"not_picked":["Moonworks:BigMagnum","Moonworks:ImOnFire"],"picked":"Moonworks:JonathanRush","floor":0},{"not_picked":["Moonworks:DeployBits","Moonworks:CompletionReward"],"picked":"Moonworks:CloudOfSeagulls","floor":0},{"not_picked":["Moonworks:UnpaidWork","Moonworks:MiracleRedBeanIceCream"],"picked":"Moonworks:LulusLuckyEgg","floor":0},{"not_picked":["Moonworks:Assault","Moonworks:Heat300Percent"],"picked":"Moonworks:NicePresent","floor":0},{"not_picked":["Moonworks:LulusLuckyEgg","Moonworks:SelfDestruct"],"picked":"Moonworks:BeyondHell","floor":0},{"not_picked":["Moonworks:Assault","Moonworks:IntelligenceOfficer"],"picked":"Moonworks:CloudOfSeagulls","floor":0},{"not_picked":["Moonworks:Assault","Moonworks:ImOnFire"],"picked":"Moonworks:RagingMadness","floor":0},{"not_picked":["Moonworks:ImOnFire","Moonworks:DeployBits"],"picked":"Moonworks:BindingChains","floor":0},{"not_picked":["Moonworks:LulusLuckyEgg","Moonworks:Bloodlust"],"picked":"Moonworks:IndiscriminateFireSupport","floor":0},{"not_picked":["Moonworks:ReproductionOfRecords","Moonworks:StiffCrystal"],"picked":"Moonworks:NicePresent","floor":0},{"not_picked":["Moonworks:TacticalRetreat","Moonworks:IndiscriminateFireSupport"],"picked":"Moonworks:WindyEnchantment","floor":0},{"not_picked":["Moonworks:StiffCrystal","Moonworks:BigMagnum"],"picked":"Moonworks:CloudOfSeagulls","floor":0},{"not_picked":["Moonworks:ScrambledEve","Moonworks:SakisCookie"],"picked":"Moonworks:ExtendedPhotonRifle","floor":0},{"not_picked":["Moonworks:Flamethrower","Moonworks:WindyEnchantment"],"picked":"Moonworks:JonathanRush","floor":0},{"not_picked":["Moonworks:SakisCookie","Moonworks:AwakeningOfTalent"],"picked":"Moonworks:CloudOfSeagulls","floor":0},{"not_picked":["Moonworks:Assault","Moonworks:LulusLuckyEgg"],"picked":"Moonworks:NicePresent","floor":1},{"not_picked":["Moonworks:SweetBattle","Moonworks:AwakeningOfTalent","Moonworks:BigMagnum"],"picked":"SKIP","floor":4},{"not_picked":["Moonworks:UnpaidWork","Moonworks:AwakeningOfTalent","Moonworks:SealedMemories"],"picked":"SKIP","floor":7},{"not_picked":["Moonworks:MiracleWalker","Moonworks:ImOnFire"],"picked":"Moonworks:NicePresent","floor":10},{"not_picked":["Moonworks:Poppoformation","Moonworks:TreasureThief","Moonworks:ImOnFire"],"picked":"SKIP","floor":12},{"not_picked":["Moonworks:RagingMadness","Moonworks:ImOnFire"],"picked":"Moonworks:JonathanRush","floor":13},{"not_picked":["Moonworks:NicePresent","Moonworks:SakisCookie"],"picked":"Moonworks:Dinner","floor":14},{"not_picked":["Moonworks:EvilMastermind","Moonworks:LeapThroughSpace"],"picked":"Moonworks:AnotherUltimateWeapon","floor":16},{"not_picked":["Moonworks:Assault+1","Moonworks:DeployBits","Moonworks:IndiscriminateFireSupport"],"picked":"SKIP","floor":18},{"not_picked":["Moonworks:ImOnFire","Moonworks:MixPhenomenon+1"],"picked":"Moonworks:BackdoorTrade","floor":19},{"not_picked":["Moonworks:BigMagnum","Moonworks:EvilSpyWorkPreparation"],"picked":"Moonworks:LulusLuckyEgg+1","floor":20},{"not_picked":["The Bomb","Panacea"],"picked":"Dramatic Entrance","floor":21},{"not_picked":["Forethought","StSpp:MindBarrier"],"picked":"Master of Strategy","floor":21},{"not_picked":["Moonworks:DeployBits","Moonworks:ImOnFire"],"picked":"Moonworks:BindingChains","floor":23},{"not_picked":["Moonworks:ImOnFire","Moonworks:CloudOfSeagulls"],"picked":"Moonworks:SakisCookie","floor":25},{"not_picked":["Moonworks:MiracleRedBeanIceCream","Moonworks:EvilSpyWorkPreparation+1"],"picked":"Moonworks:SweetBattle+1","floor":28},{"not_picked":["Moonworks:DeployBits+1","Moonworks:NicePresent"],"picked":"Moonworks:FullSpeedAlicianrone+1","floor":29},{"not_picked":["Moonworks:DeployBits","Moonworks:ReproductionOfRecords"],"picked":"Moonworks:SakisCookie","floor":31},{"not_picked":["Moonworks:GoAway","Moonworks:SinkOrSwim"],"picked":"Moonworks:ShieldCounter","floor":33},{"not_picked":["Moonworks:SealedMemories","Moonworks:x16BigRocket"],"picked":"Moonworks:NicePresent","floor":35},{"not_picked":["Moonworks:StiffCrystal","Moonworks:ReproductionOfRecords+1"],"picked":"Moonworks:CloudOfSeagulls+1","floor":36},{"not_picked":["Moonworks:EvilSpyWorkPreparation+1","Moonworks:ScrambledEve"],"picked":"Moonworks:JonathanRush+1","floor":37},{"not_picked":["Moonworks:IndiscriminateFireSupport+1","Moonworks:MixPhenomenon"],"picked":"Moonworks:SakisCookie+1","floor":38}],"player_experience":192440,"relics_obtained":[{"floor":7,"key":"Strawberry"},{"floor":9,"key":"StSpp:BrokenTotem"},{"floor":23,"key":"CaptainsWheel"},{"floor":26,"key":"WingedGreaves"},{"floor":43,"key":"Dream Catcher"}],"event_choices":[{"damage_healed":0,"gold_gain":75,"player_choice":"Gold","damage_taken":11,"max_hp_gain":0,"max_hp_loss":0,"event_name":"betterThird:BetterGoop","floor":2,"gold_loss":0},{"damage_healed":0,"gold_gain":0,"player_choice":"Upgraded","damage_taken":0,"max_hp_gain":0,"max_hp_loss":0,"event_name":"Upgrade Shrine","floor":8,"gold_loss":0,"cards_upgraded":["Moonworks:CloudOfSeagulls"]},{"damage_healed":0,"gold_gain":2,"player_choice":"1","damage_taken":0,"max_hp_gain":0,"max_hp_loss":0,"event_name":"betterStone:BetterStone","floor":21,"gold_loss":0},{"damage_healed":0,"gold_gain":0,"player_choice":"Ignored","damage_taken":0,"max_hp_gain":0,"max_hp_loss":0,"event_name":"Mysterious Sphere","floor":39,"gold_loss":0},{"damage_healed":0,"gold_gain":0,"player_choice":"Max HP","damage_taken":0,"max_hp_gain":0,"max_hp_loss":3,"event_name":"Winding Halls","floor":48,"gold_loss":0}],"is_beta":false,"boss_relics":[{"not_picked":["Calling Bell","StSpp:Balance","Fusion Hammer"]},{"not_picked":["Coffee Dripper","StSpp:PileOfSugar"],"picked":"expansioncontent:StudyCardRelic"}],"items_purged_floors":[47],"is_endless":false,"potions_floor_spawned":[10,14,16,18,20,23,37],"killed_by":"Time Eater","ascension_level":0}}