{"host":"pi8b3ffzwvxqztac","time":1611503436,"event":{"mods":["BaseMod","Colored Map","Minty Spire (QoL Compilation)","StSLib"],"gold_per_floor":[117,129,148,158,173,173,208,208,208,208,219,239,239,199,199,294,294,305,35,50,50,66,66,83,99,125,135,135,135],"floor_reached":28,"language":"ENG","playtime":1715,"items_purged":["Regret"],"score":226,"play_id":"2c16c9d2-689c-482e-84ab-3830b2e2ed4d","local_time":"20210125045036","is_ascension_mode":false,"campfire_choices":[{"data":"Zap","floor":6,"key":"SMITH"},{"data":"Dualcast","floor":8,"key":"SMITH"},{"data":"Seek","floor":10,"key":"SMITH"},{"data":"Conserve Battery","floor":15,"key":"SMITH"},{"data":"Loop","floor":23,"key":"SMITH"}],"circlet_count":0,"master_deck":["Strike_B","Strike_B","Strike_B","Strike_B","Defend_B+1","Defend_B","Defend_B","Defend_B+1","Zap+1","Dualcast+1","Rip and Tear","BootSequence","Self Repair","Sweeping Beam","Seek+1","Melter","Conserve Battery+1","Seek+1","BootSequence+1","Loop+1","Leap+1","Shame","Hologram+1","Stack+1"],"relics":["Cracked Core","TungstenRod","Bottled Lightning","Bottled Tornado","Toxic Egg 2","SacredBark","War Paint","Gremlin Horn","Tiny Chest"],"acts_visited":["Exordium","TheCity"],"potions_floor_usage":[16,16,22,28,28,28],"damage_taken":[{"damage":0,"enemies":"Cultist","floor":1,"turns":3},{"damage":0,"enemies":"Jaw Worm","floor":2,"turns":3},{"damage":1,"enemies":"2 Louse","floor":3,"turns":3},{"damage":4,"enemies":"Lots of Slimes","floor":4,"turns":5},{"damage":0,"enemies":"3 Louse","floor":5,"turns":3},{"damage":26,"enemies":"3 Sentries","floor":7,"turns":7},{"damage":0,"enemies":"Blue Slaver","floor":11,"turns":2},{"damage":2,"enemies":"Lots of Slimes","floor":12,"turns":2},{"damage":41,"enemies":"The Guardian","floor":16,"turns":14},{"damage":0,"enemies":"Chosen","floor":18,"turns":4},{"damage":0,"enemies":"Spheric Guardian","floor":20,"turns":3},{"damage":4,"enemies":"Snecko","floor":22,"turns":5},{"damage":16,"enemies":"Centurion and Healer","floor":24,"turns":11},{"damage":33,"enemies":"Cultist and Chosen","floor":25,"turns":7},{"damage":26,"enemies":"Snecko","floor":27,"turns":7},{"damage":27,"enemies":"Gremlin Leader","floor":28,"turns":8}],"seed_played":"6903360117175101925","potions_obtained":[{"floor":1,"key":"Energy Potion"},{"floor":7,"key":"Energy Potion"},{"floor":11,"key":"Explosive Potion"},{"floor":12,"key":"FearPotion"},{"floor":16,"key":"Dexterity Potion"},{"floor":18,"key":"Ancient Potion"},{"floor":27,"key":"FearPotion"}],"is_trial":false,"path_per_floor":["M","M","M","M","M","R","E","R","T","R","M","M","?","?","R","B",null,"M","$","M","?","M","R","M","M","T","M","E"],"character_chosen":"DEFECT","items_purchased":["War Paint","Loop"],"campfire_rested":0,"item_purchase_floors":[19,19],"current_hp_per_floor":[54,54,53,56,63,63,44,44,44,44,51,56,56,56,56,22,75,75,75,75,75,75,75,66,40,40,21,0,0],"gold":135,"neow_bonus":"ONE_RARE_RELIC","is_daily":false,"chose_seed":false,"campfire_upgraded":5,"win_rate":0.0,"timestamp":1611503436,"path_taken":["M","M","M","M","?","R","E","R","T","R","M","M","?","?","R","BOSS","M","?","M","?","M","R","M","M","T","M","E"],"items_purchased_type":["Relic","Card"],"build_version":"2020-12-22","purchased_purges":1,"victory":false,"max_hp_per_floor":[75,75,75,75,75,75,75,75,75,75,75,75,75,75,75,75,75,75,75,75,75,75,75,75,75,75,75,75,75],"card_choices":[{"not_picked":["Static Discharge","Skim"],"picked":"Rip and Tear","floor":1},{"not_picked":["Skim","Hello World"],"picked":"BootSequence","floor":2},{"not_picked":["Turbo","Gash"],"picked":"Self Repair","floor":3},{"not_picked":["Streamline","Genetic Algorithm"],"picked":"Sweeping Beam","floor":4},{"not_picked":["Darkness","Compile Driver","Barrage"],"picked":"SKIP","floor":5},{"not_picked":["BootSequence","Ball Lightning"],"picked":"Seek","floor":7},{"not_picked":["Compile Driver","Leap"],"picked":"Melter","floor":11},{"not_picked":["Turbo","Ball Lightning"],"picked":"Conserve Battery","floor":12},{"not_picked":["Biased Cognition","All For One"],"picked":"Seek+1","floor":16},{"not_picked":["Steam+1","Rip and Tear"],"picked":"BootSequence+1","floor":18},{"not_picked":["FTL","Ball Lightning"],"picked":"Leap+1","floor":20},{"not_picked":["Streamline","Doom and Gloom+1"],"picked":"Hologram+1","floor":22},{"not_picked":["Self Repair","Scrape","BootSequence+1"],"picked":"SKIP","floor":24},{"not_picked":["Reprogram+1","Rebound+1","Streamline+1"],"picked":"SKIP","floor":25},{"not_picked":["Double Energy+1","Turbo+1"],"picked":"Stack+1","floor":27}],"player_experience":16776,"relics_obtained":[{"floor":7,"key":"Bottled Lightning"},{"floor":9,"key":"Bottled Tornado"},{"floor":26,"key":"Tiny Chest"}],"event_choices":[{"damage_healed":0,"gold_gain":0,"player_choice":"Box","damage_taken":0,"relics_obtained":["Toxic Egg 2"],"max_hp_gain":0,"max_hp_loss":0,"event_name":"Big Fish","floor":13,"gold_loss":0,"cards_obtained":["Regret"]},{"damage_healed":0,"gold_gain":0,"player_choice":"Bought 3 Potions","damage_taken":0,"max_hp_gain":0,"max_hp_loss":0,"event_name":"The Woman in Blue","floor":14,"gold_loss":0},{"damage_healed":0,"gold_gain":0,"player_choice":"Stole Relic","damage_taken":0,"relics_obtained":["Gremlin Horn"],"max_hp_gain":0,"max_hp_loss":0,"event_name":"Addict","floor":21,"gold_loss":0,"cards_obtained":["Shame"]}],"is_beta":false,"boss_relics":[{"not_picked":["Ectoplasm","Coffee Dripper"],"picked":"SacredBark"}],"items_purged_floors":[19],"is_endless":false,"potions_floor_spawned":[1,7,11,12,16,18,20,27],"killed_by":"Gremlin Leader","ascension_level":0}}