{"host":"0ukt4blzh5g8drbw","time":1611492649,"event":{"mods":["100% Spire Juice","ATMod(∞¢Ë™Mod)","AchievementEnabler","Act Like it!","Arknights The Spire","Aspiration","BaseMod","ChefMod","Dota2Spire","Downfall","Energized Spire","Gensokyo","GungeonMod","KinomotoSakuraMod(ƒæ÷Æ±æ”£)","Koishi","Luminous","Mari Mod (Legacy)","Mari\u0027s V1 Patch","Marisa£®ÏF”Í°°ƒß¿Ì…≥£©","Minty Spire (QoL Compilation)","Quick Restart","Reimu£®≤©¿ˆ¡È√Œ£©","Remilia£®¿Ÿ√◊¿Ú—«£©","Replay The Spire","Robot Space Explorer","StSLib","The Alterego","The Bug Knight","The Construct","The Marked","The Runesmith","The Servant 0.9.4","WarShipGirlsR/’ΩΩ¢…Ÿ≈ÆR mod","Yakumo Yukari mod","Youmu£®ªÍ∆«—˝√Œ£©","Yuyuko","[IsaacMod]“‘»ˆº‚À˛","vexMod","°æ“≈ŒÔø®≈∆°øREMEMod"],"gold_per_floor":[117,127,141,158,158,158,158],"floor_reached":6,"language":"ZHS","playtime":565,"items_purged":[],"score":38,"play_id":"90b8f1ac-7936-4aac-99ed-5e0196fb7c56","local_time":"20210124205049","is_ascension_mode":false,"campfire_choices":[],"circlet_count":0,"master_deck":["Strike_Lin:ReiMu","Strike_Lin:ReiMu","Strike_Lin:ReiMu","Strike_Lin:ReiMu","Defend_Lin:ReiMu","Defend_Lin:ReiMu","Defend_Lin:ReiMu","Defend_Lin:ReiMu","NB:ReiMu","Stagnation:ReiMu","AT_OneInchPunch","OrbThrow:ReiMu","OctopathBindingBorder2:ReiMu","Conquer:ReiMu"],"relics":["FlyPower:ReiMu","AT_ATBox","HushsDoor","REME_ComplimentaryCards","NeowsBlessing","GuppysHead","DemoMod:GlassGuonStoneRelic","Ring of Hypnosis","Ring of Misfortune"],"acts_visited":["Exordium"],"potions_floor_usage":[],"damage_taken":[{"damage":1.0,"enemies":"Gensokyo:2_Kodama","floor":1.0,"turns":2.0},{"damage":0,"enemies":"Gensokyo:Gryphon","floor":2,"turns":1},{"damage":0,"enemies":"Gensokyo:Python","floor":3,"turns":1},{"damage":13,"enemies":"Gensokyo:3_Kodama","floor":4,"turns":4},{"damage":130,"enemies":"Gensokyo:Mamizou","floor":6,"turns":3}],"seed_played":"3633557727322013975","potions_obtained":[{"floor":1,"key":"PinkPotion:ReiMu"}],"is_trial":false,"path_per_floor":["M","M","M","M","?","E"],"character_chosen":"REIMU","items_purchased":[],"campfire_rested":0,"item_purchase_floors":[],"current_hp_per_floor":[64,64,64,51,51,0,0],"gold":158,"neow_bonus":"THREE_ENEMY_KILL","is_daily":false,"chose_seed":false,"campfire_upgraded":0,"win_rate":0.0,"timestamp":1611492649,"path_taken":["M","M","M","M","?","E"],"items_purchased_type":[],"build_version":"2020-12-22","purchased_purges":0,"victory":false,"max_hp_per_floor":[65,65,65,65,65,65,65],"card_choices":[{"not_picked":["KamiSacrifice:ReiMu","Crusade:ReiMu","SubAcupoint:ReiMu"],"picked":"SKIP","floor":1},{"not_picked":["FineLineFantasy:ReiMu","YinYangSange:ReiMu"],"picked":"OrbThrow:ReiMu","floor":2},{"not_picked":["DoubleButterfly:ReiMu","Revelation:ReiMu"],"picked":"OctopathBindingBorder2:ReiMu","floor":3},{"not_picked":["UniversalSpiritual:ReiMu","KyokaiOfKami:ReiMu"],"picked":"Conquer:ReiMu","floor":4}],"player_experience":121800,"relics_obtained":[{"floor":5,"key":"Ring of Hypnosis"},{"floor":5,"key":"Ring of Misfortune"}],"event_choices":[],"is_beta":false,"boss_relics":[],"items_purged_floors":[],"is_endless":false,"potions_floor_spawned":[1],"killed_by":"Gensokyo:Mamizou","ascension_level":0}}