{"host":"2uowsvn2ljd29942","time":1611483112,"event":{"mods":["BaseMod","Better Third Choice","Block Reminder","Colored Map","Colored Powertips","Dark Map","DeckTracker","Highlight Path","LagranYue(???·?)","Marisa????????","Minty Spire (QoL Compilation)","Permanent Neow","Quick Restart","Random Character Button","Rare Cards Sparkle","Relic Sorter","Relic Stats","StSLib","The Bug Knight","The Cursed","The Exalted","The Senshi","The Servant 0.9.4","WarShipGirlsR/????R mod","Yuri Mod","everything is the same but u backflip on backflip","slay the spire mod where everything is the same but ironclad has a cowboy hat"],"gold_per_floor":[117,129,2,16,16,16,32,61,86,156,170,170,201,217,217,315,315,332,312,331,331,331],"floor_reached":21,"language":"ENG","playtime":2050,"items_purged":["Defend_G"],"score":229,"play_id":"b25ab3f7-104c-48eb-abf2-7cc9b1f25f63","local_time":"20210124041152","is_ascension_mode":true,"campfire_choices":[{"floor":6.0,"key":"RECALL"},{"floor":12.0,"key":"REST"},{"floor":15.0,"key":"REST"}],"circlet_count":0,"master_deck":["Strike_G","Strike_G","Strike_G","Strike_G","Strike_G","Defend_G","Defend_G","Defend_G","Defend_G","Survivor","Neutralize+1","Leg Sweep","Noxious Fumes","Backflip","Bane+1","Bane+1","Phantasmal Killer","Poisoned Stab","Bane+1","Acrobatics","Footwork","Burst","Setup+1","Acrobatics+1"],"relics":["Ring of the Snake","Dream Catcher","Bromod:ArcaneBarrier","Whetstone","LagranYue:RandomDrawCardRelic"],"acts_visited":["Exordium","TheCity"],"potions_floor_usage":[],"damage_taken":[{"damage":7.0,"enemies":"Jaw Worm","floor":1.0,"turns":5.0},{"damage":2.0,"enemies":"Cultist","floor":2.0,"turns":4.0},{"damage":0.0,"enemies":"Small Slimes","floor":4.0,"turns":4.0},{"damage":5.0,"enemies":"3 Louse","floor":7.0,"turns":4.0},{"damage":10.0,"enemies":"Lagavulin","floor":8.0,"turns":5.0},{"damage":6.0,"enemies":"Red Slaver","floor":11.0,"turns":4.0},{"damage":36.0,"enemies":"3 Sentries","floor":13.0,"turns":6.0},{"damage":10.0,"enemies":"Gremlin Gang","floor":14.0,"turns":7.0},{"damage":29.0,"enemies":"Slime Boss","floor":16.0,"turns":8.0},{"damage":3.0,"enemies":"Chosen","floor":18.0,"turns":4.0},{"damage":8.0,"enemies":"Shell Parasite","floor":20.0,"turns":6.0},{"damage":8,"enemies":"Snake Plant","floor":21,"turns":3}],"seed_played":"-8458902962717091702","potions_obtained":[{"floor":1.0,"key":"GamblersBrew"},{"floor":2.0,"key":"Explosive Potion"},{"floor":4.0,"key":"Explosive Potion"},{"floor":14.0,"key":"Weak Potion"},{"floor":19.0,"key":"BlessingOfTheForge"}],"is_trial":false,"path_per_floor":["M","M","$","M","?","R","M","E","T","?","M","R","E","M","R","B",null,"M","?","M","M"],"character_chosen":"THE_SILENT","items_purchased":["Backflip"],"campfire_rested":2,"item_purchase_floors":[3],"current_hp_per_floor":[63,61,61,61,61,61,56,46,46,46,40,61,25,15,36,7,70,67,67,59,51,51],"gold":331,"neow_bonus":"UPGRADE_CARD","is_daily":false,"chose_seed":false,"campfire_upgraded":0,"win_rate":0.0,"timestamp":1611483112,"path_taken":["M","M","$","M","?","R","?","E","T","?","M","R","E","M","R","BOSS","M","?","M","M"],"items_purchased_type":["Card"],"build_version":"2020-12-22","purchased_purges":1,"victory":false,"max_hp_per_floor":[70,70,70,70,70,70,70,70,70,70,70,70,70,70,70,70,70,70,70,70,70,70],"relic_stats":{"Dream Catcher":2,"counters":[12,60],"Whetstone":["Bane","Bane"],"obtain_stats":[{"Dream Catcher":8,"LagranYue:RandomDrawCardRelic":0,"Bromod:ArcaneBarrier":17,"Whetstone":13,"Ring of the Snake":0},{"Dream Catcher":5,"LagranYue:RandomDrawCardRelic":0,"Bromod:ArcaneBarrier":9,"Whetstone":7,"Ring of the Snake":0},{"Dream Catcher":22,"LagranYue:RandomDrawCardRelic":0,"Bromod:ArcaneBarrier":47,"Whetstone":32,"Ring of the Snake":0}],"Ring of the Snake":[24]},"card_choices":[{"not_picked":["Bane","Reflex"],"picked":"Leg Sweep","floor":1.0},{"not_picked":["PiercingWail","Bane"],"picked":"Noxious Fumes","floor":2.0},{"not_picked":["Deflect","Dodge and Roll"],"picked":"Bane","floor":4.0},{"not_picked":["Cloak And Dagger","Finisher"],"picked":"Bane","floor":7.0},{"not_picked":["Outmaneuver","Skewer"],"picked":"Phantasmal Killer","floor":8.0},{"not_picked":["Deflect","Outmaneuver"],"picked":"Poisoned Stab","floor":11.0},{"not_picked":["Dagger Spray","Reflex"],"picked":"Bane","floor":12.0},{"not_picked":["Poisoned Stab","Outmaneuver","Flechettes"],"picked":"SKIP","floor":13.0},{"not_picked":["Eviscerate","Endless Agony"],"picked":"Acrobatics","floor":14.0},{"not_picked":["Deadly Poison","Skewer"],"picked":"Footwork","floor":15.0},{"not_picked":["Unload","Phantasmal Killer"],"picked":"Burst","floor":16.0},{"not_picked":["Skewer","Blade Dance+1"],"picked":"Setup+1","floor":18.0},{"not_picked":["Dash","Underhanded Strike"],"picked":"Acrobatics+1","floor":20.0}],"player_experience":280992,"relics_obtained":[{"floor":8.0,"key":"Dream Catcher"},{"floor":13.0,"key":"Whetstone"}],"event_choices":[{"damage_healed":0.0,"max_hp_gain":0.0,"max_hp_loss":0.0,"gold_gain":0.0,"event_name":"Upgrade Shrine","player_choice":"Upgraded","floor":5.0,"gold_loss":0.0,"damage_taken":0.0,"cards_upgraded":["Bane"]},{"damage_healed":0.0,"max_hp_gain":0.0,"max_hp_loss":0.0,"gold_gain":70.0,"event_name":"Golden Wing","player_choice":"Gained Gold","floor":10.0,"gold_loss":0.0,"damage_taken":0.0},{"damage_healed":0.0,"max_hp_gain":0.0,"max_hp_loss":0.0,"gold_gain":0.0,"event_name":"The Woman in Blue","player_choice":"Bought 1 Potion","floor":19.0,"gold_loss":0.0,"damage_taken":0.0}],"is_beta":false,"boss_relics":[{"not_picked":["Empty Cage","Ectoplasm"],"picked":"Bromod:ArcaneBarrier"}],"items_purged_floors":[3],"is_endless":false,"potions_floor_spawned":[1,2,4,14],"killed_by":"Snake Plant","ascension_level":4}}