{"host":"lnt5dzsuhru0aonl","time":1611478749,"event":{"mods":["2.2 Compatiblity","BaseMod","Colored Map","Colored Powertips","DeckTracker","Keyboard Shortcuts","Minty Spire (QoL Compilation)","Permanent Neow","Rare Cards Sparkle","StSLib","SuperFastMode","everything is the same but u backflip on backflip"],"gold_per_floor":[211,225,64,78,78,107,107,107,107,126,126,51,74,74,74],"floor_reached":14,"language":"KOR","playtime":3987,"items_purged":["Strike_B"],"score":180,"play_id":"978574e2-98e3-4af0-9422-36c56c8251cb","local_time":"20210124175909","is_ascension_mode":true,"campfire_choices":[{"data":"Storm","floor":8,"key":"SMITH"}],"circlet_count":0,"master_deck":["AscendersBane","Strike_B+1","Strike_B+1","Defend_B","Defend_B","Defend_B","Defend_B","Zap","Dualcast","Static Discharge","Storm+1","Capacitor","Lockon","Coolheaded","Compile Driver","Sweeping Beam","Defragment"],"relics":["Cracked Core","Mummified Hand","Pantograph","Golden Idol","Whetstone"],"acts_visited":["Exordium"],"potions_floor_usage":[6],"damage_taken":[{"damage":1.0,"enemies":"Cultist","floor":1.0,"turns":3.0},{"damage":4.0,"enemies":"2 Louse","floor":2.0,"turns":3.0},{"damage":8.0,"enemies":"Small Slimes","floor":4.0,"turns":3.0},{"damage":20,"enemies":"3 Sentries","floor":6,"turns":6},{"damage":3,"enemies":"3 Louse","floor":10,"turns":4},{"damage":8,"enemies":"Large Slime","floor":13,"turns":3},{"damage":12,"enemies":"Gremlin Nob","floor":14,"turns":2}],"seed_played":"-762195836316625530","potions_obtained":[{"floor":2.0,"key":"Dexterity Potion"},{"floor":4.0,"key":"Fire Potion"}],"is_trial":false,"path_per_floor":["M","M","$","M","?","E","?","R","T","M","?","$","M","E"],"character_chosen":"DEFECT","items_purchased":["Capacitor","Lockon"],"campfire_rested":0,"item_purchase_floors":[3,3],"current_hp_per_floor":[63,59,59,51,46,26,26,26,26,23,16,16,8,0,0],"gold":74,"neow_bonus":"HUNDRED_GOLD","is_daily":false,"chose_seed":false,"campfire_upgraded":1,"win_rate":0.0,"timestamp":1611478749,"path_taken":["M","?","$","M","?","E","?","R","T","M","?","$","M","E"],"items_purchased_type":["Card","Card"],"build_version":"2020-12-22","purchased_purges":1,"victory":false,"max_hp_per_floor":[71,71,71,71,71,71,64,64,64,64,64,64,64,64,64],"card_choices":[{"not_picked":["Beam Cell","Hello World"],"picked":"Static Discharge","floor":1.0},{"not_picked":["Steam","Beam Cell"],"picked":"Storm","floor":2.0},{"not_picked":["Rebound","Sunder"],"picked":"Coolheaded","floor":4.0},{"not_picked":["Recycle","Chill"],"picked":"Compile Driver","floor":6},{"not_picked":["Go for the Eyes","Beam Cell"],"picked":"Sweeping Beam","floor":10},{"not_picked":["Static Discharge","Turbo"],"picked":"Defragment","floor":13}],"player_experience":742092,"relics_obtained":[{"floor":6,"key":"Pantograph"},{"floor":9,"key":"Whetstone"}],"event_choices":[{"damage_healed":0.0,"max_hp_gain":0.0,"max_hp_loss":0.0,"gold_gain":0.0,"event_name":"Scrap Ooze","player_choice":"Success","floor":5.0,"gold_loss":0.0,"damage_taken":5.0,"relics_obtained":["Mummified Hand"]},{"damage_healed":0,"gold_gain":0,"player_choice":"Lose Max HP","damage_taken":0,"relics_obtained":["Golden Idol"],"max_hp_gain":0,"max_hp_loss":7,"event_name":"Golden Idol","floor":7,"gold_loss":0},{"cards_removed":["Strike_B"],"damage_healed":0,"gold_gain":0,"player_choice":"Card Removal","damage_taken":7,"max_hp_gain":0,"max_hp_loss":0,"event_name":"Golden Wing","floor":11,"gold_loss":0}],"is_beta":false,"boss_relics":[],"items_purged_floors":[12],"is_endless":false,"potions_floor_spawned":[2,4],"killed_by":"Gremlin Nob","ascension_level":20}}