{"host":"usdj552hvd2ulznm","time":1611530249,"event":{"mods":["Act Like it!","Aspiration","BaseMod","Better Third Choice","Colored Powertips","Conjunction","Conspire","DeckTracker","Downfall","Emptier Cage","Energized Spire","Gensokyo","GifTheSpireLib","GungeonMod","Halation","Hallownest","Hermit","Hubris","Infinite Spire","Key Reminder","Lobotomy","LobotomyExtend","Minty Spire (QoL Compilation)","Quick Restart","RNG Fix","Railgun Mod","Random Character Mod","Relic Stats","Replay The Spire","Reworked Bosses","Small Relic Pack","StSLib","Stuff the Spire","The Animator","The Blue Laboratory","The IronCluck","The Jungle","Uncapped","WarShipGirlsR/????R mod","vexMod"],"gold_per_floor":[109,109,58,76,76,76,103,103,103,103,28,59,59,69,69,69,69],"floor_reached":16,"language":"ENG","playtime":609,"items_purged":["hermit:Defend_Hermit"],"score":106,"play_id":"d636aaac-2c5a-4b13-9ec9-6a1b02dda9c3","local_time":"20210124161729","is_ascension_mode":false,"campfire_choices":[{"floor":6,"key":"REST"},{"floor":8,"key":"REST"},{"floor":15,"key":"REST"}],"circlet_count":0,"master_deck":["hermit:Strike_Hermit","hermit:Strike_Hermit","hermit:Strike_Hermit","hermit:Strike_Hermit","hermit:Defend_Hermit","hermit:Defend_Hermit","hermit:Defend_Hermit","hermit:Snapshot","hermit:Covet","SnowQueen","hermit:Deadeye","hermit:Brawl","hermit:Brawl","LongBird","hermit:LoneWolf","hermit:Ricochet","CherryBlossoms","hermit:EyeOfTheStorm","FieryBird"],"relics":["hermit:Momento","CogitoBucket","RabbitCall","LetterFromLob","Hallownest:SalubrasBlessingRelic","infinitespire:Satchel","DemoMod:RingOfEthereal","conspire:Dentures"],"acts_visited":["Hallownest:Greenpath"],"potions_floor_usage":[16,16,16],"damage_taken":[{"damage":1,"enemies":"Hallownest:2_MossCreeps","floor":1,"turns":5},{"damage":20,"enemies":"Hallownest:monsterHuskGuard","floor":4,"turns":4},{"damage":54,"enemies":"Hallownest:eliteMossKnight","floor":7,"turns":9},{"damage":15,"enemies":"Hallownest:eliteCrystalGuardian","floor":12,"turns":5},{"damage":16,"enemies":"Hallownest:2_Tiktiks_and_1_Crawlid","floor":14,"turns":4},{"damage":36,"enemies":"Hallownest:BossHornet","floor":16,"turns":3}],"seed_played":"442147663412484113","potions_obtained":[{"floor":4,"key":"blueLaboratory:PyrophylliteBrew"},{"floor":12,"key":"hermit:BlackBile"},{"floor":14,"key":"Weak Potion"}],"is_trial":false,"path_per_floor":["M","?","$","M","?","R","E","R","T","M","$","E","$","M","R","B"],"character_chosen":"HERMIT","items_purchased":["hermit:Brawl"],"campfire_rested":3,"item_purchase_floors":[3],"current_hp_per_floor":[74,74,74,54,44,68,14,39,39,39,39,24,24,8,33,0,0],"gold":69,"neow_bonus":"","is_daily":false,"chose_seed":false,"campfire_upgraded":0,"win_rate":0.0,"timestamp":1611530249,"path_taken":["M","?","$","M","?","R","E","R","T","M","$","E","$","M","R","BOSS"],"items_purchased_type":["Card"],"build_version":"2020-12-22","purchased_purges":1,"victory":false,"max_hp_per_floor":[75,75,75,75,75,77,77,79,79,79,79,79,79,79,81,81,81],"relic_stats":{"counters":[6,30],"obtain_stats":[{"conspire:Dentures":12,"RabbitCall":0,"Hallownest:SalubrasBlessingRelic":2,"CogitoBucket":0,"infinitespire:Satchel":7,"LetterFromLob":1,"DemoMod:RingOfEthereal":9,"hermit:Momento":0},{"conspire:Dentures":4,"RabbitCall":0,"Hallownest:SalubrasBlessingRelic":1,"CogitoBucket":0,"infinitespire:Satchel":3,"LetterFromLob":1,"DemoMod:RingOfEthereal":3,"hermit:Momento":0},{"conspire:Dentures":23,"RabbitCall":0,"Hallownest:SalubrasBlessingRelic":5,"CogitoBucket":0,"infinitespire:Satchel":18,"LetterFromLob":5,"DemoMod:RingOfEthereal":18,"hermit:Momento":0}]},"card_choices":[{"not_picked":["ShyLook","CrumblingArmor"],"picked":"SnowQueen","floor":1},{"not_picked":["hermit:Deadeye","hermit:Feint","hermit:ItchyTrigger"],"picked":"SKIP","floor":1},{"not_picked":["hermit:Feint","hermit:ItchyTrigger"],"picked":"hermit:Deadeye","floor":1},{"not_picked":["Woodsman","Murderer"],"picked":"LongBird","floor":4},{"not_picked":["hermit:NoHoldsBarred","hermit:LoneWolf","hermit:Roulette"],"picked":"SKIP","floor":4},{"not_picked":["hermit:NoHoldsBarred","hermit:Roulette"],"picked":"hermit:LoneWolf","floor":4},{"not_picked":["hermit:Snipe","hermit:Quickdraw"],"picked":"hermit:Ricochet","floor":7},{"not_picked":["VoidDream","PunishingBird"],"picked":"CherryBlossoms","floor":12},{"not_picked":["hermit:LoneWolf","hermit:Virtue"],"picked":"hermit:EyeOfTheStorm","floor":12},{"not_picked":["Bloodbath","PunishingBird"],"picked":"FieryBird","floor":14},{"not_picked":["hermit:Maintenance","hermit:Quickdraw","hermit:LowProfile"],"picked":"SKIP","floor":14}],"player_experience":470331,"relics_obtained":[{"floor":1,"key":"LetterFromLob"},{"floor":7,"key":"infinitespire:Satchel"},{"floor":9,"key":"DemoMod:RingOfEthereal"},{"floor":12,"key":"conspire:Dentures"}],"event_choices":[],"is_beta":false,"boss_relics":[],"items_purged_floors":[11],"is_endless":false,"potions_floor_spawned":[4,12,14],"killed_by":"Hallownest:BossHornet","ascension_level":0}}