{"host":"1tl36azeqm6yhdgj","time":1611452903,"event":{"mods":["AchievementEnabler","BaseMod","Minty Spire (QoL Compilation)","StSLib","The IronCluck","everything is the same but u backflip on backflip"],"gold_per_floor":[109,109,121,135,147,173,173,202,202,237,237,254,254,179,179,250,250,267,267,12,26,41,41,58,58,58],"floor_reached":25,"language":"ENG","playtime":883,"items_purged":[],"score":471,"play_id":"36140aee-c3a0-4b6d-a112-49c34c011e16","local_time":"20210123204823","is_ascension_mode":true,"campfire_choices":[{"data":"Inflame","floor":7.0,"key":"SMITH"},{"floor":15.0,"key":"REST"},{"floor":23.0,"key":"REST"}],"circlet_count":0,"master_deck":["AscendersBane","Strike_R","Strike_R","Defend_R","Defend_R","Defend_R","Defend_R","Bash","Warcry","Thunderclap+1","Carnage","Ghostly Armor","Inflame+1","Corruption+1","Iron Wave+1","Flex","Body Slam+1","Juggernaut","Feel No Pain","Magnetism","Cleave+1","Spot Weakness","Clothesline+1"],"relics":["Burning Blood","Eternal Feather","Molten Egg 2","InkBottle","Pear","White Beast Statue","SacredBark"],"acts_visited":["Exordium","TheCity"],"potions_floor_usage":[],"damage_taken":[{"damage":2.0,"enemies":"2 Louse","floor":1.0,"turns":3.0},{"damage":7.0,"enemies":"Cultist","floor":3.0,"turns":4.0},{"damage":7.0,"enemies":"Jaw Worm","floor":4.0,"turns":2.0},{"damage":7.0,"enemies":"3 Louse","floor":5.0,"turns":3.0},{"damage":30.0,"enemies":"Gremlin Nob","floor":6.0,"turns":4.0},{"damage":40.0,"enemies":"3 Sentries","floor":8.0,"turns":9.0},{"damage":1.0,"enemies":"Gremlin Nob","floor":10.0,"turns":3.0},{"damage":5.0,"enemies":"Looter","floor":12.0,"turns":4.0},{"damage":34.0,"enemies":"The Guardian","floor":16.0,"turns":11.0},{"damage":28.0,"enemies":"Spheric Guardian","floor":18.0,"turns":5.0},{"damage":26.0,"enemies":"Shell Parasite","floor":21.0,"turns":4.0},{"damage":24.0,"enemies":"Snake Plant","floor":22.0,"turns":3.0},{"damage":36.0,"enemies":"Centurion and Healer","floor":24.0,"turns":7.0},{"damage":36,"enemies":"Book of Stabbing","floor":25,"turns":3}],"seed_played":"5539334075700137337","potions_obtained":[{"floor":1.0,"key":"ColorlessPotion"},{"floor":3.0,"key":"Fire Potion"},{"floor":6.0,"key":"SneckoOil"},{"floor":8.0,"key":"DuplicationPotion"},{"floor":12.0,"key":"Fire Potion"},{"floor":16.0,"key":"GamblersBrew"},{"floor":18.0,"key":"PowerPotion"},{"floor":21.0,"key":"FearPotion"},{"floor":22.0,"key":"Fruit Juice"},{"floor":24,"key":"Explosive Potion"}],"is_trial":false,"path_per_floor":["M","?","M","M","M","E","R","E","T","E","T","M","?","?","R","B",null,"M","?","$","M","M","R","M","E"],"character_chosen":"IRONCLAD","items_purchased":["Magnetism","Cleave+1"],"campfire_rested":2,"item_purchase_floors":[20,20],"current_hp_per_floor":[72,72,71,70,69,45,54,20,20,35,35,36,36,36,70,42,74,52,52,52,32,24,64,34,0,0],"gold":58,"neow_bonus":"TRANSFORM_CARD","is_daily":false,"chose_seed":false,"campfire_upgraded":1,"win_rate":0.0,"timestamp":1611452903,"path_taken":["M","?","?","M","M","E","R","E","T","E","?","?","?","?","R","BOSS","M","?","$","M","?","R","M","E"],"items_purchased_type":["Card","Card"],"build_version":"2020-12-22","purchased_purges":0,"victory":false,"max_hp_per_floor":[75,75,75,75,75,75,75,75,75,85,85,85,85,85,85,85,85,85,85,85,85,95,95,95,95,95],"card_choices":[{"not_picked":["Evolve","Power Through"],"picked":"Thunderclap","floor":1.0},{"not_picked":["Second Wind","Evolve"],"picked":"Carnage","floor":3.0},{"not_picked":["Clash","Iron Wave"],"picked":"Ghostly Armor","floor":4.0},{"not_picked":["Heavy Blade","Sword Boomerang"],"picked":"Inflame","floor":5.0},{"not_picked":["Searing Blow","Evolve","Blood for Blood"],"picked":"SKIP","floor":6.0},{"not_picked":["Thunderclap+1","Pommel Strike+1"],"picked":"Corruption","floor":8.0},{"not_picked":["Armaments","Shrug It Off"],"picked":"Iron Wave+1","floor":10.0},{"not_picked":["Shrug It Off","Pommel Strike+1"],"picked":"Flex","floor":12.0},{"not_picked":["Double Tap","Offering"],"picked":"Juggernaut","floor":16.0},{"not_picked":["Second Wind+1","Flex"],"picked":"Feel No Pain","floor":18.0},{"not_picked":["Searing Blow+1","Heavy Blade+1"],"picked":"Spot Weakness","floor":21.0},{"not_picked":["Twin Strike+1","Perfected Strike+1"],"picked":"Clothesline+1","floor":22.0},{"not_picked":["Havoc","True Grit","Iron Wave+1"],"picked":"SKIP","floor":24}],"player_experience":2026271,"relics_obtained":[{"floor":6.0,"key":"Eternal Feather"},{"floor":8.0,"key":"Molten Egg 2"},{"floor":9.0,"key":"InkBottle"},{"floor":10.0,"key":"Pear"},{"floor":11.0,"key":"White Beast Statue"}],"event_choices":[{"damage_healed":0.0,"max_hp_gain":0.0,"max_hp_loss":0.0,"gold_gain":0.0,"event_name":"Accursed Blacksmith","player_choice":"Forge","floor":2.0,"gold_loss":0.0,"damage_taken":0.0,"cards_upgraded":["Thunderclap"]},{"damage_healed":0.0,"max_hp_gain":0.0,"max_hp_loss":0.0,"gold_gain":0.0,"cards_transformed":["Strike_R"],"event_name":"Living Wall","player_choice":"Change","floor":13.0,"gold_loss":0.0,"damage_taken":0.0,"cards_obtained":["Body Slam"]},{"cards_removed":["Strike_R"],"damage_healed":0.0,"max_hp_gain":0.0,"max_hp_loss":0.0,"gold_gain":0.0,"event_name":"The Cleric","player_choice":"Card Removal","floor":14.0,"gold_loss":75.0,"damage_taken":0.0},{"damage_healed":0.0,"max_hp_gain":0.0,"max_hp_loss":0.0,"gold_gain":0.0,"event_name":"Upgrade Shrine","player_choice":"Upgraded","floor":19.0,"gold_loss":0.0,"damage_taken":0.0,"cards_upgraded":["Corruption"]}],"is_beta":false,"boss_relics":[{"not_picked":["Snecko Eye","Runic Pyramid"],"picked":"SacredBark"}],"items_purged_floors":[],"is_endless":false,"potions_floor_spawned":[1,3,6,8,12,16,18,21,22,24],"killed_by":"Book of Stabbing","ascension_level":20}}