{"host":"hwrdjx5eod2cxh09","time":1611486062,"event":{"mods":["AchievementEnabler","BaseMod","Bestiary","Minty Spire (QoL Compilation)","Relic Stats"],"gold_per_floor":[111,111,111,111,111,155,155,189,215,256,268,303,338,366,378,519,531,568,99,112,112,112,139,139,170,170,269,296,308,335,45,45,146,146,165,165,175,186,197,197,17,17,43,43,73,85,85,111,111,111,111,111,29,55,55],"floor_reached":56,"language":"ENG","playtime":2765,"items_purged":["Strike_R"],"score":1401,"play_id":"6419ce16-b1c2-4405-b514-08228af86000","local_time":"20210124200102","is_ascension_mode":true,"campfire_choices":[{"data":"Inflame","floor":7.0,"key":"SMITH"},{"data":"Sword Boomerang","floor":11.0,"key":"SMITH"},{"data":"Uppercut","floor":15.0,"key":"SMITH"},{"data":"Limit Break","floor":24.0,"key":"SMITH"},{"data":"Pommel Strike","floor":32.0,"key":"SMITH"},{"data":"Impervious","floor":40.0,"key":"SMITH"},{"data":"Battle Trance","floor":42.0,"key":"SMITH"},{"floor":44.0,"key":"RECALL"},{"data":"Limit Break","floor":49,"key":"SMITH"},{"data":"Exhume","floor":52,"key":"SMITH"}],"circlet_count":0,"master_deck":["Strike_R","Strike_R+1","Strike_R+1","Strike_R","Defend_R","Defend_R","Defend_R","Defend_R","Bash","Whirlwind+1","Inflame+1","Sword Boomerang+1","Headbutt","Uppercut+1","Battle Trance+1","Limit Break+1","Shrug It Off+1","Demon Form+1","Pommel Strike+1","Ghostly Armor","Shockwave+1","Reaper","Armaments+1","Exhume+1","Impervious+1","True Grit+1","Metallicize+1","Metallicize+1","Flame Barrier+1","True Grit+1","Pommel Strike+1","Limit Break+1","Burning Pact"],"relics":["Burning Blood","NeowsBlessing","Bloody Idol","Question Card","Blue Candle","Toy Ornithopter","MawBank","SlaversCollar","Frozen Egg 2","Happy Flower","Art of War","Matryoshka","Paper Frog","Pear","Ice Cream","SacredBark","Orrery","Dream Catcher","InkBottle","Ornamental Fan","HornCleat"],"acts_visited":["Exordium","TheCity","TheBeyond","TheEnding"],"potions_floor_usage":[48,55,55,55],"damage_taken":[{"damage":0.0,"enemies":"Small Slimes","floor":1.0,"turns":1.0},{"damage":0.0,"enemies":"Gremlin Nob","floor":6.0,"turns":1.0},{"damage":0.0,"enemies":"3 Sentries","floor":8.0,"turns":1.0},{"damage":20.0,"enemies":"Gremlin Nob","floor":10.0,"turns":4.0},{"damage":0.0,"enemies":"2 Louse","floor":12.0,"turns":2.0},{"damage":3.0,"enemies":"Jaw Worm","floor":13.0,"turns":3.0},{"damage":0.0,"enemies":"Lots of Slimes","floor":14.0,"turns":1.0},{"damage":45.0,"enemies":"The Guardian","floor":16.0,"turns":10.0},{"damage":29.0,"enemies":"2 Thieves","floor":18.0,"turns":4.0},{"damage":14.0,"enemies":"Spheric Guardian","floor":20.0,"turns":4.0},{"damage":13.0,"enemies":"Gremlin Leader","floor":23.0,"turns":5.0},{"damage":33.0,"enemies":"Slavers","floor":25.0,"turns":4.0},{"damage":35.0,"enemies":"Gremlin Leader","floor":28.0,"turns":6.0},{"damage":2.0,"enemies":"Chosen and Byrds","floor":29.0,"turns":4.0},{"damage":48.0,"enemies":"Slavers","floor":30.0,"turns":5.0},{"damage":47.0,"enemies":"Champ","floor":33.0,"turns":7.0},{"damage":4.0,"enemies":"3 Shapes","floor":35.0,"turns":12.0},{"damage":15.0,"enemies":"3 Darklings","floor":37.0,"turns":4.0},{"damage":24.0,"enemies":"Spire Growth","floor":38.0,"turns":7.0},{"damage":11.0,"enemies":"Maw","floor":39.0,"turns":7.0},{"damage":5.0,"enemies":"Giant Head","floor":45.0,"turns":7.0},{"damage":35.0,"enemies":"Jaw Worm Horde","floor":46.0,"turns":9.0},{"damage":54,"enemies":"Reptomancer","floor":48,"turns":11},{"damage":56,"enemies":"Donu and Deca","floor":50,"turns":11},{"damage":78,"enemies":"Shield and Spear","floor":54,"turns":8},{"damage":122,"enemies":"The Heart","floor":55,"turns":11}],"seed_played":"-1732886122048022341","potions_obtained":[{"floor":1.0,"key":"DistilledChaos"},{"floor":10.0,"key":"Regen Potion"},{"floor":14.0,"key":"ElixirPotion"},{"floor":23.0,"key":"DuplicationPotion"},{"floor":29.0,"key":"DuplicationPotion"},{"floor":37.0,"key":"GamblersBrew"},{"floor":48,"key":"DuplicationPotion"}],"is_trial":false,"path_per_floor":["M","?","?","?","?","E","R","E","T","E","R","M","M","M","R","B",null,"M","$","M","?","?","E","R","E","T","?","E","M","E","$","R","B",null,"M","?","M","M","M","R","$","R","T","R","E","M","?","E","R","B",null,"R","$","E","B",null],"character_chosen":"IRONCLAD","items_purchased":["Frozen Egg 2","Demon Form+1","Ice Cream","Metallicize+1","Orrery","Burning Pact"],"campfire_rested":0,"item_purchase_floors":[19,19,31,41,41,53],"current_hp_per_floor":[80,60,44,44,44,50,50,56,56,42,42,48,51,57,57,18,80,57,57,49,49,49,47,47,25,25,30,71,80,71,71,71,90,90,90,90,86,90,90,90,90,90,90,90,90,82,82,85,85,71,85,85,85,18,66],"gold":55,"neow_bonus":"THREE_ENEMY_KILL","is_daily":false,"chose_seed":false,"campfire_upgraded":9,"win_rate":0.0,"timestamp":1611486062,"path_taken":["M","?","?","?","?","E","R","E","T","E","R","M","M","M","R","BOSS","M","$","M","?","?","E","R","E","T","?","E","?","E","?","R","BOSS","M","?","M","M","M","R","$","R","T","R","E","M","?","E","R","BOSS","R","$","E","BOSS"],"items_purchased_type":["Relic","Card","Relic","Card","Relic","Card"],"build_version":"2020-12-22","purchased_purges":1,"victory":true,"max_hp_per_floor":[80,80,80,80,80,80,80,80,80,80,80,80,80,80,80,80,80,80,80,80,80,80,80,80,80,80,80,80,80,90,90,90,90,90,90,90,90,90,90,90,90,90,90,90,90,90,85,85,85,85,85,85,85,85,85],"relic_stats":{"Happy Flower":[37],"counters":[26,149],"Blue Candle":[0],"Question Card":27,"MawBank":108,"Burning Blood":125,"Dream Catcher":0,"Ornamental Fan":[8],"Bloody Idol":50,"Art of War":[33],"obtain_stats":[{"Ice Cream":31,"Pear":30,"NeowsBlessing":0,"Happy Flower":23,"Golden Idol":2,"Blue Candle":8,"SacredBark":34,"Frozen Egg 2":19,"Question Card":6,"MawBank":10,"Burning Blood":0,"SlaversCollar":17,"Dream Catcher":43,"Matryoshka":26,"HornCleat":54,"Ornamental Fan":48,"Bloody Idol":21,"Orrery":41,"Art of War":25,"Toy Ornithopter":9,"InkBottle":45,"Paper Frog":28},{"Ice Cream":15,"Pear":15,"NeowsBlessing":0,"Happy Flower":11,"Golden Idol":1,"Blue Candle":3,"SacredBark":16,"Frozen Egg 2":9,"Question Card":2,"MawBank":4,"Burning Blood":0,"SlaversCollar":8,"Dream Catcher":20,"Matryoshka":12,"HornCleat":25,"Ornamental Fan":23,"Bloody Idol":10,"Orrery":20,"Art of War":12,"Toy Ornithopter":3,"InkBottle":21,"Paper Frog":13},{"Ice Cream":55,"Pear":55,"NeowsBlessing":0,"Happy Flower":36,"Golden Idol":1,"Blue Candle":3,"SacredBark":62,"Frozen Egg 2":27,"Question Card":2,"MawBank":7,"Burning Blood":0,"SlaversCollar":23,"Dream Catcher":92,"Matryoshka":40,"HornCleat":138,"Ornamental Fan":119,"Bloody Idol":31,"Orrery":92,"Art of War":40,"Toy Ornithopter":3,"InkBottle":99,"Paper Frog":46}],"Toy Ornithopter":25,"InkBottle":[14]},"card_choices":[{"not_picked":["Flex","Shrug It Off"],"picked":"Whirlwind","floor":1.0},{"not_picked":["Havoc","True Grit"],"picked":"Inflame","floor":6.0},{"not_picked":["Armaments","Thunderclap","Double Tap"],"picked":"Sword Boomerang","floor":8.0},{"not_picked":["Havoc","Dark Embrace","Rage"],"picked":"Headbutt","floor":10.0},{"not_picked":["Warcry","Infernal Blade","Carnage","Havoc"],"picked":"SKIP","floor":12.0},{"not_picked":["Feel No Pain","Heavy Blade","Wild Strike"],"picked":"Uppercut","floor":13.0},{"not_picked":["Headbutt","Rupture","Wild Strike"],"picked":"Battle Trance","floor":14.0},{"not_picked":["Double Tap","Brutality","Offering"],"picked":"Limit Break","floor":16.0},{"not_picked":["Armaments","Thunderclap+1","Clothesline"],"picked":"Shrug It Off+1","floor":18.0},{"not_picked":["Wild Strike","Spot Weakness+1","Warcry"],"picked":"Pommel Strike","floor":20.0},{"not_picked":["Havoc","Bloodletting","Clash"],"picked":"Shockwave+1","floor":23.0},{"not_picked":["Infernal Blade","Feel No Pain+1","Thunderclap"],"picked":"Reaper","floor":25.0},{"not_picked":["Entrench","Carnage","Burning Pact+1"],"picked":"Armaments+1","floor":28.0},{"not_picked":["Entrench","Blood for Blood","Clothesline","Rage"],"picked":"SKIP","floor":29.0},{"not_picked":["Combust+1","Blood for Blood","Havoc"],"picked":"Exhume","floor":30.0},{"not_picked":["Demon Form+1","Exhume","Feed"],"picked":"Impervious","floor":33.0},{"not_picked":["Hemokinesis","Clothesline","Wild Strike+1","Battle Trance"],"picked":"SKIP","floor":35.0},{"not_picked":["Sentinel","Bloodletting+1","Pommel Strike+1"],"picked":"True Grit+1","floor":37.0},{"not_picked":["Perfected Strike","Clash","Wild Strike+1","Anger"],"picked":"SKIP","floor":38.0},{"not_picked":["Thunderclap","Intimidate+1","Perfected Strike+1"],"picked":"Metallicize+1","floor":39.0},{"not_picked":["Entrench","Thunderclap+1","Warcry+1"],"picked":"Flame Barrier+1","floor":41.0},{"not_picked":["Fire Breathing+1","Body Slam+1","Iron Wave"],"picked":"True Grit+1","floor":41.0},{"not_picked":["Shockwave+1","Spot Weakness+1","Infernal Blade+1"],"picked":"Pommel Strike+1","floor":41.0},{"not_picked":["Infernal Blade+1","Headbutt+1","Spot Weakness"],"picked":"Limit Break","floor":45.0},{"not_picked":["Headbutt","Havoc","Flex","Thunderclap+1"],"picked":"SKIP","floor":46.0},{"not_picked":["Hemokinesis+1","Pummel+1","Reckless Charge+1","Shrug It Off"],"picked":"SKIP","floor":48},{"not_picked":["Bloodletting","Immolate","Carnage+1","Bludgeon"],"picked":"SKIP","floor":54}],"player_experience":271475,"relics_obtained":[{"floor":6.0,"key":"Question Card"},{"floor":8.0,"key":"Blue Candle"},{"floor":9.0,"key":"Toy Ornithopter"},{"floor":10.0,"key":"MawBank"},{"floor":23.0,"key":"Happy Flower"},{"floor":25.0,"key":"Art of War"},{"floor":26.0,"key":"Matryoshka"},{"floor":28.0,"key":"Paper Frog"},{"floor":30.0,"key":"Pear"},{"floor":43.0,"key":"Dream Catcher"},{"floor":45.0,"key":"InkBottle"},{"floor":48,"key":"Ornamental Fan"},{"floor":54,"key":"HornCleat"}],"event_choices":[{"damage_healed":0.0,"max_hp_gain":0.0,"max_hp_loss":0.0,"gold_gain":0.0,"event_name":"Golden Idol","player_choice":"Take Damage","floor":2.0,"gold_loss":0.0,"damage_taken":20.0,"relics_obtained":["Golden Idol"]},{"damage_healed":0.0,"max_hp_gain":0.0,"max_hp_loss":0.0,"gold_gain":0.0,"event_name":"Shining Light","player_choice":"Entered Light","floor":3.0,"gold_loss":0.0,"damage_taken":16.0,"cards_upgraded":["Strike_R","Strike_R"]},{"damage_healed":0.0,"max_hp_gain":0.0,"max_hp_loss":0.0,"gold_gain":0.0,"event_name":"Living Wall","player_choice":"Grow","floor":4.0,"gold_loss":0.0,"damage_taken":0.0,"cards_upgraded":["Whirlwind"]},{"damage_healed":0.0,"max_hp_gain":0.0,"max_hp_loss":0.0,"gold_gain":0.0,"event_name":"Liars Game","player_choice":"Ignored","floor":5.0,"gold_loss":0.0,"damage_taken":0.0},{"damage_healed":0.0,"max_hp_gain":0.0,"max_hp_loss":0.0,"gold_gain":0.0,"event_name":"Forgotten Altar","player_choice":"Gave Idol","floor":21.0,"relics_lost":["Golden Idol"],"gold_loss":0.0,"damage_taken":0.0,"relics_obtained":["Bloody Idol"]},{"damage_healed":0.0,"max_hp_gain":0.0,"max_hp_loss":0.0,"gold_gain":0.0,"event_name":"The Library","player_choice":"Read","floor":22.0,"gold_loss":0.0,"damage_taken":0.0,"cards_obtained":["Ghostly Armor"]},{"damage_healed":0.0,"max_hp_gain":0.0,"max_hp_loss":0.0,"gold_gain":99.0,"event_name":"Nest","player_choice":"Stole From Cult","floor":27.0,"gold_loss":0.0,"damage_taken":0.0},{"damage_healed":0.0,"max_hp_gain":0.0,"max_hp_loss":0.0,"gold_gain":0.0,"event_name":"Tomb of Lord Red Mask","player_choice":"Ignored","floor":36.0,"gold_loss":0.0,"damage_taken":0.0},{"damage_healed":0.0,"max_hp_gain":0.0,"max_hp_loss":5.0,"gold_gain":0.0,"event_name":"Winding Halls","player_choice":"Max HP","floor":47.0,"gold_loss":0.0,"damage_taken":0.0}],"is_beta":false,"boss_relics":[{"not_picked":["Philosopher\u0027s Stone","Black Star"],"picked":"SlaversCollar"},{"not_picked":["Pandora\u0027s Box","Tiny House"],"picked":"SacredBark"}],"items_purged_floors":[19],"is_endless":false,"potions_floor_spawned":[1,10,14,18,23,29,37,39,46,48],"ascension_level":1}}