{"host":"uv5ws9rdk87e8i5k","time":1611523437,"event":{"mods":["AchievementEnabler","BaseMod","Colored Map","Minty Spire (QoL Compilation)","StSLib","SuperFastMode","The Necromancer","The Saiyan"],"gold_per_floor":[40,77,129,160,160,212,245,245,245,260,278,309,309,356,356,453,453,484,497,497,516,554,554,589,608,633,633,668,688,688,37,37,134,134,151,51,61,78,114,114,114,114,114,139,158,173,191,219,219,219],"floor_reached":51,"language":"ENG","playtime":1770,"items_purged":["Regret","Parasite"],"score":782,"play_id":"40be8d06-1d26-4bf7-8e55-c47e0a52286a","local_time":"20210124152357","is_ascension_mode":false,"campfire_choices":[{"data":"Summon_Undead","floor":8.0,"key":"SMITH"},{"data":"Life_Tap","floor":13.0,"key":"SMITH"},{"data":"Negative_Energy_Mist","floor":15.0,"key":"SMITH"},{"data":"Death_Coil","floor":23.0,"key":"SMITH"},{"data":"Uncharnel","floor":30.0,"key":"SMITH"},{"floor":32.0,"key":"REST"},{"data":"Shade_Step","floor":40.0,"key":"SMITH"},{"data":"Grasp_Heart","floor":42.0,"key":"SMITH"},{"data":"Bone_Armor","floor":49,"key":"SMITH"}],"circlet_count":0,"master_deck":["Strike_W","Strike_W+1","Strike_W","Defend_W","Defend_W","Defend_W","Defend_W","Negative_Energy_Arrows+1","Bone_Wall","HandOfGreed","Finger_Of_Death","Death_Coil+1","Negative_Energy_Mist+1","Summon_Undead+1","Grasp_Heart+1","Life_Tap+1","Finger_Of_Death","Summon_Lich+1","Summon_Vampire_Lady+1","Finger_Of_Death","Uncharnel+1","Summon_Death_Knight+1","Bone_Armor+1","Shade_Step+1","Summon_Vampire_Lady+1","Summon_Undead_Army+1","Summon_Death_Knight+1","Summon_Undead+1","Doubt","Summon_Undead_Army+1","Exploit+1"],"relics":["Vampire_Amulet","Strawberry","Potion Belt","InkBottle","Frozen Egg 2","Dream Catcher","Cursed Key","Nunchaku","MutagenicStrength","Bird Faced Urn","DollysMirror","Matryoshka","Snecko Eye","Whetstone","Du-Vu Doll","Toy Ornithopter","Orichalcum"],"acts_visited":["Exordium","TheCity","TheBeyond"],"potions_floor_usage":[44,45,50,50,50],"damage_taken":[{"damage":1.0,"enemies":"Jaw Worm","floor":1.0,"turns":7.0},{"damage":0.0,"enemies":"Small Slimes","floor":2.0,"turns":2.0},{"damage":2.0,"enemies":"2 Louse","floor":3.0,"turns":4.0},{"damage":6.0,"enemies":"Red Slaver","floor":4.0,"turns":4.0},{"damage":21.0,"enemies":"Gremlin Nob","floor":6.0,"turns":5.0},{"damage":5.0,"enemies":"3 Louse","floor":7.0,"turns":3.0},{"damage":2.0,"enemies":"Looter","floor":10.0,"turns":2.0},{"damage":6.0,"enemies":"Blue Slaver","floor":11.0,"turns":3.0},{"damage":24.0,"enemies":"3 Sentries","floor":12.0,"turns":7.0},{"damage":15.0,"enemies":"Gremlin Nob","floor":14.0,"turns":4.0},{"damage":42.0,"enemies":"Hexaghost","floor":16.0,"turns":9.0},{"damage":1.0,"enemies":"3 Byrds","floor":18.0,"turns":4.0},{"damage":13.0,"enemies":"2 Thieves","floor":19.0,"turns":3.0},{"damage":22.0,"enemies":"Centurion and Healer","floor":21.0,"turns":6.0},{"damage":23.0,"enemies":"Cultist and Chosen","floor":22.0,"turns":5.0},{"damage":15.0,"enemies":"Snake Plant","floor":24.0,"turns":3.0},{"damage":16.0,"enemies":"Snecko","floor":25.0,"turns":4.0},{"damage":37.0,"enemies":"Slavers","floor":28.0,"turns":5.0},{"damage":21.0,"enemies":"3 Cultists","floor":29.0,"turns":4.0},{"damage":42.0,"enemies":"Champ","floor":33.0,"turns":8.0},{"damage":3.0,"enemies":"3 Darklings","floor":35.0,"turns":4.0},{"damage":11.0,"enemies":"Orb Walker","floor":37.0,"turns":3.0},{"damage":11.0,"enemies":"Maw","floor":38.0,"turns":6.0},{"damage":31.0,"enemies":"4 Shapes","floor":39.0,"turns":3.0},{"damage":62,"enemies":"Reptomancer","floor":44,"turns":6},{"damage":11,"enemies":"Sphere and 2 Shapes","floor":45,"turns":4},{"damage":44,"enemies":"3 Darklings","floor":46,"turns":4},{"damage":0,"enemies":"Transient","floor":47,"turns":5},{"damage":19,"enemies":"Giant Head","floor":48,"turns":7},{"damage":58,"enemies":"Donu and Deca","floor":50,"turns":7}],"seed_played":"8356059979894715218","potions_obtained":[{"floor":3.0,"key":"PowerPotion"},{"floor":4.0,"key":"Weak Potion"},{"floor":7.0,"key":"SpeedPotion"},{"floor":16.0,"key":"SkillPotion"},{"floor":22.0,"key":"Explosive Potion"},{"floor":24.0,"key":"EssenceOfSteel"},{"floor":25.0,"key":"Block Potion"},{"floor":29.0,"key":"Strength Potion"},{"floor":37.0,"key":"Fruit Juice"},{"floor":44,"key":"ColorlessPotion"},{"floor":46,"key":"Fire Potion"},{"floor":47,"key":"PowerPotion"},{"floor":48,"key":"Regen Potion"}],"is_trial":false,"path_per_floor":["M","M","M","M","?","E","M","R","T","M","M","E","R","E","R","B",null,"M","M","?","M","M","R","M","M","T","?","E","M","R","$","R","B",null,"M","$","M","M","M","R","?","R","T","E","M","M","M","E","R","B",null],"character_chosen":"NECROMANCER","items_purchased":["DollysMirror","Summon_Undead_Army+1","Matryoshka","Block Potion","ColorlessPotion"],"campfire_rested":1,"item_purchase_floors":[31,31,31,31,31],"current_hp_per_floor":[75,75,75,71,78,59,69,69,69,69,65,47,47,34,34,15,82,82,73,73,70,60,60,50,36,36,36,11,23,23,23,47,59,82,82,79,79,84,69,69,69,69,69,44,71,46,84,80,80,75],"gold":219,"neow_bonus":"RANDOM_COLORLESS_2","is_daily":false,"chose_seed":false,"campfire_upgraded":8,"win_rate":0.0,"timestamp":1611523437,"path_taken":["M","M","M","M","?","E","M","R","T","M","M","E","R","E","R","BOSS","M","M","?","M","M","R","M","M","T","?","E","M","R","$","R","BOSS","M","$","M","M","M","R","?","R","T","E","M","M","M","E","R","BOSS"],"items_purchased_type":["Relic","Card","Relic","Potion","Potion"],"build_version":"2020-12-22","purchased_purges":2,"victory":true,"max_hp_per_floor":[75,75,75,75,82,82,82,82,82,82,82,82,82,82,82,82,82,82,82,82,82,82,82,82,82,82,82,82,82,82,82,82,82,82,82,79,79,84,84,84,84,84,84,84,84,84,84,84,84,84],"card_choices":[{"not_picked":["Transmutation","Apotheosis"],"picked":"HandOfGreed","floor":0.0},{"not_picked":["Death_Knell","Vampiric_Strike"],"picked":"Finger_Of_Death","floor":1.0},{"not_picked":["Life_Drain","Negative_Energy_Javelin"],"picked":"Death_Coil","floor":2.0},{"not_picked":["Acid_Javelin","Death_March_Dance"],"picked":"Negative_Energy_Mist","floor":3.0},{"not_picked":["Bone_Shift","Bone_Spikes"],"picked":"Summon_Undead","floor":4.0},{"not_picked":["Deaths_Shadow","Acid_Javelin","Violent_Necrosis"],"picked":"SKIP","floor":6.0},{"not_picked":["Bone_Spikes","Life_Drain"],"picked":"Grasp_Heart","floor":7.0},{"not_picked":["Spectral_Armor","Deaths_Shadow"],"picked":"Life_Tap","floor":10.0},{"not_picked":["Spectral_Walk","Negative_Energy_Javelin"],"picked":"Finger_Of_Death","floor":11.0},{"not_picked":["Negative_Energy_Sphere","Bones_to_Steel","Plague_Bolt"],"picked":"SKIP","floor":12.0},{"not_picked":["Epidemic","Thousand_Bone_Knives"],"picked":"Summon_Lich+1","floor":14.0},{"not_picked":["Cloudkill","Requiem"],"picked":"Summon_Vampire_Lady+1","floor":16.0},{"not_picked":["Death_March_Dance","Violent_Necrosis","Bone_Spikes"],"picked":"SKIP","floor":18.0},{"not_picked":["Consume_Illness+1","Blood_for_Blood+1"],"picked":"Finger_Of_Death","floor":19.0},{"not_picked":["Negative_Energy_Mist","Vampiric_Strike","Blood_Curse"],"picked":"SKIP","floor":21.0},{"not_picked":["Death_Knell","Strike_from_Beyond","Consume_Illness"],"picked":"SKIP","floor":22.0},{"not_picked":["Consume_Illness","Vampiric_Strike"],"picked":"Uncharnel","floor":24.0},{"not_picked":["Negative_Energy_Shield","Negative_Energy_Mist"],"picked":"Summon_Death_Knight+1","floor":25.0},{"not_picked":["Strike_from_Beyond","Negative_Energy_Burst"],"picked":"Bone_Armor","floor":28.0},{"not_picked":["Consume_Illness","Chill_Blood+1"],"picked":"Shade_Step","floor":29.0},{"not_picked":["Reap_The_Weak","Cloudkill"],"picked":"Summon_Death_Knight+1","floor":33.0},{"not_picked":["Blood_Curse+1","Violent_Necrosis+1","Negative_Energy_Mist"],"picked":"SKIP","floor":35.0},{"not_picked":["Blood_Whip","Finger_Of_Death","Vampiric_Strike"],"picked":"SKIP","floor":37.0},{"not_picked":["Whirlwind_of_Bones+1","Finger_Of_Death+1"],"picked":"Summon_Undead+1","floor":38.0},{"not_picked":["Negative_Energy_Sphere+1","Negative_Energy_Burst+1","Bone_Armor+1"],"picked":"SKIP","floor":39.0},{"not_picked":["Life_Drain+1","Pandemic+1","Blood_Whip+1"],"picked":"SKIP","floor":44},{"not_picked":["Necrotic_Claws","Shade_Step+1","Deaths_Shadow+1"],"picked":"SKIP","floor":45},{"not_picked":["Death_March_Dance","Toxic_Smoke_Screen"],"picked":"Summon_Undead_Army+1","floor":46},{"not_picked":["Shackles_Of_Pain","Blood_Shield"],"picked":"Exploit+1","floor":47},{"not_picked":["Negative_Energy_Shield+1","Finger_Of_Death+1","Necromantic_Selection"],"picked":"SKIP","floor":48}],"player_experience":236926,"relics_obtained":[{"floor":6.0,"key":"Potion Belt"},{"floor":9.0,"key":"InkBottle"},{"floor":12.0,"key":"Frozen Egg 2"},{"floor":14.0,"key":"Dream Catcher"},{"floor":26.0,"key":"Nunchaku"},{"floor":28.0,"key":"Bird Faced Urn"},{"floor":43.0,"key":"Whetstone"},{"floor":43.0,"key":"Du-Vu Doll"},{"floor":44,"key":"Toy Ornithopter"},{"floor":48,"key":"Orichalcum"}],"event_choices":[{"damage_healed":0.0,"max_hp_gain":0.0,"max_hp_loss":0.0,"gold_gain":0.0,"event_name":"Big Fish","player_choice":"Box","floor":5.0,"gold_loss":0.0,"damage_taken":0.0,"relics_obtained":["Strawberry"],"cards_obtained":["Regret"]},{"damage_healed":0.0,"max_hp_gain":0.0,"max_hp_loss":0.0,"gold_gain":0.0,"event_name":"Ghosts","player_choice":"Ignored","floor":20.0,"gold_loss":0.0,"damage_taken":0.0},{"damage_healed":0.0,"max_hp_gain":0.0,"max_hp_loss":0.0,"gold_gain":0.0,"event_name":"Drug Dealer","player_choice":"Inject Mutagens","floor":27.0,"gold_loss":0.0,"damage_taken":0.0,"relics_obtained":["MutagenicStrength"]},{"cards_removed":["Strike_W"],"damage_healed":0.0,"max_hp_gain":0.0,"max_hp_loss":0.0,"gold_gain":0.0,"event_name":"Falling","player_choice":"Removed Attack","floor":41.0,"gold_loss":0.0,"damage_taken":0.0}],"is_beta":false,"boss_relics":[{"not_picked":["Tiny House","Coffee Dripper"],"picked":"Cursed Key"},{"not_picked":["SacredBark","Busted Crown"],"picked":"Snecko Eye"}],"items_purged_floors":[31,36],"is_endless":false,"potions_floor_spawned":[3,4,7,16,22,24,25,29,37,44,46,47,48],"ascension_level":0}}