{"host":"az1ex86qolajid0q","time":1611521750,"event":{"mods":["2.2 Compatiblity","AchievementEnabler","Astrologer","BaseMod","Beaked The Cultist","Better Altar","Better Match","Better Note","Better Sensory Stone","Better Skull","Better Third Choice","Better Vampires","BetterRewards","Colored Map","Colored Powertips","Downfall","Energized Spire","Hermit","Jorbs\u0027s Wanderer Trilogy","Minty Spire (QoL Compilation)","Permanent Neow","Rare Cards Sparkle","Relic Sorter","Relic Stats","Shop Mod","Spicy Shops","StSLib","The Construct"],"gold_per_floor":[199,214,214,214,229,243,243,393,77,92,92,92,92,111,122,227,227,127,143,128,128,138,157,229,229,93,128,140,164,64,84,97,196,196,96,113,113,126,51,51,51,51,81,81,94,94,424,65,76,76,76,108,2,2,2,2,2,2],"floor_reached":56,"language":"ENG","playtime":4126,"items_purged":["Regret"],"score":817,"play_id":"5a2583a0-e095-4541-9ad9-76bb0738f486","local_time":"20210124145550","is_ascension_mode":false,"campfire_choices":[{"floor":1,"key":"RECALL"},{"data":"expansioncontent:QuickStudy","floor":13,"key":"SMITH"},{"data":"bronze:Format","floor":18,"key":"SMITH"},{"data":"bronze:Frontload","floor":25,"key":"SMITH"},{"floor":30,"key":"REST"},{"data":"expansioncontent:StudyTheSpire","floor":35,"key":"SMITH"},{"data":"bronze:RecursiveStrike","floor":42,"key":"SMITH"},{"floor":44,"key":"REST"},{"floor":54,"key":"REST"}],"circlet_count":0,"master_deck":["bronze:Replicate","bronze:Goto+1","bronze:WhirlingStrike","bronze:Branch","bronze:ChosenStrike","bronze:ForceShield","bronze:Frontload+1","expansioncontent:QuickStudy+1","bronze:Format+1","bronze:ForLoop","bronze:FineTuning","bronze:ThunderWave","bronze:ChildClass+1","bronze:Shell+1","champ:CrownThrow","bronze:OilSpill+1","bronze:DigitalCarnage","expansioncontent:StudyTheSpire+1","bronze:GetLatest","bronze:Verify","bronze:Optimize","bronze:Turbo","bronze:RecursiveStrike+1","bronze:Shield","bronze:FineTuning","bronze:ThunderWave","bronze:CloningBeam","bronze:Frontload","bronze:AlphaBuild","bronze:HardenedForm","bronze:DelayedSlice+1","bronze:FollowUp","bronze:ChosenStrike+1","bronze:ChosenStrike","bronze:Boost+1","bronze:Branch+1","bronze:ForceShield","bronze:ItsAFeature"],"relics":["bronze:BronzeCore","Matryoshka","construct:FoamFinger","Bronze Scales","Centennial Puzzle","Velvet Choker","downfall:HeartBlessingRed","Potion Belt","bronze:CableSpool","Orichalcum","War Paint","Slimebound:PreparedRelic","downfall:HeartBlessingBlue","Pandora\u0027s Box","downfall:HeartBlessingGreen","Juzu Bracelet","bronze:BottledCode","Bag of Marbles","Thread and Needle","downfall:ExtraCursedKey","Old Coin","Membership Card","hexamod:BolsterEngine","beaked:ShinyBauble","Toy Ornithopter","Oddly Smooth Stone"],"acts_visited":["Exordium","TheCity","TheBeyond","TheEnding"],"potions_floor_usage":[16,27,33,43,50,50,52],"damage_taken":[{"damage":3,"enemies":"Jaw Worm","floor":2,"turns":4},{"damage":6,"enemies":"2 Louse","floor":5,"turns":2},{"damage":0,"enemies":"Cultist","floor":6,"turns":3},{"damage":2,"enemies":"downfall:FleeingMerchant","floor":9,"turns":4},{"damage":0,"enemies":"2 Fungi Beasts","floor":10,"turns":2},{"damage":0,"enemies":"3 Louse","floor":14,"turns":1},{"damage":4,"enemies":"Gremlin Gang","floor":15,"turns":3},{"damage":20,"enemies":"WA_ARCHETYPE_RETAIN","floor":16,"turns":8},{"damage":3,"enemies":"Shell Parasite","floor":19,"turns":3},{"damage":2,"enemies":"downfall:FleeingMerchant","floor":20,"turns":4},{"damage":10,"enemies":"Shelled Parasite and Fungi","floor":22,"turns":3},{"damage":2,"enemies":"3 Cultists","floor":23,"turns":3},{"damage":24,"enemies":"downfall:FleeingMerchant","floor":26,"turns":4},{"damage":15,"enemies":"Slavers","floor":27,"turns":4},{"damage":8,"enemies":"Snake Plant","floor":28,"turns":3},{"damage":2,"enemies":"Centurion and Healer","floor":31,"turns":2},{"damage":0,"enemies":"Cultist and Chosen","floor":32,"turns":4},{"damage":34,"enemies":"DF_ARCHETYPE_CLAW","floor":33,"turns":6},{"damage":0,"enemies":"Orb Walker","floor":36,"turns":2},{"damage":10,"enemies":"3 Shapes","floor":38,"turns":3},{"damage":12,"enemies":"beaked:SuperParasite","floor":43,"turns":5},{"damage":1,"enemies":"Spire Growth","floor":45,"turns":3},{"damage":0,"enemies":"Nemesis","floor":47,"turns":5},{"damage":7,"enemies":"4 Shapes","floor":49,"turns":1},{"damage":66,"enemies":"IC_BLOCK_ARCHETYPE","floor":50,"turns":8},{"damage":87,"enemies":"downfall:CharBossMerchant","floor":52,"turns":7},{"damage":12,"enemies":"downfall:NeowBoss","floor":55,"turns":12},{"damage":34,"enemies":"downfall:NeowBossFinal","floor":56,"turns":5}],"seed_played":"2736435674279358254","potions_obtained":[{"floor":2,"key":"Ancient Potion"},{"floor":5,"key":"Guardian:BlockOnCardUsePotion"},{"floor":10,"key":"ColorlessPotion"},{"floor":15,"key":"FairyPotion"},{"floor":19,"key":"bronze:BurnAndBuffPotion"},{"floor":27,"key":"Block Potion"},{"floor":33,"key":"PowerPotion"},{"floor":38,"key":"Regen Potion"},{"floor":45,"key":"Slimebound:ThreeZeroPotion"},{"floor":49,"key":"sneckomod:MuddlingPotion"}],"is_trial":false,"path_per_floor":["R","M","?","?","M","M","T","?","$","M","?","?","R","M","M","B",null,"R","M","$","?","M","M","T","R","$","E","M","T","R","M","M","B",null,"R","M","?","M","$","?","T","R","E","R","M","?","E","$","M","B",null,"E","$","R","B","B"],"character_chosen":"THE_AUTOMATON","items_purchased":["bronze:Frontload","expansioncontent:QuickStudy","expansioncontent:StudyTheSpire","Orichalcum","War Paint","bronze:GetLatest","Membership Card","hexamod:BolsterEngine","beaked:ShinyBauble","bronze:ItsAFeature","Oddly Smooth Stone","Swift Potion"],"campfire_rested":3,"item_purchase_floors":[9,9,26,26,26,26,48,48,48,53,53,53],"current_hp_per_floor":[70,67,67,67,61,61,61,61,59,59,59,59,59,59,55,35,70,70,67,65,65,55,53,53,53,29,14,6,6,40,38,38,4,80,80,80,80,70,70,70,70,70,58,70,69,69,69,69,62,10,70,21,21,42,30,0,0,0],"gold":2,"neow_bonus":"HUNDRED_GOLD","is_daily":false,"chose_seed":false,"campfire_upgraded":5,"win_rate":0.0,"timestamp":1611521750,"path_taken":["R","M","?","?","?","M","T","?","$","M","?","?","R","M","M","BOSS","R","M","$","?","M","M","T","R","$","E","M","?","R","M","M","BOSS","R","M","?","M","$","?","T","R","E","R","M","?","E","$","M","BOSS","E","$","R","BOSS","BOSS"],"items_purchased_type":["Card","Card","Card","Relic","Relic","Card","Relic","Relic","Relic","Card","Relic","Potion"],"build_version":"2020-12-22","purchased_purges":1,"victory":false,"max_hp_per_floor":[70,70,70,70,70,70,70,70,70,70,70,70,70,70,70,70,70,70,70,70,70,70,70,70,70,70,70,70,70,80,80,80,80,80,80,80,80,80,80,70,70,70,70,70,70,70,70,70,70,70,70,70,70,70,70,70,70,70],"relic_stats":{"Centennial Puzzle":[57],"counters":[28,114],"Bronze Scales":[238],"Pandora\u0027s Box":["bronze:Shield","bronze:FineTuning","bronze:ThunderWave","bronze:CloningBeam","bronze:Frontload","bronze:AlphaBuild","bronze:HardenedForm"],"Juzu Bracelet":0,"Orichalcum":[48],"War Paint":["bronze:Shell","bronze:Goto"],"obtain_stats":[{"beaked:ShinyBauble":48,"bronze:BronzeCore":0,"construct:FoamFinger":7,"downfall:HeartBlessingGreen":35,"Juzu Bracelet":37,"bronze:CableSpool":24,"Old Coin":47,"Centennial Puzzle":12,"Matryoshka":3,"downfall:HeartBlessingBlue":30,"downfall:ExtraCursedKey":46,"Potion Belt":24,"downfall:HeartBlessingRed":18,"Velvet Choker":17,"Oddly Smooth Stone":53,"Thread and Needle":43,"Orichalcum":26,"War Paint":26,"bronze:BottledCode":40,"Bronze Scales":7,"Pandora\u0027s Box":34,"Slimebound:PreparedRelic":27,"Bag of Marbles":41,"Membership Card":48,"hexamod:BolsterEngine":48,"Toy Ornithopter":52},{"beaked:ShinyBauble":23,"bronze:BronzeCore":0,"construct:FoamFinger":3,"downfall:HeartBlessingGreen":18,"Juzu Bracelet":19,"bronze:CableSpool":12,"Old Coin":23,"Centennial Puzzle":5,"Matryoshka":1,"downfall:HeartBlessingBlue":15,"downfall:ExtraCursedKey":22,"Potion Belt":12,"downfall:HeartBlessingRed":8,"Velvet Choker":8,"Oddly Smooth Stone":26,"Thread and Needle":21,"Orichalcum":13,"War Paint":13,"bronze:BottledCode":20,"Bronze Scales":3,"Pandora\u0027s Box":18,"Slimebound:PreparedRelic":14,"Bag of Marbles":20,"Membership Card":23,"hexamod:BolsterEngine":23,"Toy Ornithopter":26},{"beaked:ShinyBauble":81,"bronze:BronzeCore":0,"construct:FoamFinger":9,"downfall:HeartBlessingGreen":63,"Juzu Bracelet":65,"bronze:CableSpool":40,"Old Coin":81,"Centennial Puzzle":15,"Matryoshka":4,"downfall:HeartBlessingBlue":51,"downfall:ExtraCursedKey":76,"Potion Belt":40,"downfall:HeartBlessingRed":27,"Velvet Choker":27,"Oddly Smooth Stone":97,"Thread and Needle":73,"Orichalcum":44,"War Paint":44,"bronze:BottledCode":68,"Bronze Scales":9,"Pandora\u0027s Box":63,"Slimebound:PreparedRelic":48,"Bag of Marbles":68,"Membership Card":81,"hexamod:BolsterEngine":81,"Toy Ornithopter":97}],"Toy Ornithopter":0},"card_choices":[{"not_picked":["bronze:Boost","bronze:Iterate"],"picked":"bronze:WhirlingStrike","floor":2},{"not_picked":["bronze:BuggyMess","bronze:Frontload"],"picked":"bronze:Branch","floor":5},{"not_picked":["bronze:FineTuning","bronze:BuggyMess"],"picked":"bronze:ChosenStrike","floor":6},{"not_picked":["bronze:Shell","bronze:ItsAFeature"],"picked":"bronze:ForceShield","floor":9},{"not_picked":["bronze:CutThrough","bronze:Shield"],"picked":"bronze:Format","floor":10},{"not_picked":["bronze:FineTuning","bronze:Fortify"],"picked":"bronze:ForLoop","floor":14},{"not_picked":["bronze:WhirlingStrike","bronze:MaxOutput"],"picked":"bronze:FineTuning","floor":15},{"not_picked":["bronze:AlphaBuild","bronze:HyperBeam"],"picked":"bronze:ThunderWave","floor":16},{"not_picked":["bronze:Philosophize","bronze:Turbo"],"picked":"bronze:ChildClass+1","floor":19},{"not_picked":["bronze:WildBeam","bronze:BitShift"],"picked":"bronze:Shell","floor":20},{"not_picked":["bronze:CutThrough","bronze:WildBeam+1"],"picked":"bronze:OilSpill+1","floor":22},{"not_picked":["bronze:Allocate+1","bronze:FineTuning"],"picked":"bronze:DigitalCarnage","floor":23},{"not_picked":["bronze:Overheat","bronze:DelayedSlice","bronze:Safeguard"],"picked":"SKIP","floor":26},{"not_picked":["bronze:Frontload","bronze:BuggyMess"],"picked":"bronze:Verify","floor":27},{"not_picked":["bronze:Invalidate+1","bronze:BitShift","bronze:ForLoop+1"],"picked":"SKIP","floor":28},{"not_picked":["bronze:Deprecate+1","bronze:FineTuning"],"picked":"bronze:Optimize","floor":31},{"not_picked":["bronze:ChildClass","bronze:BitShift"],"picked":"bronze:Turbo","floor":32},{"not_picked":["bronze:Break","bronze:ThunderWave"],"picked":"bronze:RecursiveStrike","floor":33},{"not_picked":["bronze:Repulsor","bronze:Overheat+1"],"picked":"bronze:DelayedSlice+1","floor":36},{"not_picked":["bronze:BugBarrage","bronze:Allocate+1"],"picked":"bronze:FollowUp","floor":38},{"not_picked":["bronze:Overload","bronze:Shield+1"],"picked":"bronze:ChosenStrike+1","floor":43},{"not_picked":["bronze:Turbo","bronze:CutThrough"],"picked":"bronze:ChosenStrike","floor":45},{"not_picked":["bronze:Virus","bronze:Branch"],"picked":"bronze:Boost+1","floor":47},{"not_picked":["bronze:Turbo","bronze:CutThrough+1"],"picked":"bronze:Branch+1","floor":49},{"not_picked":["bronze:WildBeam","bronze:Invalidate"],"picked":"bronze:ForceShield","floor":52}],"player_experience":682374,"relics_obtained":[{"floor":7,"key":"construct:FoamFinger"},{"floor":7,"key":"Bronze Scales"},{"floor":24,"key":"Potion Belt"},{"floor":24,"key":"bronze:CableSpool"},{"floor":27,"key":"Slimebound:PreparedRelic"},{"floor":37,"key":"Juzu Bracelet"},{"floor":41,"key":"Bag of Marbles"},{"floor":43,"key":"Thread and Needle"},{"floor":47,"key":"Old Coin"},{"floor":52,"key":"Toy Ornithopter"}],"event_choices":[{"cards_removed":["bronze:Defend"],"damage_healed":0,"gold_gain":0,"player_choice":"Offered Basic","damage_taken":0,"max_hp_gain":0,"max_hp_loss":0,"event_name":"Bonfire Elementals","floor":4,"gold_loss":0},{"cards_removed":["downfall:Icky"],"damage_healed":0,"gold_gain":0,"player_choice":"Card Removal","damage_taken":0,"max_hp_gain":0,"max_hp_loss":0,"event_name":"The Cleric","floor":11,"gold_loss":0},{"damage_healed":0,"gold_gain":0,"player_choice":"Box","damage_taken":0,"relics_obtained":["Centennial Puzzle"],"max_hp_gain":0,"max_hp_loss":0,"event_name":"Big Fish","floor":12,"gold_loss":0,"cards_obtained":["Regret"]},{"cards_removed":["expansioncontent:QuickStudy"],"damage_healed":0,"gold_gain":0,"player_choice":"Take \u0026 Give","damage_taken":0,"max_hp_gain":0,"max_hp_loss":0,"event_name":"betterNote:BetterNote","floor":21,"gold_loss":0,"cards_obtained":["champ:CrownThrow"]}],"is_beta":false,"boss_relics":[{"not_picked":["beaked:SacredDeck","Astrolabe"],"picked":"Velvet Choker"},{"not_picked":["energizedSpire:EnergizedDie","Calling Bell"],"picked":"Pandora\u0027s Box"}],"items_purged_floors":[39],"is_endless":false,"potions_floor_spawned":[2,5,10,15,19,22,27,33,38,45,49],"killed_by":"downfall:NeowBossFinal","ascension_level":0}}