{"host":"uxq2rly8rxtwffuf","time":1611469421,"event":{"mods":["BaseMod","Koishi","Minty Spire (QoL Compilation)","StSLib","The Servant 0.9.4"],"gold_per_floor":[216,227,0,0,12,41,41,71,71,98,114,132,150,50,50,150,150,166,11,11,25,40,40,52,52,52,87,101,101,115,142,142,142,142],"floor_reached":33,"language":"ENG","playtime":1290,"items_purged":["Strike_G","Strike_G"],"score":534,"play_id":"2c31f93f-f9d0-4bba-9063-912b3dd02388","local_time":"20210124092341","is_ascension_mode":true,"campfire_choices":[{"data":"Prepared","floor":7,"key":"SMITH"},{"floor":15,"key":"REST"},{"floor":23,"key":"RECALL"},{"data":"Blade Dance","floor":25,"key":"SMITH"},{"floor":32,"key":"REST"}],"circlet_count":0,"master_deck":["AscendersBane","Strike_G","Strike_G","Strike_G","Defend_G","Defend_G","Defend_G","Defend_G","Defend_G","Survivor","Neutralize","Blade Dance+1","Dagger Throw","Masterful Stab","Prepared+1","Choke","Dagger Spray","Heel Hook","Terror","Cloak And Dagger","After Image","Blade Dance+1","After Image","Cloak And Dagger","Backstab","Tactician+1"],"relics":["Ring of the Snake","Nunchaku","Ninja Scroll","StoneCalendar","Bottled Lightning","WristBlade","Oddly Smooth Stone","FaceOfCleric","Lantern","Art of War","CeramicFish"],"acts_visited":["Exordium","TheCity"],"potions_floor_usage":[6,11,13,16,24,30],"damage_taken":[{"damage":2,"enemies":"Cultist","floor":1,"turns":4},{"damage":6,"enemies":"2 Louse","floor":2,"turns":3},{"damage":0,"enemies":"Jaw Worm","floor":5,"turns":3},{"damage":12,"enemies":"Lagavulin","floor":6,"turns":5},{"damage":7,"enemies":"Gremlin Nob","floor":8,"turns":3},{"damage":22,"enemies":"Lagavulin","floor":10,"turns":4},{"damage":0,"enemies":"Gremlin Gang","floor":11,"turns":1},{"damage":0,"enemies":"Red Slaver","floor":12,"turns":1},{"damage":0,"enemies":"3 Louse","floor":13,"turns":1},{"damage":16,"enemies":"Hexaghost","floor":16,"turns":7},{"damage":0,"enemies":"3 Byrds","floor":18,"turns":3},{"damage":0,"enemies":"Shell Parasite","floor":21,"turns":1},{"damage":2,"enemies":"Sentry and Sphere","floor":22,"turns":3},{"damage":0,"enemies":"3 Cultists","floor":24,"turns":3},{"damage":0,"enemies":"Book of Stabbing","floor":27,"turns":2},{"damage":9,"enemies":"Centurion and Healer","floor":28,"turns":2},{"damage":0,"enemies":"Snake Plant","floor":30,"turns":1},{"damage":20,"enemies":"Gremlin Leader","floor":31,"turns":5},{"damage":70,"enemies":"Automaton","floor":33,"turns":8}],"seed_played":"808133778857536202","potions_obtained":[{"floor":1,"key":"CultistPotion"},{"floor":10,"key":"Explosive Potion"},{"floor":11,"key":"Explosive Potion"},{"floor":12,"key":"DistilledChaos"},{"floor":13,"key":"Energy Potion"},{"floor":18,"key":"Fire Potion"},{"floor":31,"key":"Energy Potion"}],"is_trial":false,"path_per_floor":["M","M","$","?","M","E","R","E","T","E","M","M","M","$","R","B",null,"M","$","?","M","M","R","M","R","T","E","M","$","M","E","R","B"],"character_chosen":"THE_SILENT","items_purchased":["Nunchaku","Oddly Smooth Stone"],"campfire_rested":2,"item_purchase_floors":[3,19],"current_hp_per_floor":[61,55,55,55,55,43,43,36,36,14,14,14,14,14,35,19,57,57,57,57,58,57,57,58,58,58,59,51,51,52,33,56,0,0],"gold":142,"neow_bonus":"HUNDRED_GOLD","is_daily":false,"chose_seed":false,"campfire_upgraded":2,"win_rate":0.0,"timestamp":1611469421,"path_taken":["M","?","$","?","M","E","R","E","T","E","M","M","M","?","R","BOSS","M","$","?","?","?","R","M","R","T","E","M","?","M","E","R","BOSS"],"items_purchased_type":["Relic","Relic"],"build_version":"2020-12-22","purchased_purges":2,"victory":false,"max_hp_per_floor":[70,70,70,70,70,70,70,70,70,70,70,70,70,70,70,70,70,70,70,70,71,72,72,73,73,73,74,75,75,76,77,77,77,77],"card_choices":[{"not_picked":["Escape Plan","Skewer"],"picked":"Blade Dance","floor":1},{"not_picked":["Concentrate","Slice"],"picked":"Dagger Throw","floor":2},{"not_picked":["Dagger Spray","Well Laid Plans"],"picked":"Masterful Stab","floor":5},{"not_picked":["PiercingWail","Riddle With Holes"],"picked":"Prepared","floor":6},{"not_picked":["Poisoned Stab","Crippling Poison"],"picked":"Choke","floor":8},{"not_picked":["Prepared","Catalyst"],"picked":"Dagger Spray","floor":10},{"not_picked":["Deadly Poison","Sucker Punch"],"picked":"Heel Hook","floor":11},{"not_picked":["Outmaneuver","Sucker Punch"],"picked":"Terror","floor":12},{"not_picked":["Prepared","Flying Knee"],"picked":"Cloak And Dagger","floor":13},{"not_picked":["Die Die Die","Phantasmal Killer"],"picked":"After Image","floor":16},{"not_picked":["Dagger Spray","Dodge and Roll"],"picked":"Blade Dance","floor":18},{"not_picked":["Skewer","Sucker Punch","Dodge and Roll"],"picked":"SKIP","floor":21},{"not_picked":["Dash","Sucker Punch"],"picked":"After Image","floor":22},{"not_picked":["Skewer","Sucker Punch","Prepared"],"picked":"SKIP","floor":24},{"not_picked":["Bouncing Flask","Leg Sweep"],"picked":"Cloak And Dagger","floor":27},{"not_picked":["Deadly Poison","Leg Sweep"],"picked":"Backstab","floor":28},{"not_picked":["Flechettes","Prepared"],"picked":"Tactician+1","floor":30},{"not_picked":["Flechettes","Quick Slash","Leg Sweep"],"picked":"SKIP","floor":31}],"player_experience":1413728,"relics_obtained":[{"floor":6,"key":"Ninja Scroll"},{"floor":8,"key":"StoneCalendar"},{"floor":10,"key":"Bottled Lightning"},{"floor":26,"key":"Lantern"},{"floor":27,"key":"Art of War"},{"floor":31,"key":"CeramicFish"}],"event_choices":[{"damage_healed":0,"gold_gain":0,"player_choice":"Upgraded","damage_taken":0,"max_hp_gain":0,"max_hp_loss":0,"event_name":"Upgrade Shrine","floor":4,"gold_loss":0,"cards_upgraded":["Blade Dance"]},{"damage_healed":0,"gold_gain":0,"player_choice":"Trade","damage_taken":0,"relics_obtained":["FaceOfCleric"],"max_hp_gain":0,"max_hp_loss":0,"event_name":"FaceTrader","floor":20,"gold_loss":0}],"is_beta":false,"boss_relics":[{"not_picked":["Calling Bell","Pandora\u0027s Box"],"picked":"WristBlade"}],"items_purged_floors":[3,14],"is_endless":false,"potions_floor_spawned":[1,10,11,12,13,18,31],"killed_by":"Automaton","ascension_level":12}}