{"host":"iphsb0ccnjx0pfn6","time":1611485010,"event":{"mods":["2.2 Compatiblity","AchievementEnabler","BaseMod","Colored Map","DeckTracker","Keyboard Shortcuts","Minty Spire (QoL Compilation)","Permanent Neow","Quick Restart","Relic Stats","StSLib","SuperFastMode","Uncapped","everything is the same but u backflip on backflip"],"gold_per_floor":[109,133,133,156,174,218,368,368,368,381,401,60,82,110,110,110,110],"floor_reached":16,"language":"KOR","playtime":328,"items_purged":["Doubt"],"score":208,"play_id":"3b7b9d32-ba0c-4f92-8ade-8130b57f8116","local_time":"20210124194330","is_ascension_mode":true,"campfire_choices":[{"data":"Masterful Stab","floor":8,"key":"SMITH"},{"floor":15,"key":"DIG"}],"circlet_count":0,"master_deck":["AscendersBane","Strike_G","Strike_G","Strike_G","Strike_G","Strike_G","Defend_G","Defend_G","Defend_G","Defend_G","Defend_G","Survivor","Neutralize","Dagger Spray","Masterful Stab+1","Backflip","Unload","Endless Agony","Infinite Blades"],"relics":["Ring of the Snake","Lizard Tail","PreservedInsect","Golden Idol","Shovel","CeramicFish","Eternal Feather","Omamori"],"acts_visited":["Exordium"],"potions_floor_usage":[16,16],"damage_taken":[{"damage":3,"enemies":"Cultist","floor":1,"turns":5},{"damage":0,"enemies":"Small Slimes","floor":4,"turns":3},{"damage":0,"enemies":"2 Louse","floor":5,"turns":2},{"damage":7,"enemies":"3 Sentries","floor":6,"turns":8},{"damage":22,"enemies":"Exordium Thugs","floor":10,"turns":5},{"damage":3,"enemies":"Blue Slaver","floor":11,"turns":4},{"damage":0,"enemies":"Lots of Slimes","floor":13,"turns":3},{"damage":13,"enemies":"Large Slime","floor":14,"turns":4},{"damage":63,"enemies":"Slime Boss","floor":16,"turns":7}],"seed_played":"-3170213779228533403","potions_obtained":[{"floor":4,"key":"Poison Potion"},{"floor":11,"key":"Regen Potion"}],"is_trial":false,"path_per_floor":["M","T","?","M","M","E","?","R","T","M","M","$","M","M","R","B"],"character_chosen":"THE_SILENT","items_purchased":["Eternal Feather"],"campfire_rested":0,"item_purchase_floors":[12],"current_hp_per_floor":[41,41,41,41,41,34,34,34,34,12,9,9,9,30,39,0,0],"gold":110,"neow_bonus":"ONE_RARE_RELIC","is_daily":false,"chose_seed":false,"campfire_upgraded":1,"win_rate":0.0,"timestamp":1611485010,"path_taken":["M","?","?","M","M","E","?","R","T","?","M","$","M","M","R","BOSS"],"items_purchased_type":["Relic"],"build_version":"2020-12-22","purchased_purges":1,"victory":false,"max_hp_per_floor":[66,66,60,60,60,60,60,60,60,60,60,60,60,60,60,60,60],"relic_stats":{"Lizard Tail":30,"Shovel":1,"counters":[9,41],"Golden Idol":32,"CeramicFish":18,"Eternal Feather":9,"PreservedInsect":32,"obtain_stats":[{"Lizard Tail":0,"Shovel":6,"Golden Idol":3,"CeramicFish":9,"Eternal Feather":12,"PreservedInsect":2,"Omamori":15,"Ring of the Snake":0},{"Lizard Tail":0,"Shovel":4,"Golden Idol":1,"CeramicFish":4,"Eternal Feather":6,"PreservedInsect":1,"Omamori":8,"Ring of the Snake":0},{"Lizard Tail":0,"Shovel":18,"Golden Idol":5,"CeramicFish":18,"Eternal Feather":27,"PreservedInsect":5,"Omamori":34,"Ring of the Snake":0}],"Ring of the Snake":[19]},"card_choices":[{"not_picked":["Backflip","Poisoned Stab"],"picked":"Dagger Spray","floor":1},{"not_picked":["Flying Knee","Calculated Gamble"],"picked":"Masterful Stab","floor":4},{"not_picked":["Leg Sweep","Deflect"],"picked":"Backflip","floor":5},{"not_picked":["Tactician","Dagger Throw"],"picked":"Unload","floor":6},{"not_picked":["Skewer","Poisoned Stab","Setup"],"picked":"SKIP","floor":10},{"not_picked":["PiercingWail","Heel Hook","Outmaneuver"],"picked":"SKIP","floor":11},{"not_picked":["Poisoned Stab","Tactician"],"picked":"Endless Agony","floor":13},{"not_picked":["Blur","PiercingWail"],"picked":"Infinite Blades","floor":14}],"player_experience":1274593,"relics_obtained":[{"floor":2,"key":"PreservedInsect"},{"floor":6,"key":"Shovel"},{"floor":9,"key":"CeramicFish"},{"floor":15,"key":"Omamori"}],"event_choices":[{"damage_healed":0,"gold_gain":0,"player_choice":"Lose Max HP","damage_taken":0,"relics_obtained":["Golden Idol"],"max_hp_gain":0,"max_hp_loss":6,"event_name":"Golden Idol","floor":3,"gold_loss":0},{"damage_healed":0,"gold_gain":150,"player_choice":"AGREE","damage_taken":0,"max_hp_gain":0,"max_hp_loss":0,"event_name":"Liars Game","floor":7,"gold_loss":0,"cards_obtained":["Doubt"]}],"is_beta":false,"boss_relics":[],"items_purged_floors":[12],"is_endless":false,"potions_floor_spawned":[4,11,14],"killed_by":"Slime Boss","ascension_level":20}}