{"host":"5vely6jbi66u1z8q","time":1611471315,"event":{"mods":["2.2 Compatiblity","Act Like it!","Aspiration","BaseMod","Conspire","Downfall","Hermit","Hubris","Infinite Spire","Minty Spire (QoL Compilation)","Replay The Spire","Spicy Shops","StSLib","The Runesmith","The Servant 0.9.4"],"gold_per_floor":[112,112,112,122,140,140,140],"floor_reached":6,"language":"ENG","playtime":753,"items_purged":[],"score":36,"play_id":"af79ede3-ad42-4fe1-8abe-599021281455","local_time":"20210124015515","daily_mods":["Draft","DeadlyEvents","Elite Swarm"],"is_ascension_mode":false,"campfire_choices":[],"circlet_count":0,"master_deck":["Contraction","BottledTime","Contraction","SpecialFormula","BottledTime","Rearm","Defy","MoonPhase","Rewind","Rewind","Revamp","ShatteredReality","ShatteredReality","BottledTime","ShiftingGears","Foresight","hubris:Fate","Ricochet","FanOfKnives"],"relics":["Uniform","hubris:Icosahedron"],"acts_visited":["Exordium"],"potions_floor_usage":[],"damage_taken":[{"damage":0,"enemies":"Jaw Worm","floor":1,"turns":5},{"damage":2,"enemies":"conspire:RoseBush","floor":4,"turns":4},{"damage":0,"enemies":"2 Louse","floor":5,"turns":3},{"damage":10,"enemies":"Replay:BlueRogue","floor":6,"turns":4}],"seed_played":"-3805599909755792817","potions_obtained":[],"is_trial":true,"path_per_floor":["M","?","?","M","M","E"],"character_chosen":"THE_SERVANT","items_purchased":[],"campfire_rested":0,"item_purchase_floors":[],"current_hp_per_floor":[65,49,49,52,57,52,52],"gold":140,"neow_bonus":"","is_daily":false,"chose_seed":false,"campfire_upgraded":0,"win_rate":0.0,"timestamp":1611471315,"path_taken":["M","?","?","M","?","E"],"items_purchased_type":[],"build_version":"2020-12-22","purchased_purges":0,"victory":false,"max_hp_per_floor":[65,65,65,65,65,65,65],"card_choices":[{"not_picked":["TimeWarp","Unruled"],"picked":"Contraction","floor":0},{"not_picked":["Ricochet","TimeWarp"],"picked":"BottledTime","floor":0},{"not_picked":["Alleviate","FastForward"],"picked":"Contraction","floor":0},{"not_picked":["Unruled","Alleviate"],"picked":"SpecialFormula","floor":0},{"not_picked":["RealityMarble","ShatteredReality"],"picked":"BottledTime","floor":0},{"not_picked":["GearUp","DoubleEdge"],"picked":"Rearm","floor":0},{"not_picked":["Unruled","ShatteredReality"],"picked":"Defy","floor":0},{"not_picked":["Spin","Collapse"],"picked":"MoonPhase","floor":0},{"not_picked":["Alleviate","DoubleEdge"],"picked":"Rewind","floor":0},{"not_picked":["Desolation","Revamp"],"picked":"Rewind","floor":0},{"not_picked":["Alleviate","WasteNot"],"picked":"Revamp","floor":0},{"not_picked":["Revamp","Spin"],"picked":"ShatteredReality","floor":0},{"not_picked":["Snipe","Revamp"],"picked":"ShatteredReality","floor":0},{"not_picked":["Potential","Barrier"],"picked":"BottledTime","floor":0},{"not_picked":["Moonlight","Desolation"],"picked":"ShiftingGears","floor":0},{"not_picked":["Rearm","Defy"],"picked":"Foresight","floor":1},{"not_picked":["infinitespire:DeathsTouch","infinitespire:TheBestDefense"],"picked":"hubris:Fate","floor":2},{"not_picked":["Snipe","RealityMarble"],"picked":"Ricochet","floor":4},{"not_picked":["TimeWarp","FastForward"],"picked":"FanOfKnives","floor":5}],"player_experience":122407,"relics_obtained":[],"event_choices":[],"is_beta":false,"boss_relics":[],"items_purged_floors":[],"is_endless":false,"potions_floor_spawned":[],"killed_by":"Replay:BlueRogue","ascension_level":0}}