{"host":"p9t7qd83igtcp2bh","time":1611465669,"event":{"mods":["2.2 Compatiblity","AchievementEnabler","BaseMod","Colored Map","Colored Powertips","Custom Start","DeckTracker","Keyboard Shortcuts","Minty Spire (QoL Compilation)","Permanent Neow","StSLib","SuperFastMode","everything is the same but u backflip on backflip"],"gold_per_floor":[115,133,208,133,283,283,315,315,338,364,27,27,27,27],"floor_reached":13,"language":"KOR","playtime":153,"items_purged":["Doubt"],"score":228,"play_id":"a965f969-d157-45de-ba4b-71ac5ad8b6de","local_time":"20210124142109","is_ascension_mode":true,"campfire_choices":[{"data":"Dropkick","floor":6.0,"key":"SMITH"},{"data":"Disarm","floor":8.0,"key":"SMITH"}],"circlet_count":0,"master_deck":["AscendersBane","Strike_R","Strike_R","Strike_R","Strike_R","Defend_R","Defend_R","Defend_R","Defend_R","Bash","Dropkick+1","Disarm+1","Reaper","Blood for Blood+1","Shrug It Off","Evolve"],"relics":["Burning Blood","NeowsBlessing","Mummified Hand","MealTicket","HornCleat","Potion Belt"],"acts_visited":["Exordium"],"potions_floor_usage":[],"damage_taken":[{"damage":0.0,"enemies":"2 Louse","floor":1.0,"turns":1.0},{"damage":0.0,"enemies":"Small Slimes","floor":2.0,"turns":1.0},{"damage":0.0,"enemies":"3 Sentries","floor":7.0,"turns":2.0},{"damage":64.0,"enemies":"Gremlin Nob","floor":10.0,"turns":6.0},{"damage":36,"enemies":"Lagavulin","floor":13,"turns":6}],"seed_played":"-6311319844125449623","potions_obtained":[{"floor":1.0,"key":"Fire Potion"}],"is_trial":false,"path_per_floor":["M","M","?","?","?","R","E","R","T","E","$","?","E"],"character_chosen":"IRONCLAD","items_purchased":["Potion Belt","Shrug It Off","Evolve"],"campfire_rested":0,"item_purchase_floors":[11,11,11],"current_hp_per_floor":[74,75,64,64,64,64,70,70,70,16,31,31,0,0],"gold":27,"neow_bonus":"THREE_ENEMY_KILL","is_daily":false,"chose_seed":false,"campfire_upgraded":2,"win_rate":0.0,"timestamp":1611465669,"path_taken":["M","M","?","?","?","R","E","R","T","E","$","?","E"],"items_purchased_type":["Relic","Card","Card"],"build_version":"2020-12-22","purchased_purges":1,"victory":false,"max_hp_per_floor":[75,75,75,75,75,75,75,75,75,75,75,75,75,75],"card_choices":[{"not_picked":["Cleave","Sword Boomerang"],"picked":"Dropkick","floor":1.0},{"not_picked":["Warcry","Bloodletting"],"picked":"Disarm","floor":2.0},{"not_picked":["Wild Strike","Bloodletting"],"picked":"Reaper","floor":7.0},{"not_picked":["Infernal Blade","Shrug It Off"],"picked":"Blood for Blood","floor":10.0}],"player_experience":676702,"relics_obtained":[{"floor":7.0,"key":"Mummified Hand"},{"floor":9.0,"key":"MealTicket"},{"floor":10.0,"key":"HornCleat"}],"event_choices":[{"damage_healed":0.0,"max_hp_gain":0.0,"max_hp_loss":0.0,"gold_gain":75.0,"event_name":"World of Goop","player_choice":"Gather Gold","floor":3.0,"gold_loss":0.0,"damage_taken":11.0},{"cards_removed":["Strike_R"],"damage_healed":0.0,"max_hp_gain":0.0,"max_hp_loss":0.0,"gold_gain":0.0,"event_name":"The Cleric","player_choice":"Card Removal","floor":4.0,"gold_loss":75.0,"damage_taken":0.0},{"damage_healed":0.0,"max_hp_gain":0.0,"max_hp_loss":0.0,"gold_gain":150.0,"event_name":"Liars Game","player_choice":"AGREE","floor":5.0,"gold_loss":0.0,"damage_taken":0.0,"cards_obtained":["Doubt"]},{"damage_healed":0.0,"max_hp_gain":0.0,"max_hp_loss":0.0,"gold_gain":0.0,"event_name":"Upgrade Shrine","player_choice":"Upgraded","floor":12.0,"gold_loss":0.0,"damage_taken":0.0,"cards_upgraded":["Blood for Blood"]}],"is_beta":false,"boss_relics":[],"items_purged_floors":[11],"is_endless":false,"potions_floor_spawned":[1],"killed_by":"Lagavulin","ascension_level":20}}