{"host":"rkezzvf6da7mjjsm","time":1611508461,"event":{"mods":["BaseMod","Colored Map","Downfall","Minty Spire (QoL Compilation)","StSLib"],"gold_per_floor":[99,110,125,125,148,160,183,216,216,244,4,4,4,21,38,136,136,36,56,41,54,54,10,35,35,68,94,104,130,30,30,45,149,149,149,159,175,175,2,13,36,7,23,23,41,41,41,41,53,53],"floor_reached":51,"language":"ENG","playtime":3110,"items_purged":["Doubt","Guardian:Defend_Guardian"],"score":770,"play_id":"799b8cbb-4db0-4c4d-aeca-06380f2054d9","local_time":"20210125041421","is_ascension_mode":false,"campfire_choices":[{"data":"Guardian:TwinSlam","floor":1.0,"key":"SMITH"},{"data":"Guardian:GatlingBeam","floor":9.0,"key":"SMITH"},{"data":"Guardian:FuturePlans","floor":13.0,"key":"SMITH"},{"floor":18.0,"key":"RECALL"},{"floor":30,"key":"REST"},{"data":"Guardian:ChargeUp","floor":35,"key":"SMITH"},{"data":"Guardian:WalkerClaw","floor":44,"key":"SMITH"},{"data":"1","floor":46,"key":"LIFT"}],"circlet_count":0,"master_deck":["Guardian:Strike_Guardian+1","Guardian:Strike_Guardian+1","Guardian:Defend_Guardian","Guardian:Defend_Guardian","Guardian:Defend_Guardian","Guardian:CurlUp","Guardian:TwinSlam+1","Guardian:MultiBeam+1","Guardian:Incinerate","Guardian:GatlingBeam+1","Guardian:BronzeOrb","Guardian:FuturePlans+1","Guardian:TemporalStrike","Guardian:ChargeUp+1","Guardian:BaubleBeam+1","Guardian:TemporalShield","Guardian:TemporalStrike","Guardian:RollAttack+1","Guardian:RevengeProtocol","Guardian:ArmoredProtocol","Guardian:ArmoredProtocol","Guardian:ShieldCharger","Guardian:Harden","Guardian:TimeCapacitor","downfall:Bewildered","Guardian:TimeCapacitor+1","Guardian:RevengeProtocol","Guardian:Suspension","Guardian:Recover","Guardian:ShieldSpikes","Guardian:EvasiveProtocol","Guardian:BodySlam","Guardian:FloatingOrbs","Guardian:WalkerClaw+1","Guardian:ShieldCharger+1"],"relics":["Guardian:ModeShifterPlus","bronze:BronzeIdol","Dream Catcher","The Courier","Tiny Chest","Membership Card","Bronze Scales","Guardian:StasisSlotReductionRelic","downfall:HeartBlessingGreen","Girya","Smiling Mask","Guardian:BottledStasis","Lantern","Centennial Puzzle","Whetstone","hexamod:CandleOfCauterizing","downfall:HeartBlessingRed","sneckomod:BabySnecko","Turnip","Chemical X","Guardian:StasisCodex"],"acts_visited":["Exordium","TheCity","TheBeyond"],"potions_floor_usage":[26,26,27,28,29,33,33,50,50,50],"damage_taken":[{"damage":0.0,"enemies":"Cultist","floor":2.0,"turns":4.0},{"damage":1.0,"enemies":"2 Louse","floor":3.0,"turns":2.0},{"damage":6.0,"enemies":"Jaw Worm","floor":6.0,"turns":3.0},{"damage":13.0,"enemies":"Lagavulin","floor":8.0,"turns":6.0},{"damage":18.0,"enemies":"3 Sentries","floor":10.0,"turns":4.0},{"damage":0.0,"enemies":"downfall:FleeingMerchant","floor":11.0,"turns":4.0},{"damage":3.0,"enemies":"Lots of Slimes","floor":14.0,"turns":2.0},{"damage":2.0,"enemies":"Blue Slaver","floor":15.0,"turns":2.0},{"damage":26.0,"enemies":"SI_SHIV_ARCHETYPE","floor":16.0,"turns":8.0},{"damage":16.0,"enemies":"Spheric Guardian","floor":19.0,"turns":6.0},{"damage":0.0,"enemies":"downfall:FleeingMerchant","floor":20.0,"turns":4.0},{"damage":17,"enemies":"3 Cultists","floor":21,"turns":4},{"damage":20,"enemies":"downfall:FleeingMerchant","floor":23,"turns":4},{"damage":0,"enemies":"downfall:FleeingMerchant","floor":26,"turns":4},{"damage":1,"enemies":"Slavers","floor":27,"turns":6},{"damage":14,"enemies":"Centurion and Healer","floor":28,"turns":6},{"damage":6,"enemies":"Book of Stabbing","floor":29,"turns":4},{"damage":0,"enemies":"Snake Plant","floor":32,"turns":3},{"damage":33,"enemies":"IC_MUSHROOM_ARCHETYPE","floor":33,"turns":8},{"damage":0,"enemies":"3 Darklings","floor":36,"turns":5},{"damage":0,"enemies":"3 Shapes","floor":37,"turns":4},{"damage":0,"enemies":"Maw","floor":40,"turns":7},{"damage":4,"enemies":"3 Darklings","floor":43,"turns":3},{"damage":0,"enemies":"Transient","floor":45,"turns":5},{"damage":12,"enemies":"Jaw Worm Horde","floor":49,"turns":1},{"damage":0,"enemies":"DF_ARCHETYPE_ORBS","floor":50,"turns":10}],"seed_played":"5638336455583747512","potions_obtained":[{"floor":6.0,"key":"PowerPotion"},{"floor":8.0,"key":"Energy Potion"},{"floor":15.0,"key":"Explosive Potion"},{"floor":16.0,"key":"BlessingOfTheForge"},{"floor":25,"key":"downfall:CursedFountainPotion"},{"floor":27,"key":"Fruit Juice"},{"floor":29,"key":"bronze:BurnAndBuffPotion"},{"floor":32,"key":"Energy Potion"},{"floor":33,"key":"Dexterity Potion"},{"floor":36,"key":"SteroidPotion"},{"floor":37,"key":"ColorlessPotion"}],"is_trial":false,"path_per_floor":["R","M","M","?","T","M","T","E","R","E","$","?","R","M","M","B",null,"R","M","$","M","T","$","T","?","$","E","M","E","R","?","M","B",null,"R","M","M","T","$","M","T","$","M","R","M","R","T","$","M","B",null],"character_chosen":"GUARDIAN","items_purchased":["Membership Card","Guardian:FuturePlans","Bronze Scales","Guardian:TemporalStrike","Guardian:ArmoredProtocol","Guardian:ShieldCharger","Guardian:BottledStasis","Lantern","Guardian:Harden","hexamod:SoulburnPotion","LiquidMemories","Centennial Puzzle","Chemical X","Guardian:ShieldSpikes","Guardian:EvasiveProtocol","Guardian:FloatingOrbs"],"campfire_rested":1,"item_purchase_floors":[11,11,11,11,23,26,26,26,26,26,26,26,39,39,39,42],"current_hp_per_floor":[88,88,87,87,87,81,81,68,68,50,50,50,50,47,45,19,88,88,72,72,55,55,35,35,35,35,34,25,19,46,46,46,13,93,93,93,93,93,93,93,93,93,89,89,89,89,89,89,77,77],"gold":53,"neow_bonus":"TEN_PERCENT_HP_BONUS","is_daily":false,"chose_seed":false,"campfire_upgraded":5,"win_rate":0.0,"timestamp":1611508461,"path_taken":["R","M","?","?","?","M","T","E","R","E","$","?","R","M","M","BOSS","R","M","?","M","?","$","T","?","$","E","?","E","R","?","M","BOSS","R","M","M","?","$","M","T","?","?","R","?","R","?","$","M","BOSS"],"items_purchased_type":["Relic","Card","Relic","Card","Card","Card","Relic","Relic","Card","Potion","Potion","Relic","Relic","Card","Card","Card"],"build_version":"2020-12-22","purchased_purges":2,"victory":true,"max_hp_per_floor":[88,88,88,88,88,88,88,88,88,88,88,88,88,88,88,88,88,88,88,88,88,88,88,88,88,88,88,93,93,93,93,93,93,93,93,93,93,93,93,93,93,93,93,93,93,93,93,93,93,93],"card_choices":[{"not_picked":["Guardian:Gem_Cyan","Guardian:FuturePlans"],"picked":"Guardian:MultiBeam","floor":2.0},{"not_picked":["Guardian:Suspension","Guardian:TemporalShield"],"picked":"Guardian:Incinerate","floor":3.0},{"not_picked":["Guardian:Gem_Yellow","Guardian:Incinerate"],"picked":"Guardian:GatlingBeam","floor":6.0},{"not_picked":["Guardian:Planning","Guardian:BronzeArmor"],"picked":"Guardian:Gem_White","floor":8.0},{"not_picked":["Guardian:VentSteam","Guardian:PiercingHide"],"picked":"Guardian:BronzeOrb","floor":10.0},{"not_picked":["Guardian:TemporalStrike","Guardian:VentSteam"],"picked":"Guardian:Gem_Blue","floor":11.0},{"not_picked":["Guardian:ChargeCore","Guardian:Repulse"],"picked":"Guardian:Gem_Crimson","floor":14.0},{"not_picked":["Guardian:PrimingBeam","Guardian:MultiBeam"],"picked":"Guardian:ChargeUp","floor":15.0},{"not_picked":["Guardian:ConstructionForm","Guardian:GatlingBeam"],"picked":"Guardian:BaubleBeam","floor":16.0},{"not_picked":["Guardian:Preprogram","Guardian:Emergency"],"picked":"Guardian:TemporalShield","floor":19.0},{"not_picked":["Guardian:BronzeOrb+1","Guardian:Planning"],"picked":"Guardian:TemporalStrike","floor":20},{"not_picked":["Guardian:MultiBeam","Guardian:ChargeCore"],"picked":"Guardian:RollAttack","floor":21},{"not_picked":["Guardian:Gem_Green","Guardian:Gem_Red"],"picked":"Guardian:RevengeProtocol","floor":23},{"not_picked":["Guardian:CrystalBeam","Guardian:Recover+1"],"picked":"Guardian:ArmoredProtocol","floor":26},{"not_picked":["Guardian:CrystalBeam","Guardian:PiercingHide"],"picked":"Guardian:Gem_Blue","floor":27},{"not_picked":["Guardian:PolyBeam+1","Guardian:PrimingBeam","Guardian:TemporalStrike+1"],"picked":"SKIP","floor":28},{"not_picked":["Guardian:TimeCapacitor","Guardian:MultiBeam+1"],"picked":"Guardian:Gem_Purple","floor":29},{"not_picked":["Guardian:TemporalShield","Guardian:FloatingOrbs"],"picked":"Guardian:TimeCapacitor","floor":30},{"not_picked":["Guardian:TemporalShield","Guardian:TimeBomb"],"picked":"Guardian:TimeCapacitor+1","floor":32},{"not_picked":["Guardian:GemFire","Guardian:GemFinder"],"picked":"Guardian:RevengeProtocol","floor":33},{"not_picked":["Guardian:Reroute","Guardian:RefractedBeam+1"],"picked":"Guardian:Suspension","floor":36},{"not_picked":["Guardian:Incinerate+1","Guardian:RollAttack"],"picked":"Guardian:Recover","floor":37},{"not_picked":["Guardian:Gem_Green","Guardian:TemporalShield+1"],"picked":"Guardian:BodySlam","floor":40},{"not_picked":["Guardian:BronzeArmor","Guardian:Gem_Cyan"],"picked":"Guardian:WalkerClaw","floor":43},{"not_picked":["Guardian:GemFire","Guardian:Incinerate+1"],"picked":"Guardian:Gem_White","floor":45},{"not_picked":["Guardian:WalkerClaw","Guardian:Preprogram+1"],"picked":"Guardian:ShieldCharger+1","floor":49}],"player_experience":641458,"relics_obtained":[{"floor":5.0,"key":"bronze:BronzeIdol"},{"floor":7.0,"key":"Dream Catcher"},{"floor":8.0,"key":"The Courier"},{"floor":10.0,"key":"Tiny Chest"},{"floor":22,"key":"Girya"},{"floor":24,"key":"Smiling Mask"},{"floor":27,"key":"Whetstone"},{"floor":29,"key":"hexamod:CandleOfCauterizing"},{"floor":38,"key":"Turnip"},{"floor":47,"key":"Guardian:StasisCodex"}],"event_choices":[],"is_beta":false,"boss_relics":[{"not_picked":["SacredBark","Velvet Choker"],"picked":"Guardian:StasisSlotReductionRelic"},{"not_picked":["Cursed Key","Tiny House"],"picked":"Guardian:ModeShifterPlus"}],"items_purged_floors":[26,39],"is_endless":false,"potions_floor_spawned":[6,8,15,16,27,29,32,33,36,37],"ascension_level":0}}