{"host":"i9z6y8pcdeu2qxnx","time":1611511588,"event":{"mods":["BaseMod","Colored Map","Googly Eyes","Highlight Path","Minty Spire (QoL Compilation)","Replay The Spire","StSLib"],"gold_per_floor":[111,9,84,84,84,118,36,54,54,78,78,118,142,175,175,296,359,377,18,52,75,75,109,109,142,142,175,175,215,229,264,264,392,392,415,479,479,497,0,0,35,58,58,94,110,146,161,194,194,194],"floor_reached":51,"language":"ENG","playtime":6472,"items_purged":[],"score":879,"play_id":"f64d1d72-4726-40c1-862b-067144b51732","local_time":"20210124130628","daily_mods":["Heirloom","Red Cards","Elite Swarm"],"is_ascension_mode":false,"campfire_choices":[{"floor":11.0,"key":"REST"},{"floor":15.0,"key":"REST"},{"data":"Double Energy","floor":24.0,"key":"SMITH"},{"data":"Fusion","floor":28.0,"key":"SMITH"},{"data":"Aggregate","floor":32.0,"key":"SMITH"},{"data":"Defragment","floor":40.0,"key":"SMITH"},{"data":"Buffer","floor":49,"key":"SMITH"}],"circlet_count":0,"master_deck":["Defend_B","Defend_B","Defend_B","Defend_B","Zap","Dualcast","Double Energy+1","Steam","Thunderclap","Electrodynamics","Dramatic Entrance+1","Cold Snap","Fusion+1","Rainbow","Leap","Impervious","Offering","Defragment+1","Doom and Gloom+1","Chill","ReplayTheSpireMod:Strike From Hell+1","Bite","Bite","Bite","Bite","Bite","Mirror Shield","ReplayTheSpireMod:Omega Cannon","Core Surge","All For One","Aggregate+1","Creative AI+1","Juggernaut","Body Slam+1","Auto Shields+1","Body Slam+1","Buffer+1","BasicCrystalCard+1","Limit Break","Stack","Seek","Turbo","Rainbow"],"relics":["Cracked Core","Bird Faced Urn","Golden Idol","HornCleat","Iron Hammer","Divine Protection","Incense Burner","Tiny House","Raider\u0027s Mask","Red Mask","Potion Belt","Lantern","Snack Pack","Smiling Mask","Darkstone Periapt","PreservedInsect","SlaversCollar","StoneCalendar","Ornamental Fan","Symbiotic Virus","Strawberry","Replay:Kaleidoscope","Pocketwatch","Gambling Chip","ReplayTheSpireMod:Shallot"],"acts_visited":["Exordium","TheCity","TheBeyond"],"potions_floor_usage":[46,50,50,50],"damage_taken":[{"damage":11.0,"enemies":"Jaw Worm","floor":1.0,"turns":3.0},{"damage":25.0,"enemies":"Gremlin Nob","floor":6.0,"turns":4.0},{"damage":0.0,"enemies":"2 Louse","floor":8.0,"turns":2.0},{"damage":0.0,"enemies":"Small Slimes","floor":10.0,"turns":1.0},{"damage":12.0,"enemies":"Lagavulin","floor":12.0,"turns":4.0},{"damage":0.0,"enemies":"Exordium Wildlife","floor":13.0,"turns":2.0},{"damage":7.0,"enemies":"Gremlin Nob","floor":14.0,"turns":4.0},{"damage":12.0,"enemies":"The Guardian","floor":16.0,"turns":12.0},{"damage":0.0,"enemies":"Shell Parasite","floor":18.0,"turns":6.0},{"damage":0.0,"enemies":"Masked Bandits","floor":20.0,"turns":3.0},{"damage":0.0,"enemies":"Spheric Guardian","floor":21.0,"turns":3.0},{"damage":10.0,"enemies":"Replay:Snechameleon","floor":23.0,"turns":5.0},{"damage":0.0,"enemies":"Gremlin Leader","floor":25.0,"turns":8.0},{"damage":5.0,"enemies":"Replay:Snechameleon","floor":27.0,"turns":5.0},{"damage":9.0,"enemies":"Book of Stabbing","floor":29.0,"turns":6.0},{"damage":0.0,"enemies":"Centurion and Healer","floor":30.0,"turns":3.0},{"damage":1.0,"enemies":"Replay:Snechameleon","floor":31.0,"turns":6.0},{"damage":59.0,"enemies":"Automaton","floor":33.0,"turns":10.0},{"damage":0.0,"enemies":"Orb Walker","floor":35.0,"turns":3.0},{"damage":4.0,"enemies":"2 Orb Walkers","floor":36.0,"turns":2.0},{"damage":0.0,"enemies":"3 Darklings","floor":38.0,"turns":1.0},{"damage":0.0,"enemies":"R_Hoarder","floor":41.0,"turns":7.0},{"damage":3.0,"enemies":"Spire Growth","floor":42.0,"turns":5.0},{"damage":0.0,"enemies":"Giant Head","floor":44.0,"turns":7.0},{"damage":0.0,"enemies":"Sphere and 2 Shapes","floor":45.0,"turns":4.0},{"damage":21,"enemies":"R_Hoarder","floor":46,"turns":6},{"damage":23,"enemies":"Writhing Mass","floor":47,"turns":7},{"damage":8,"enemies":"Reptomancer","floor":48,"turns":4},{"damage":85,"enemies":"Replay:Hell Engine","floor":50,"turns":14}],"seed_played":"-4069480819299899883","potions_obtained":[{"floor":1.0,"key":"Explosive Potion"},{"floor":6.0,"key":"AttackPotion"},{"floor":14.0,"key":"PowerPotion"},{"floor":17.0,"key":"Fire Potion"},{"floor":18.0,"key":"DuplicationPotion"},{"floor":29.0,"key":"Languid Potion"},{"floor":33.0,"key":"AttackPotion"},{"floor":36.0,"key":"Energy Potion"},{"floor":38.0,"key":"SkillPotion"},{"floor":45,"key":"Milkshake"},{"floor":48,"key":"SpeedPotion"}],"is_trial":true,"path_per_floor":["M","$","?","?","?","E","$","M","T","M","R","E","M","E","R","B",null,"M","$","?","M","?","E","R","E","T","E","R","E","M","E","R","B",null,"M","?","?","M","$","R","E","M","T","E","M","E","M","E","R","B",null],"character_chosen":"DEFECT","items_purchased":["Steam","Thunderclap","Dramatic Entrance","Blood Vial","Raider\u0027s Mask","Chill","Ornamental Fan","Symbiotic Virus"],"campfire_rested":2,"item_purchase_floors":[2,2,7,19,19,19,39,39],"current_hp_per_floor":[64,64,53,53,46,21,21,23,23,25,47,37,39,34,56,48,80,80,80,80,80,80,72,72,80,80,79,79,74,78,80,80,27,80,80,78,78,80,80,80,87,87,87,87,87,68,61,71,71,31],"gold":194,"neow_bonus":"","is_daily":false,"chose_seed":false,"campfire_upgraded":5,"win_rate":0.0,"timestamp":1611511588,"path_taken":["M","$","?","?","?","E","$","M","T","M","R","E","M","E","R","BOSS","M","$","?","M","?","E","R","E","T","E","R","E","M","E","R","BOSS","M","?","?","M","$","R","E","M","T","E","?","E","M","E","R","BOSS"],"items_purchased_type":["Card","Card","Card","Relic","Relic","Card","Relic","Relic"],"build_version":"2020-12-22","purchased_purges":0,"victory":true,"max_hp_per_floor":[75,75,75,75,75,75,75,75,75,75,75,75,75,75,75,75,80,80,80,80,80,80,80,80,80,80,80,80,80,80,80,80,80,80,80,80,80,80,80,80,87,87,87,87,87,87,87,87,87,87],"card_choices":[{"not_picked":["ReplayTheSpireMod:Strike From Hell","Headbutt"],"picked":"Double Energy","floor":1.0},{"not_picked":["Meteor Strike","Hyperbeam"],"picked":"Electrodynamics","floor":6.0},{"not_picked":["Cleave","Shrug It Off"],"picked":"Cold Snap","floor":8.0},{"not_picked":["Turbo","Shrug It Off"],"picked":"Fusion","floor":10.0},{"not_picked":["Bludgeon","Immolate"],"picked":"Rainbow","floor":12.0},{"not_picked":["Sever Soul","Go for the Eyes"],"picked":"Leap","floor":13.0},{"not_picked":["Meteor Strike","Replay:Many Hands"],"picked":"Impervious","floor":14.0},{"not_picked":["Meteor Strike","Reaper"],"picked":"Offering","floor":16.0},{"not_picked":["Wild Strike","ReplayTheSpireMod:System Scan"],"picked":"Defragment","floor":17.0},{"not_picked":["Headbutt+1","Combust"],"picked":"Doom and Gloom+1","floor":18.0},{"not_picked":["Steam","Barrage"],"picked":"ReplayTheSpireMod:Strike From Hell+1","floor":20.0},{"not_picked":["Blood for Blood+1","Genetic Algorithm","Panic Button+1"],"picked":"SKIP","floor":21.0},{"not_picked":["Exhume","Impervious"],"picked":"Mirror Shield","floor":23.0},{"not_picked":["Demonic Infusion","Biased Cognition"],"picked":"ReplayTheSpireMod:Omega Cannon","floor":25.0},{"not_picked":["Thunder Strike","Electrodynamics"],"picked":"Core Surge","floor":27.0},{"not_picked":["Thunder Strike","Reaper"],"picked":"All For One","floor":29.0},{"not_picked":["Spot Weakness","Sever Soul"],"picked":"Aggregate","floor":30.0},{"not_picked":["Exhume","Machine Learning"],"picked":"Creative AI","floor":31.0},{"not_picked":["Reaper","Immolate"],"picked":"Juggernaut","floor":33.0},{"not_picked":["White Noise","Steam"],"picked":"Body Slam+1","floor":35.0},{"not_picked":["ReplayReversal","ReplayTheSpireMod:Strike From Hell+1"],"picked":"Auto Shields+1","floor":36.0},{"not_picked":["Cleave+1","Reinforced Body"],"picked":"Body Slam+1","floor":38.0},{"not_picked":["Feed","Rainbow"],"picked":"Buffer","floor":41.0},{"not_picked":["Combust","Cold Snap"],"picked":"BasicCrystalCard+1","floor":42.0},{"not_picked":["Fiend Fire","Impervious"],"picked":"Limit Break","floor":44.0},{"not_picked":["Perfected Strike+1","Armaments+1"],"picked":"Stack","floor":45},{"not_picked":["Berserk","Brutality"],"picked":"Seek","floor":46},{"not_picked":["Blood for Blood+1","Sever Soul+1"],"picked":"Turbo","floor":47},{"not_picked":["Meteor Strike","Exhume"],"picked":"Rainbow","floor":48}],"player_experience":945422,"relics_obtained":[{"floor":6.0,"key":"HornCleat"},{"floor":9.0,"key":"Iron Hammer"},{"floor":12.0,"key":"Divine Protection"},{"floor":14.0,"key":"Incense Burner"},{"floor":20.0,"key":"Red Mask"},{"floor":23.0,"key":"Potion Belt"},{"floor":25.0,"key":"Lantern"},{"floor":26.0,"key":"Snack Pack"},{"floor":27.0,"key":"Smiling Mask"},{"floor":29.0,"key":"Darkstone Periapt"},{"floor":31.0,"key":"PreservedInsect"},{"floor":36.0,"key":"StoneCalendar"},{"floor":41.0,"key":"Strawberry"},{"floor":43.0,"key":"Replay:Kaleidoscope"},{"floor":44.0,"key":"Pocketwatch"},{"floor":46,"key":"Gambling Chip"},{"floor":48,"key":"ReplayTheSpireMod:Shallot"}],"event_choices":[{"damage_healed":0.0,"max_hp_gain":0.0,"max_hp_loss":0.0,"gold_gain":75.0,"event_name":"World of Goop","player_choice":"Gather Gold","floor":3.0,"gold_loss":0.0,"damage_taken":11.0},{"damage_healed":0.0,"max_hp_gain":0.0,"max_hp_loss":0.0,"gold_gain":0.0,"event_name":"Golden Idol","player_choice":"Take Wound","floor":4.0,"gold_loss":0.0,"damage_taken":0.0,"relics_obtained":["Golden Idol"],"cards_obtained":["Injury"]},{"cards_removed":["Injury"],"damage_healed":0.0,"max_hp_gain":0.0,"max_hp_loss":0.0,"gold_gain":0.0,"event_name":"Golden Wing","player_choice":"Card Removal","floor":5.0,"gold_loss":0.0,"damage_taken":7.0},{"damage_healed":0.0,"max_hp_gain":0.0,"max_hp_loss":0.0,"gold_gain":0.0,"event_name":"Masked Bandits","player_choice":"Fought Bandits","floor":20.0,"gold_loss":0.0,"damage_taken":0.0},{"damage_healed":0.0,"max_hp_gain":0.0,"max_hp_loss":0.0,"gold_gain":0.0,"event_name":"Vampires","player_choice":"Became a vampire (Vial)","floor":22.0,"relics_lost":["Blood Vial"],"gold_loss":0.0,"damage_taken":0.0,"cards_obtained":["Bite","Bite","Bite","Bite","Bite"]},{"damage_healed":0.0,"max_hp_gain":0.0,"max_hp_loss":0.0,"gold_gain":0.0,"event_name":"Mysterious Sphere","player_choice":"Fight","floor":36.0,"gold_loss":0.0,"damage_taken":0.0},{"damage_healed":0.0,"max_hp_gain":0.0,"max_hp_loss":0.0,"gold_gain":0.0,"event_name":"Accursed Blacksmith","player_choice":"Forge","floor":37.0,"gold_loss":0.0,"damage_taken":0.0,"cards_upgraded":["Creative AI"]}],"is_beta":false,"boss_relics":[{"not_picked":["SacredBark","Empty Cage"],"picked":"Tiny House"},{"not_picked":["ChewingGum","Busted Crown"],"picked":"SlaversCollar"}],"items_purged_floors":[],"is_endless":false,"potions_floor_spawned":[1,6,14,18,20,29,33,36,38,45,48],"ascension_level":0}}