{"host":"j4g6ia6asvpyu2b0","time":1611524759,"event":{"mods":["BaseMod","Colored Map","Minty Spire (QoL Compilation)","Permanent Neow","Quick Restart","Relic Stats","StSLib","Unceasing Turn Reminder"],"gold_per_floor":[14,28,28,52,52,52,52],"floor_reached":6,"language":"ENG","playtime":185,"items_purged":[],"score":70,"play_id":"65595f35-2ca5-4ab7-b8d6-408dc8fd229a","local_time":"20210124144559","is_ascension_mode":true,"campfire_choices":[],"circlet_count":0,"master_deck":["AscendersBane","Strike_R","Strike_R","Strike_R","Strike_R","Strike_R","Defend_R","Defend_R","Defend_R","Defend_R","Bash","Barricade","Shrug It Off","Whirlwind","Feel No Pain"],"relics":["Burning Blood","Golden Idol"],"acts_visited":["Exordium"],"potions_floor_usage":[6,6],"damage_taken":[{"damage":15,"enemies":"Small Slimes","floor":1,"turns":5},{"damage":19,"enemies":"Cultist","floor":2,"turns":5},{"damage":6,"enemies":"Jaw Worm","floor":4,"turns":5},{"damage":56,"enemies":"Gremlin Nob","floor":6,"turns":4}],"seed_played":"8810695300304783545","potions_obtained":[{"floor":2,"key":"LiquidMemories"},{"floor":4,"key":"Dexterity Potion"},{"floor":5,"key":"BlessingOfTheForge"}],"is_trial":false,"path_per_floor":["M","M","?","M","?","E"],"character_chosen":"IRONCLAD","items_purchased":[],"campfire_rested":0,"item_purchase_floors":[],"current_hp_per_floor":[59,46,46,46,46,0,0],"gold":52,"neow_bonus":"THREE_RARE_CARDS","is_daily":false,"chose_seed":false,"campfire_upgraded":0,"win_rate":0.0,"timestamp":1611524759,"path_taken":["M","M","?","M","?","E"],"items_purchased_type":[],"build_version":"2020-12-22","purchased_purges":0,"victory":false,"max_hp_per_floor":[75,75,68,68,68,68,68],"relic_stats":{"counters":[4,19],"Golden Idol":5,"obtain_stats":[{"Golden Idol":3,"Burning Blood":0},{"Golden Idol":2,"Burning Blood":0},{"Golden Idol":10,"Burning Blood":0}],"Burning Blood":18},"card_choices":[{"not_picked":["Reaper","Fiend Fire"],"picked":"Barricade","floor":0},{"not_picked":["Heavy Blade","Rampage"],"picked":"Shrug It Off","floor":1},{"not_picked":["Sever Soul","Headbutt"],"picked":"Whirlwind","floor":2},{"not_picked":["Thunderclap","Warcry"],"picked":"Feel No Pain","floor":4}],"player_experience":992524,"relics_obtained":[],"event_choices":[{"damage_healed":0,"gold_gain":0,"player_choice":"Lose Max HP","damage_taken":0,"relics_obtained":["Golden Idol"],"max_hp_gain":0,"max_hp_loss":7,"event_name":"Golden Idol","floor":3,"gold_loss":0},{"damage_healed":0,"gold_gain":0,"player_choice":"Got Potions","damage_taken":0,"max_hp_gain":0,"max_hp_loss":0,"event_name":"Lab","floor":5,"gold_loss":0}],"is_beta":false,"boss_relics":[],"items_purged_floors":[],"is_endless":false,"potions_floor_spawned":[2,4],"killed_by":"Gremlin Nob","ascension_level":19}}