{"host":"c35j6tsoy7cxzn43","time":1611449516,"event":{"mods":["BaseMod","Better Third Choice","BetterRewards","Colored Map","Colored Powertips","Conspire","Highlight Path","Hubris","Infinite Spire","Minty Spire (QoL Compilation)","Quick Restart","Replay The Spire","Shop Mod","StSLib"],"gold_per_floor":[117,117,133,150,75,110,110,144,144,144,164,181,209,224,224,324,324,343,343,343,643,655,655,681,692,692,692,705,705,725,625,625,726,726,746,746,765,765,765],"floor_reached":38,"language":"ENG","playtime":2913,"items_purged":["Strike_G","Defend_G","Strike_G"],"score":466,"play_id":"ed4c8982-9d09-444c-8a70-0128fd5a26b2","local_time":"20210124015156","is_ascension_mode":false,"campfire_choices":[{"floor":7,"key":"RECALL"},{"floor":10,"key":"REST"},{"data":"A Thousand Cuts","floor":15,"key":"SMITH"},{"data":"Doppelganger","floor":23,"key":"SMITH"},{"data":"Replay:Bag of Tricks","floor":27,"key":"SMITH"},{"data":"Venomology","floor":29,"key":"SMITH"},{"data":"Catalyst","floor":32,"key":"SMITH"}],"circlet_count":0,"master_deck":["Strike_G","Strike_G","Strike_G","Defend_G","Defend_G","Defend_G","Defend_G","Survivor","Neutralize","Unload","Noxious Fumes","Neutralize","Doppelganger+1","Flying Knee","A Thousand Cuts+1","Flying Knee","Catalyst+1","Replay:Bag of Tricks+1","Backflip","Catalyst","Venomology+1","A Thousand Cuts+1"],"relics":["Ring of the Snake","infinitespire:Beetle Shell","Pantograph","Pocketwatch","SacredBark","Old Coin","SlaversCollar","MealTicket","Replay:Accelerometer","Busted Crown"],"acts_visited":["Exordium","TheCity","TheBeyond"],"potions_floor_usage":[12,13,28,30,33,35,38,38,38,38,38],"damage_taken":[{"damage":0,"enemies":"Small Slimes","floor":1,"turns":3},{"damage":1,"enemies":"Cultist","floor":3,"turns":4},{"damage":0,"enemies":"2 Louse","floor":4,"turns":3},{"damage":24,"enemies":"Replay:BlueRogue","floor":6,"turns":6},{"damage":38,"enemies":"Gremlin Nob","floor":8,"turns":6},{"damage":8,"enemies":"Exordium Wildlife","floor":11,"turns":5},{"damage":0,"enemies":"conspire:2 RoseBushes","floor":12,"turns":3},{"damage":10,"enemies":"Lagavulin","floor":13,"turns":7},{"damage":3,"enemies":"Red Slaver","floor":14,"turns":4},{"damage":11,"enemies":"Slime Boss","floor":16,"turns":7},{"damage":7,"enemies":"Chosen","floor":18,"turns":5},{"damage":27,"enemies":"Spheric Guardian","floor":22,"turns":5},{"damage":5,"enemies":"conspire:SneckoGhost","floor":24,"turns":6},{"damage":12,"enemies":"Cultist and Chosen","floor":25,"turns":7},{"damage":0,"enemies":"Centurion and Healer","floor":28,"turns":5},{"damage":10,"enemies":"Shelled Parasite and Fungi","floor":30,"turns":5},{"damage":9,"enemies":"hubris:MusketHawk","floor":33,"turns":5},{"damage":0,"enemies":"3 Shapes","floor":35,"turns":7},{"damage":20,"enemies":"3 Darklings","floor":37,"turns":4},{"damage":31,"enemies":"infinitespire:Three Voidlings","floor":38,"turns":4},{"damage":28,"enemies":"Nightmare_Alpha","floor":38,"turns":5}],"seed_played":"2454263091614838277","potions_obtained":[{"floor":8,"key":"LifebloodPotion"},{"floor":11,"key":"Explosive Potion"},{"floor":12,"key":"Fire Potion"},{"floor":13,"key":"Doom Potion"},{"floor":22,"key":"ColorlessPotion"},{"floor":24,"key":"Poison Potion"},{"floor":28,"key":"Adrenaline Potion"}],"is_trial":false,"path_per_floor":["M","?","M","M","$","E","R","E","T","R","M","M","E","M","R","B",null,"M","?","T","AVR","M","R","E","M","T","R","M","R","M","$","R","B",null,"M","?","M","?"],"character_chosen":"THE_SILENT","items_purchased":[],"campfire_rested":1,"item_purchase_floors":[],"current_hp_per_floor":[70,70,69,69,69,45,45,7,7,28,20,20,10,7,7,21,70,63,63,63,63,36,36,31,19,19,19,19,19,9,24,24,40,70,70,70,50,0,0],"gold":765,"neow_bonus":"ONE_RANDOM_RARE_CARD","is_daily":false,"chose_seed":false,"campfire_upgraded":5,"win_rate":0.0,"timestamp":1611449516,"path_taken":["M","?","M","M","$","E","R","E","T","R","?","M","E","M","R","BOSS","M","?","?","AVR","M","R","E","M","T","R","M","R","M","?","R","BOSS","M","?","M","?"],"items_purchased_type":[],"build_version":"2020-12-22","purchased_purges":3,"victory":false,"max_hp_per_floor":[70,70,70,70,70,70,70,70,70,70,70,70,70,70,70,70,70,70,70,70,70,70,70,70,70,70,70,70,70,70,70,70,70,70,70,70,70,70,70],"card_choices":[{"not_picked":["Footwork","Expertise"],"picked":"Noxious Fumes","floor":1},{"not_picked":["Dagger Spray","Sucker Punch"],"picked":"Flying Knee","floor":3},{"not_picked":["Expertise","Slice","Dodge and Roll"],"picked":"SKIP","floor":4},{"not_picked":["Eviscerate","Dash"],"picked":"A Thousand Cuts","floor":6},{"not_picked":["Quick Slash","Footwork"],"picked":"Flying Knee","floor":8},{"not_picked":["conspire:DoublingDagger","conspire:PoisonWeapons","Backflip"],"picked":"SKIP","floor":11},{"not_picked":["Dagger Throw","Dodge and Roll","Prepared"],"picked":"SKIP","floor":12},{"not_picked":["Unload","Quick Slash"],"picked":"Catalyst","floor":13},{"not_picked":["Riddle With Holes","Expertise","Hidden Blade"],"picked":"SKIP","floor":14},{"not_picked":["ReplayTheSpireMod:Necrosis","Atom Bomb"],"picked":"Replay:Bag of Tricks","floor":16},{"not_picked":["hubris:TrickCloak","hubris:SlightOfHand","Riddle With Holes"],"picked":"SKIP","floor":18},{"not_picked":["Flying Knee","Cloak And Dagger"],"picked":"Catalyst","floor":22},{"not_picked":["Concentrate+1","All Out Attack+1"],"picked":"Venomology","floor":24},{"not_picked":["hubris:Counter","Quick Slash","Expertise"],"picked":"SKIP","floor":25},{"not_picked":["Predator","Prepared","Quick Slash"],"picked":"SKIP","floor":28},{"not_picked":["Flying Knee","Slice","Backflip"],"picked":"SKIP","floor":30},{"not_picked":["Wraith Form v2","Replay:Bag of Tricks"],"picked":"A Thousand Cuts","floor":33},{"not_picked":["Deflect+1"],"picked":"SKIP","floor":35},{"not_picked":["Replay:Poison Smokescreen+1"],"picked":"SKIP","floor":37}],"player_experience":429017,"relics_obtained":[{"floor":6,"key":"infinitespire:Beetle Shell"},{"floor":9,"key":"Pantograph"},{"floor":13,"key":"Pocketwatch"},{"floor":24,"key":"MealTicket"},{"floor":26,"key":"Replay:Accelerometer"}],"event_choices":[{"damage_healed":0,"gold_gain":0,"player_choice":"2 cards matched","damage_taken":0,"max_hp_gain":0,"max_hp_loss":0,"event_name":"Match and Keep!","floor":2,"gold_loss":0,"cards_obtained":["Neutralize","Doppelganger"]},{"damage_healed":0,"gold_gain":0,"player_choice":"Read","damage_taken":0,"max_hp_gain":0,"max_hp_loss":0,"event_name":"The Library","floor":19,"gold_loss":0,"cards_obtained":["Backflip"]}],"is_beta":false,"boss_relics":[{"not_picked":["conspire:RunicOctahedron","Empty Cage"],"picked":"SacredBark"},{"not_picked":["hubris:GrandSneckoEye","hubris:CrackedHourglass"],"picked":"Busted Crown"}],"items_purged_floors":[5,21,31],"is_endless":false,"potions_floor_spawned":[8,11,12,13,22,24,28],"killed_by":"Nightmare_Alpha","ascension_level":0}}