{"host":"bq4pt811tk9yrmjl","time":1611522426,"event":{"mods":["AchievementEnabler","BaseMod","Colored Map","Colored Powertips","Defuse TimeMaze Blight","Hermit","Minty Spire (QoL Compilation)","StSLib","SuperFastMode"],"gold_per_floor":[113,113,113,123,174,174,203,221,295,71,71,98,112,112,112,217,217,182,32,131,151,165,190,190,203,203,230,230,230,250,175,175,175,175],"floor_reached":33,"language":"ENG","playtime":1044,"items_purged":[],"score":334,"play_id":"d888948b-c138-4caf-b212-a2d360292ca4","local_time":"20210124190706","is_ascension_mode":true,"campfire_choices":[{"data":"hermit:Snapshot","floor":6,"key":"SMITH"},{"data":"hermit:Deadeye","floor":11,"key":"SMITH"},{"data":"hermit:Virtue","floor":15,"key":"SMITH"},{"floor":24,"key":"REST"},{"floor":28,"key":"REST"},{"floor":32,"key":"REST"}],"circlet_count":0,"master_deck":["hermit:Strike_Hermit+1","hermit:Defend_Hermit","hermit:Defend_Hermit","hermit:Defend_Hermit+1","hermit:Defend_Hermit","hermit:Snapshot+1","hermit:Covet+1","hermit:Glare+1","hermit:Virtue+1","hermit:Deadeye+1","hermit:CursedWeapon+1","hermit:Manifest+1","hermit:ShadowCloak+1","hermit:Vantage","hermit:GhostlyPresence","Necronomicurse"],"relics":["hermit:Momento","NeowsBlessing","Art of War","Whetstone","War Paint","Strawberry","Astrolabe","Blood Vial","Dead Branch","Darkstone Periapt","Bottled Tornado","Necronomicon"],"acts_visited":["Exordium","TheCity"],"potions_floor_usage":[12,13,23,25,27],"damage_taken":[{"damage":0,"enemies":"2 Louse","floor":1,"turns":1},{"damage":0,"enemies":"Jaw Worm","floor":4,"turns":1},{"damage":0,"enemies":"3 Sentries","floor":7,"turns":2},{"damage":0,"enemies":"Cultist","floor":8,"turns":2},{"damage":16,"enemies":"Lagavulin","floor":12,"turns":5},{"damage":0,"enemies":"3 Louse","floor":13,"turns":4},{"damage":38,"enemies":"Slime Boss","floor":16,"turns":13},{"damage":12,"enemies":"2 Thieves","floor":18,"turns":5},{"damage":7,"enemies":"Shell Parasite","floor":21,"turns":8},{"damage":24,"enemies":"Snecko","floor":22,"turns":11},{"damage":15,"enemies":"Slavers","floor":23,"turns":20},{"damage":8,"enemies":"Cultist and Chosen","floor":25,"turns":6},{"damage":37,"enemies":"Book of Stabbing","floor":27,"turns":5},{"damage":6,"enemies":"Snake Plant","floor":30,"turns":4},{"damage":55,"enemies":"Collector","floor":33,"turns":18}],"seed_played":"-4047720358057538704","potions_obtained":[{"floor":4,"key":"hermit:BlackBile"},{"floor":7,"key":"EssenceOfSteel"},{"floor":13,"key":"Energy Potion"},{"floor":18,"key":"BlessingOfTheForge"},{"floor":22,"key":"Fire Potion"},{"floor":25,"key":"hermit:Tonic"}],"is_trial":false,"path_per_floor":["M","$","?","M","?","R","E","M","T","$","R","E","M","?","R","B",null,"M","$","?","M","M","E","R","M","T","E","R","?","M","?","R","B"],"character_chosen":"HERMIT","items_purchased":["War Paint","hermit:Deadeye","Blood Vial"],"campfire_rested":3,"item_purchase_floors":[10,10,19],"current_hp_per_floor":[75,75,72,72,72,72,72,72,72,72,72,63,63,63,63,25,82,70,70,70,65,43,30,54,48,48,13,37,27,23,23,49,0,0],"gold":175,"neow_bonus":"THREE_ENEMY_KILL","is_daily":false,"chose_seed":false,"campfire_upgraded":3,"win_rate":0.0,"timestamp":1611522426,"path_taken":["M","$","?","M","?","R","E","M","T","$","R","E","M","?","R","BOSS","M","$","?","M","M","E","R","M","T","E","R","?","M","?","R","BOSS"],"items_purchased_type":["Relic","Card","Relic"],"build_version":"2020-12-22","purchased_purges":0,"victory":false,"max_hp_per_floor":[75,75,75,75,75,75,75,75,75,75,75,82,82,82,82,82,82,82,82,82,82,82,82,82,82,82,82,82,88,88,88,88,88,88],"card_choices":[{"not_picked":["hermit:Manifest","hermit:Ricochet"],"picked":"hermit:Glare","floor":1},{"not_picked":["hermit:Grudge","hermit:ItchyTrigger"],"picked":"hermit:Virtue","floor":4},{"not_picked":["hermit:Desperado","hermit:DeadMansHand","hermit:Vantage"],"picked":"SKIP","floor":7},{"not_picked":["hermit:Horror","hermit:WideOpen","hermit:Manifest"],"picked":"SKIP","floor":8},{"not_picked":["hermit:Virtue","hermit:DeadMansHand"],"picked":"hermit:BodyArmor","floor":12},{"not_picked":["hermit:FatalDesire","hermit:TakeAim","hermit:Ricochet"],"picked":"SKIP","floor":13},{"not_picked":["hermit:TrackingShot","hermit:Midnight","hermit:BodyArmor"],"picked":"SKIP","floor":18},{"not_picked":["hermit:Cheat+1","hermit:Desperado"],"picked":"hermit:Vantage","floor":21},{"not_picked":["hermit:LowProfile","hermit:Midnight"],"picked":"hermit:GhostlyPresence","floor":22},{"not_picked":["hermit:Roulette","hermit:HoleUp","hermit:Deadeye+1"],"picked":"SKIP","floor":23},{"not_picked":["hermit:SprayPray+1","hermit:ShadowCloak","hermit:Ricochet"],"picked":"SKIP","floor":25},{"not_picked":["hermit:GoldenBullet","hermit:Glare","hermit:PistolWhip"],"picked":"SKIP","floor":27},{"not_picked":["hermit:LoneWolf","hermit:TrackingShot","hermit:Purgatory"],"picked":"SKIP","floor":30}],"player_experience":232699,"relics_obtained":[{"floor":7,"key":"Whetstone"},{"floor":12,"key":"Strawberry"},{"floor":23,"key":"Dead Branch"},{"floor":26,"key":"Darkstone Periapt"},{"floor":27,"key":"Bottled Tornado"},{"floor":29,"key":"Necronomicon"}],"event_choices":[{"damage_healed":0,"gold_gain":0,"player_choice":"Success","damage_taken":3,"relics_obtained":["Art of War"],"max_hp_gain":0,"max_hp_loss":0,"event_name":"Scrap Ooze","floor":3,"gold_loss":0},{"damage_healed":0,"gold_gain":51,"player_choice":"Gained Gold","damage_taken":0,"max_hp_gain":0,"max_hp_loss":0,"event_name":"Golden Wing","floor":5,"gold_loss":0},{"damage_healed":0,"gold_gain":0,"player_choice":"Grow","damage_taken":0,"max_hp_gain":0,"max_hp_loss":0,"event_name":"Living Wall","floor":14,"gold_loss":0,"cards_upgraded":["hermit:Covet"]},{"damage_healed":0,"gold_gain":99,"player_choice":"Stole From Cult","damage_taken":0,"max_hp_gain":0,"max_hp_loss":0,"event_name":"Nest","floor":20,"gold_loss":0},{"damage_healed":0,"gold_gain":0,"player_choice":"Obtained Book","damage_taken":16,"max_hp_gain":0,"max_hp_loss":0,"event_name":"Cursed Tome","floor":29,"gold_loss":0},{"cards_removed":["hermit:BodyArmor"],"damage_healed":0,"gold_gain":0,"player_choice":"Gave Gold","damage_taken":0,"max_hp_gain":0,"max_hp_loss":0,"event_name":"Beggar","floor":31,"gold_loss":75}],"is_beta":false,"boss_relics":[{"not_picked":["SacredBark","Coffee Dripper"],"picked":"Astrolabe"}],"items_purged_floors":[],"is_endless":false,"potions_floor_spawned":[4,7,13,18,22,25],"killed_by":"Collector","ascension_level":1}}