{"host":"2se5dq1do2gp0x9k","time":1611463537,"event":{"mods":["AchievementEnabler","BaseMod","Block Reminder","Colored Map","Colored Powertips","Minty Spire (QoL Compilation)","Relic Stats","StSLib","SuperFastMode"],"gold_per_floor":[109,259,12,32,46,75,75,75,75],"floor_reached":8,"language":"ENG","playtime":1878,"items_purged":["Doubt"],"score":112,"play_id":"85f88840-a482-4528-a538-8feb330ea721","local_time":"20210123204537","is_ascension_mode":true,"campfire_choices":[{"floor":7,"key":"REST"}],"circlet_count":0,"master_deck":["AscendersBane","Strike_G","Strike_G","Strike_G","Strike_G","Strike_G","Defend_G","Defend_G","Defend_G","Defend_G","Defend_G","Survivor","Neutralize","Flying Knee","Bouncing Flask","Whirlwind","Disarm"],"relics":["Ring of the Snake","NeowsBlessing","PrismaticShard","Bottled Lightning"],"acts_visited":["Exordium"],"potions_floor_usage":[],"damage_taken":[{"damage":0,"enemies":"Jaw Worm","floor":1,"turns":1},{"damage":0,"enemies":"2 Louse","floor":4,"turns":1},{"damage":0,"enemies":"Small Slimes","floor":5,"turns":1},{"damage":51,"enemies":"Lagavulin","floor":6,"turns":8},{"damage":41,"enemies":"Gremlin Nob","floor":8,"turns":4}],"seed_played":"-3812326842848099894","potions_obtained":[{"floor":5,"key":"Strength Potion"}],"is_trial":false,"path_per_floor":["M","?","$","M","M","E","R","E"],"character_chosen":"THE_SILENT","items_purchased":["PrismaticShard"],"campfire_rested":1,"item_purchase_floors":[3],"current_hp_per_floor":[59,59,59,59,59,8,27,0,0],"gold":75,"neow_bonus":"THREE_ENEMY_KILL","is_daily":false,"chose_seed":false,"campfire_upgraded":0,"win_rate":0.0,"timestamp":1611463537,"path_taken":["M","?","$","M","M","E","R","E"],"items_purchased_type":["Relic"],"build_version":"2020-12-22","purchased_purges":1,"victory":false,"max_hp_per_floor":[66,66,66,66,66,66,66,66,66],"relic_stats":{"counters":[5,15],"obtain_stats":[{"NeowsBlessing":0,"Bottled Lightning":6,"PrismaticShard":3,"Ring of the Snake":0},{"NeowsBlessing":0,"Bottled Lightning":4,"PrismaticShard":1,"Ring of the Snake":0},{"NeowsBlessing":0,"Bottled Lightning":11,"PrismaticShard":1,"Ring of the Snake":0}],"Ring of the Snake":[10]},"card_choices":[{"not_picked":["Flechettes","PiercingWail"],"picked":"Flying Knee","floor":1},{"not_picked":["Vengeance","ClearTheMind"],"picked":"Bouncing Flask","floor":4},{"not_picked":["EmptyMind","Rage"],"picked":"Whirlwind","floor":5},{"not_picked":["Defragment","Indignation"],"picked":"Disarm","floor":6}],"player_experience":3944856,"relics_obtained":[{"floor":6,"key":"Bottled Lightning"}],"event_choices":[{"damage_healed":0,"gold_gain":150,"player_choice":"AGREE","damage_taken":0,"max_hp_gain":0,"max_hp_loss":0,"event_name":"Liars Game","floor":2,"gold_loss":0,"cards_obtained":["Doubt"]}],"is_beta":false,"boss_relics":[],"items_purged_floors":[3],"is_endless":false,"potions_floor_spawned":[5],"killed_by":"Gremlin Nob","ascension_level":20}}