{"host":"0rqu4i4oge8wiabo","time":1611532493,"event":{"mods":["2.2 Compatiblity","AchievementEnabler","BaseMod","Colored Powertips","Downfall","Hermit","Minty Spire (QoL Compilation)","Replay The Spire","StSLib","The Bug Knight","The Cursed","The Disciple","The Jungle","The Necromancer","The Servant 0.9.4"],"gold_per_floor":[215,229,0,0,0,38,38,38,90,103,118,141,205,229,229,348,348,366,366,390,411,217,217,255,255,255,286,305,328,253,253,253,372,372,395,418,173,193,218,218,218,218,241,121,145,166,166,166,166],"floor_reached":48,"language":"ENG","playtime":2904,"items_purged":["HollowMod:NailStrikeStart"],"score":549,"play_id":"4f85fa24-d984-4a4f-bf26-dab05ddb0b39","local_time":"20210124235453","is_ascension_mode":false,"campfire_choices":[{"floor":8,"key":"REST"},{"floor":15,"key":"REST"},{"floor":23,"key":"REST"},{"floor":25,"key":"REST"},{"floor":32,"key":"REST"},{"floor":40,"key":"REST"},{"data":"HollowMod:VoidDash","floor":42,"key":"SMITH"}],"circlet_count":0,"master_deck":["HollowMod:FocusHealStart","HollowMod:PogoStrike","HollowMod:HeavyBlow","HollowMod:NewLastStag","HollowMod:DescendingDark","HollowMod:DescendingDark","HollowMod:DashSlash","HollowMod:ZotesMagnificence","HollowMod:WraithStrike","HollowMod:ShadowDash","HollowMod:WraithStrike","HollowMod:VoidDash+1","HollowMod:MantisMark","HollowMod:DescendingDark+1","HollowMod:NewLittleFool+1","HollowMod:SiblingsShadow+1","HollowMod:HuntersJournal","HollowMod:DreamGate","HollowMod:DungDefenderAura+1","HollowMod:VengefulVoid","HollowMod:VoidDash","HollowMod:AbyssShriek","HollowMod:ChannelNail","HollowMod:PureNailStrike","HollowMod:MonarchWings","HollowMod:HornetsHelp","HollowMod:InfectedCysts","HollowMod:DashSlash+1","HollowMod:GrimmsGift+1","ReplayTheSpireMod:Brewmster+1","Dramatic Entrance+1","Secret Weapon+1","HollowMod:DescendingDark","Parasite","HollowMod:GrimmsGift+1","HollowMod:LordofShades"],"relics":["HollowMod:VesselMask","Golden Idol","HollowMod:StagPassRelic","Toy Ornithopter","Replay:Accelerometer","Honey Jar","BargainBundle","StoneCalendar","Pear","Replay:Bottled Steam","Pandora\u0027s Box","ReplayTheSpireMod:ShopPack","Replay:Baseball"],"acts_visited":["Exordium","TheCity","TheBeyond"],"potions_floor_usage":[14,16,16,16,29,33,33,33,35,39,39,39,48],"damage_taken":[{"damage":0,"enemies":"Cultist","floor":1,"turns":3},{"damage":2,"enemies":"2 Louse","floor":2,"turns":4},{"damage":27,"enemies":"Gremlin Nob","floor":6,"turns":5},{"damage":3,"enemies":"Jaw Worm","floor":10,"turns":3},{"damage":6,"enemies":"Lots of Slimes","floor":11,"turns":2},{"damage":8,"enemies":"Large Slime","floor":12,"turns":3},{"damage":0,"enemies":"Looter","floor":14,"turns":1},{"damage":40,"enemies":"The Guardian","floor":16,"turns":12},{"damage":14,"enemies":"2 Thieves","floor":18,"turns":3},{"damage":0,"enemies":"3 Byrds","floor":20,"turns":2},{"damage":6,"enemies":"Snake Plant","floor":21,"turns":2},{"damage":25,"enemies":"Slavers","floor":24,"turns":2},{"damage":0,"enemies":"Gremlin Leader","floor":27,"turns":4},{"damage":21,"enemies":"Snecko","floor":28,"turns":4},{"damage":37,"enemies":"Shelled Parasite and Fungi","floor":29,"turns":4},{"damage":50,"enemies":"Automaton","floor":33,"turns":7},{"damage":17,"enemies":"3 Darklings","floor":35,"turns":3},{"damage":19,"enemies":"Orb Walker","floor":36,"turns":3},{"damage":4,"enemies":"Sphere and 2 Shapes","floor":38,"turns":4},{"damage":31,"enemies":"Writhing Mass","floor":39,"turns":4},{"damage":38,"enemies":"Spire Growth","floor":45,"turns":5},{"damage":9,"enemies":"4 Shapes","floor":46,"turns":1},{"damage":43,"enemies":"Sphere and 2 Shapes","floor":48,"turns":3}],"seed_played":"1147948023382556414","potions_obtained":[{"floor":1,"key":"LiquidMemories"},{"floor":6,"key":"Dexterity Potion"},{"floor":12,"key":"AttackPotion"},{"floor":14,"key":"Weak Potion"},{"floor":18,"key":"Explosive Potion"},{"floor":24,"key":"Regen Potion"},{"floor":33,"key":"PowerPotion"},{"floor":36,"key":"champ:CounterPotion"},{"floor":38,"key":"LifebloodPotion"},{"floor":39,"key":"Elixir"},{"floor":46,"key":"AttackPotion"}],"is_trial":false,"path_per_floor":["M","M","?","$","?","E","$","R","T","M","M","M","?","M","R","B",null,"M","?","M","M","$","R","E","R","T","E","M","M","?","?","R","B",null,"M","M","$","M","M","R","?","R","T","$","M","M","?","M"],"character_chosen":"THE_BUGKNIGHT","items_purchased":["BargainBundle","Strength Potion","Dexterity Potion","HollowMod:SiblingsShadow","ReplayTheSpireMod:ShopPack","AttackPotion","EssenceOfSteel","HollowMod:GrimmsGift","champ:CounterPotion"],"campfire_rested":6,"item_purchase_floors":[22,22,22,22,37,37,37,44,44],"current_hp_per_floor":[75,73,73,73,55,28,28,50,50,47,41,33,15,20,42,17,75,61,49,49,43,43,65,40,62,72,72,51,28,28,28,53,18,85,70,51,51,47,31,56,85,85,85,85,47,38,38,0,0],"gold":166,"neow_bonus":"HUNDRED_GOLD","is_daily":false,"chose_seed":false,"campfire_upgraded":1,"win_rate":0.0,"timestamp":1611532493,"path_taken":["M","?","?","$","?","E","?","R","T","M","?","M","?","M","R","BOSS","M","?","M","?","$","R","E","R","T","E","M","M","?","?","R","BOSS","M","M","$","M","M","R","?","R","T","$","M","?","?","M"],"items_purchased_type":["Relic","Potion","Potion","Card","Relic","Potion","Potion","Card","Potion"],"build_version":"2020-12-22","purchased_purges":1,"victory":false,"max_hp_per_floor":[75,75,75,75,75,75,75,75,75,75,75,75,75,75,75,75,75,75,75,75,75,75,75,75,75,85,85,85,85,85,85,85,85,85,85,85,85,85,85,85,85,85,85,85,85,85,85,85,85],"card_choices":[{"not_picked":["HollowMod:BlackTendrils","HollowMod:MonarchWings"],"picked":"HollowMod:SoulEater","floor":1},{"not_picked":["HollowMod:WraithStrike","HollowMod:GreatSlash"],"picked":"HollowMod:HeavyBlow","floor":2},{"not_picked":["HollowMod:CloakDash","HollowMod:DesolateDive"],"picked":"HollowMod:DescendingDark","floor":6},{"not_picked":["HollowMod:CornifersMapStart","HollowMod:SoulSplash"],"picked":"HollowMod:DescendingDark","floor":10},{"not_picked":["HollowMod:CycloneSlash","HollowMod:LifebloodCocoon"],"picked":"HollowMod:DashSlash","floor":11},{"not_picked":["HollowMod:LifebloodCocoon","HollowMod:BrokenVessel"],"picked":"HollowMod:ZotesMagnificence","floor":12},{"not_picked":["HollowMod:SoulSplash","HollowMod:InfectionAssault"],"picked":"HollowMod:WraithStrike","floor":13},{"not_picked":["HollowMod:BaldurShell","HollowMod:VengefulSpirit"],"picked":"HollowMod:ShadowDash","floor":13},{"not_picked":["HollowMod:InfectionAssault","HollowMod:HowlingWraiths"],"picked":"HollowMod:WraithStrike","floor":14},{"not_picked":["HollowMod:LifebloodCore","HollowMod:PureVessel"],"picked":"HollowMod:VoidDash","floor":16},{"not_picked":["HollowMod:NewLittleFool","HollowMod:InfectedCysts","HollowMod:DescendingDark"],"picked":"HollowMod:MantisMark","floor":18},{"not_picked":["HollowMod:MantisMark","HollowMod:PureNailStrike","HollowMod:NewLittleFool"],"picked":"HollowMod:DescendingDark+1","floor":20},{"not_picked":["HollowMod:HowlingWraiths","HollowMod:DoubleDash","HollowMod:ChannelNail"],"picked":"HollowMod:NewLittleFool+1","floor":21},{"not_picked":["HollowMod:HornetsHelp","HollowMod:SoulEater","HollowMod:BaldurShell"],"picked":"HollowMod:HuntersJournal","floor":24},{"not_picked":["HollowMod:HeavyBlow","HollowMod:QuirrelsAssistance","HollowMod:DoubleDash"],"picked":"HollowMod:DreamGate","floor":27},{"not_picked":["HollowMod:FallenFury","HollowMod:PureNailStrike","HollowMod:ChannelNail"],"picked":"HollowMod:DungDefenderAura+1","floor":28},{"not_picked":["HollowMod:RecoilStrike","HollowMod:SoulStrike","HollowMod:HeavyBlow"],"picked":"HollowMod:VengefulVoid","floor":29},{"not_picked":["HollowMod:PureVessel","HollowMod:SoulMaster","HollowMod:ZotesMagnificence"],"picked":"HollowMod:VoidDash","floor":33},{"not_picked":["HollowMod:SoulVessel+1","HollowMod:InfectedCysts","HollowMod:CloakDash"],"picked":"HollowMod:DashSlash+1","floor":35},{"not_picked":["HollowMod:NewJinnsSoul+1","HollowMod:SoulSplash","HollowMod:InfectedCysts"],"picked":"HollowMod:GrimmsGift+1","floor":36},{"not_picked":["ReplayUltimateDefense","ReplayTheSpireMod:Necrogeddon","Secret Technique"],"picked":"ReplayTheSpireMod:Brewmster","floor":37},{"not_picked":["Blind","Trip","Mind Blast"],"picked":"Dramatic Entrance","floor":37},{"not_picked":["ReplayTheSpireMod:Uncanny Aura","Survey Options","Blind"],"picked":"Secret Weapon","floor":37},{"not_picked":["HollowMod:BrokenVessel+1","HollowMod:LifebloodCocoon+1","HollowMod:ShadowDash"],"picked":"HollowMod:DescendingDark","floor":38},{"not_picked":["HollowMod:TaintedHusks+1","HollowMod:SoulVessel","HollowMod:NewJinnsSoul+1","HollowMod:VengefulSpirit+1"],"picked":"SKIP","floor":39},{"not_picked":["HollowMod:HeavyBlow","HollowMod:NewJinnsSoul+1","HollowMod:SiblingsSouls","HollowMod:TaintedHusks+1"],"picked":"SKIP","floor":45},{"not_picked":["HollowMod:SharpenedShadows+1","HollowMod:SiblingsSouls","HollowMod:CloakDash"],"picked":"HollowMod:LordofShades","floor":46}],"player_experience":441565,"relics_obtained":[{"floor":6,"key":"HollowMod:StagPassRelic"},{"floor":9,"key":"Toy Ornithopter"},{"floor":13,"key":"Replay:Accelerometer"},{"floor":24,"key":"StoneCalendar"},{"floor":26,"key":"Pear"},{"floor":27,"key":"Replay:Bottled Steam"},{"floor":43,"key":"Replay:Baseball"}],"event_choices":[{"damage_healed":0,"gold_gain":0,"player_choice":"Take Damage","damage_taken":18,"relics_obtained":["Golden Idol"],"max_hp_gain":0,"max_hp_loss":0,"event_name":"Golden Idol","floor":5,"gold_loss":0},{"damage_healed":0,"gold_gain":0,"player_choice":"POTION ","damage_taken":12,"max_hp_gain":0,"max_hp_loss":0,"event_name":"Knowing Skull","floor":19,"potions_obtained":["Strength Potion"],"gold_loss":0,"cards_obtained":[]},{"cards_removed":["HollowMod:NailStrikeStart"],"damage_healed":0,"gold_gain":0,"player_choice":"Gave Gold","damage_taken":0,"max_hp_gain":0,"max_hp_loss":0,"event_name":"Beggar","floor":30,"gold_loss":75},{"cards_removed":["HollowMod:SoulEater"],"damage_healed":29,"gold_gain":0,"player_choice":"Offered Uncommon","damage_taken":0,"max_hp_gain":0,"max_hp_loss":0,"event_name":"Bonfire Elementals","floor":41,"gold_loss":0}],"is_beta":false,"boss_relics":[{"not_picked":["SacredBark","Sozu"],"picked":"Honey Jar"},{"not_picked":["ChewingGum","Runic Pyramid"],"picked":"Pandora\u0027s Box"}],"items_purged_floors":[22],"is_endless":false,"potions_floor_spawned":[1,6,12,14,18,24,33,36,38,39,46],"killed_by":"Sphere and 2 Shapes","ascension_level":0}}