{"host":"ywif2ugnepgiw45s","time":1611506854,"event":{"mods":["Act Like it!","BaseMod","Better Skull","Downfall","Elementarium","GifTheSpireLib","Hermit","Marisa????????","Minty Spire (QoL Compilation)","READ ME - Guardian Mod","Replay The Spire","Shade Mod","Shop Mod","StSLib","The Cursed","The Jungle","The Runesmith","The Servant 0.9.4"],"gold_per_floor":[119,138,148,161,111,111,137,137,161,187,198,198,212,212,212,212,212],"floor_reached":16,"language":"ENG","playtime":504,"items_purged":[],"score":118,"play_id":"75554314-986d-4823-ab5c-66c152339d5f","local_time":"20210124114734","is_ascension_mode":true,"campfire_choices":[{"data":"Cloak And Dagger","floor":6,"key":"SMITH"},{"floor":8,"key":"REST"},{"data":"Draining Mist","floor":12,"key":"SMITH"},{"data":"ReplayTheSpireMod:Shiv Toss","floor":15,"key":"SMITH"}],"circlet_count":0,"master_deck":["Strike_G","Strike_G","Strike_G","Strike_G","Defend_G","Defend_G","Defend_G","Defend_G","Defend_G","Survivor","Neutralize","Cloak And Dagger+1","ReplayTheSpireMod:Shiv Toss+1","Flying Knee","Draining Mist+1","Poisoned Stab","Cloak And Dagger","Blade Dance","Injury"],"relics":["Ring of the Snake","NeowsBlessing","Art of War","Vajra","Gremlin Food","Golden Idol"],"acts_visited":["Exordium"],"potions_floor_usage":[7,10,11],"damage_taken":[{"damage":0,"enemies":"Small Slimes","floor":1,"turns":1},{"damage":0,"enemies":"2 Louse","floor":2,"turns":1},{"damage":0,"enemies":"Jaw Worm","floor":3,"turns":1},{"damage":4,"enemies":"Blue Slaver","floor":4,"turns":6},{"damage":58,"enemies":"Lagavulin","floor":7,"turns":10},{"damage":14,"enemies":"3 Sentries","floor":10,"turns":12},{"damage":2,"enemies":"Large Slime","floor":11,"turns":3},{"damage":10,"enemies":"3 Louse","floor":13,"turns":5},{"damage":25,"enemies":"Slime Boss","floor":16,"turns":8}],"seed_played":"-8056087937249477763","potions_obtained":[{"floor":2,"key":"bronze:BurnAndBuffPotion"},{"floor":4,"key":"Fire Potion"},{"floor":7,"key":"Regen Potion"},{"floor":11,"key":"Cursed Concoction"}],"is_trial":false,"path_per_floor":["M","M","M","M","?","R","E","R","T","E","M","R","M","?","R","B"],"character_chosen":"THE_SILENT","items_purchased":[],"campfire_rested":1,"item_purchase_floors":[],"current_hp_per_floor":[70,70,70,66,66,66,8,29,29,30,28,28,18,18,18,0,0],"gold":212,"neow_bonus":"THREE_ENEMY_KILL","is_daily":false,"chose_seed":false,"campfire_upgraded":3,"win_rate":0.0,"timestamp":1611506854,"path_taken":["M","M","M","M","?","R","E","R","T","E","M","R","M","?","R","BOSS"],"items_purchased_type":[],"build_version":"2020-12-22","purchased_purges":0,"victory":false,"max_hp_per_floor":[70,70,70,70,70,70,70,70,70,70,70,70,70,70,70,70,70],"card_choices":[{"not_picked":["Hidden Blade","Sucker Punch"],"picked":"Cloak And Dagger","floor":1},{"not_picked":["Deadly Poison","Predator"],"picked":"ReplayTheSpireMod:Shiv Toss","floor":2},{"not_picked":["Dagger Spray","Crippling Poison","Predator"],"picked":"SKIP","floor":3},{"not_picked":["Riddle With Holes","Flechettes"],"picked":"Flying Knee","floor":4},{"not_picked":["Dagger Spray","ReplayTheSpireMod:Necrosis"],"picked":"Draining Mist","floor":7},{"not_picked":["Finisher","Catalyst"],"picked":"Poisoned Stab","floor":10},{"not_picked":["Dodge and Roll","Finisher"],"picked":"Cloak And Dagger","floor":11},{"not_picked":["PiercingWail","Choke"],"picked":"Blade Dance","floor":13}],"player_experience":1742930,"relics_obtained":[{"floor":7,"key":"Art of War"},{"floor":9,"key":"Vajra"},{"floor":10,"key":"Gremlin Food"}],"event_choices":[{"cards_removed":["Strike_G"],"damage_healed":0,"gold_gain":0,"player_choice":"Card Removal","damage_taken":0,"max_hp_gain":0,"max_hp_loss":0,"event_name":"The Cleric","floor":5,"gold_loss":50},{"damage_healed":0,"gold_gain":0,"player_choice":"Take Wound","damage_taken":0,"relics_obtained":["Golden Idol"],"max_hp_gain":0,"max_hp_loss":0,"event_name":"Golden Idol","floor":14,"gold_loss":0,"cards_obtained":["Injury"]}],"is_beta":false,"boss_relics":[],"items_purged_floors":[],"is_endless":false,"potions_floor_spawned":[2,4,7,11],"killed_by":"Slime Boss","ascension_level":1}}