{"host":"18wi9kpcl4eah7pe","time":1611526010,"event":{"mods":["BaseMod","Colored Powertips","Downfall","Minty Spire (QoL Compilation)","StSLib"],"gold_per_floor":[99,99,99,99,199,227,227,10,10,10,10],"floor_reached":9,"language":"ENG","playtime":230,"items_purged":[],"score":55,"play_id":"7c6fb27d-8191-4aee-ba8e-2d64a068c50e","local_time":"20210124160650","is_ascension_mode":false,"campfire_choices":[{"floor":1,"key":"RECALL"}],"circlet_count":0,"master_deck":["sneckomod:Strike","sneckomod:Strike","sneckomod:Strike","sneckomod:Defend","sneckomod:Defend","sneckomod:Defend","sneckomod:TailWhip","sneckomod:SnekBite","sneckomod:Unknown","sneckomod:Unknown","sneckomod:UnknownBlock","sneckomod:UnknownClassPURPLE","sneckomod:UnknownClassGUARDIAN","sneckomod:UnknownClassTHE_BRONZE_AUTOMATON","sneckomod:UnknownClassHEXA_GHOST_PURPLE"],"relics":["sneckomod:SneckoSoul","downfall:HeartsMalice","The Courier","Akabeko","Kunai"],"acts_visited":["Exordium"],"potions_floor_usage":[],"damage_taken":[{"damage":0,"enemies":"Cultist","floor":2,"turns":1},{"damage":0,"enemies":"2 Louse","floor":3,"turns":1},{"damage":0,"enemies":"Jaw Worm","floor":4,"turns":1},{"damage":39,"enemies":"3 Sentries","floor":6,"turns":7},{"damage":10,"enemies":"downfall:FleeingMerchant","floor":8,"turns":4},{"damage":48,"enemies":"Gremlin Nob","floor":9,"turns":5}],"seed_played":"-8118654308147968883","potions_obtained":[],"is_trial":false,"path_per_floor":["R","M","M","M","?","E","T","$","E"],"character_chosen":"THE_SNECKO","items_purchased":["Kunai"],"campfire_rested":0,"item_purchase_floors":[8],"current_hp_per_floor":[90,90,90,90,90,51,51,41,0,0,0],"gold":10,"neow_bonus":"THREE_ENEMY_KILL","is_daily":false,"chose_seed":false,"campfire_upgraded":0,"win_rate":0.0,"timestamp":1611526010,"path_taken":["R","M","?","?","?","E","T","?","E"],"items_purchased_type":["Relic"],"build_version":"2020-12-22","purchased_purges":0,"victory":false,"max_hp_per_floor":[90,90,90,90,90,90,90,90,90,90,90],"card_choices":[{"not_picked":["sneckomod:UnknownClassPURPLE","sneckomod:RainOfDice"],"picked":"sneckomod:UnknownBlock","floor":2},{"not_picked":["sneckomod:Unknown1Cost","sneckomod:UnknownDraw"],"picked":"sneckomod:UnknownClassPURPLE","floor":3},{"not_picked":["sneckomod:DiceCrush","sneckomod:UnknownClassHEXA_GHOST_PURPLE"],"picked":"sneckomod:UnknownClassGUARDIAN","floor":4},{"not_picked":["sneckomod:SnakeSap","sneckomod:SoulDraw"],"picked":"sneckomod:UnknownClassTHE_BRONZE_AUTOMATON","floor":6},{"not_picked":["sneckomod:UnknownClassGUARDIAN","sneckomod:UnknownRarePower"],"picked":"sneckomod:UnknownClassHEXA_GHOST_PURPLE","floor":8}],"player_experience":951125,"relics_obtained":[{"floor":6,"key":"The Courier"},{"floor":7,"key":"Akabeko"}],"event_choices":[],"is_beta":false,"boss_relics":[],"items_purged_floors":[],"is_endless":false,"potions_floor_spawned":[],"killed_by":"Gremlin Nob","ascension_level":0}}