{"host":"zx8rmvlb08usbkpl","time":1611529772,"event":{"mods":["BaseMod","BetterRewards","Colored Powertips","Dota2Spire","Downfall","GifTheSpireLib","Marisa????????","Minty Spire (QoL Compilation)","Quick Restart","StSLib","Stuff the Spire","The Bug Knight","The Senshi"],"gold_per_floor":[110,13,31,5,20,54,54,69,95,95,109,120,138,201,201,302,302,313,37,50,50,50,50],"floor_reached":22,"language":"ENG","playtime":1015,"items_purged":["Strike_R"],"score":188,"play_id":"d7eb26be-df4d-487e-a491-c774741c54a7","local_time":"20210124180932","is_ascension_mode":false,"campfire_choices":[{"floor":10,"key":"REST"},{"data":"True Grit","floor":15,"key":"SMITH"}],"circlet_count":0,"master_deck":["Strike_R","Strike_R","Strike_R","Defend_R","Defend_R","Defend_R","Defend_R","Bash","Wild Strike","Bandage Up","Shrug It Off","True Grit+1","Pommel Strike","Rampage","Warcry","Havoc","Dropkick","Fiend Fire","Flex+1","Master of Strategy","Power Through+1","Sever Soul"],"relics":["Burning Blood","Blood Vial","Oddly Smooth Stone","Dota2Spire:LotusOrb","Boot","Black Star","Membership Card"],"acts_visited":["Exordium","TheCity"],"potions_floor_usage":[14,16,20],"damage_taken":[{"damage":1,"enemies":"Jaw Worm","floor":1,"turns":5},{"damage":4,"enemies":"2 Louse","floor":3,"turns":4},{"damage":4,"enemies":"Small Slimes","floor":5,"turns":4},{"damage":53,"enemies":"Lagavulin","floor":6,"turns":8},{"damage":34,"enemies":"Gremlin Gang","floor":8,"turns":5},{"damage":6,"enemies":"3 Louse","floor":11,"turns":5},{"damage":6,"enemies":"2 Fungi Beasts","floor":12,"turns":4},{"damage":3,"enemies":"Looter","floor":13,"turns":3},{"damage":16,"enemies":"3 Sentries","floor":14,"turns":8},{"damage":48,"enemies":"Slime Boss","floor":16,"turns":15},{"damage":40,"enemies":"Spheric Guardian","floor":18,"turns":7},{"damage":47,"enemies":"2 Thieves","floor":20,"turns":5},{"damage":21,"enemies":"Snecko","floor":22,"turns":3}],"seed_played":"7249589995567847281","potions_obtained":[{"floor":3,"key":"Swift Potion"},{"floor":6,"key":"DistilledChaos"},{"floor":8,"key":"Explosive Potion"}],"is_trial":false,"path_per_floor":["M","$","M","$","M","E","?","M","T","R","M","M","M","?","R","B",null,"M","$","M","?","M"],"character_chosen":"IRONCLAD","items_purchased":["Bandage Up","True Grit","Membership Card","Master of Strategy"],"campfire_rested":1,"item_purchase_floors":[2,4,19,19],"current_hp_per_floor":[80,80,80,80,80,37,52,30,30,54,60,66,75,71,71,35,80,50,50,15,15,0,0],"gold":50,"neow_bonus":"RANDOM_COMMON_RELIC","is_daily":false,"chose_seed":false,"campfire_upgraded":1,"win_rate":0.0,"timestamp":1611529772,"path_taken":["M","$","M","$","M","E","?","M","T","R","M","M","M","?","R","BOSS","M","$","M","?","?"],"items_purchased_type":["Card","Card","Relic","Card"],"build_version":"2020-12-22","purchased_purges":1,"victory":false,"max_hp_per_floor":[80,80,80,80,80,80,80,80,80,80,80,80,80,80,80,80,80,80,80,80,80,80,80],"card_choices":[{"not_picked":["StuffTheSpire:BloodClot","Cleave"],"picked":"Wild Strike","floor":1},{"not_picked":["Wild Strike","Heavy Blade"],"picked":"Shrug It Off","floor":3},{"not_picked":["Perfected Strike","StuffTheSpire:RockThrow"],"picked":"Pommel Strike","floor":5},{"not_picked":["Perfected Strike","Headbutt"],"picked":"Rampage","floor":6},{"not_picked":["StuffTheSpire:Pyroclast","Thunderclap"],"picked":"Warcry","floor":8},{"not_picked":["Heavy Blade","StuffTheSpire:BloodClot","Headbutt"],"picked":"SKIP","floor":11},{"not_picked":["Thunderclap","Cleave"],"picked":"Havoc","floor":12},{"not_picked":["StuffTheSpire:Slingshot","Corruption"],"picked":"Dropkick","floor":13},{"not_picked":["Impervious","StuffTheSpire:TitanForm"],"picked":"Fiend Fire","floor":16},{"not_picked":["Anger","Thunderclap"],"picked":"Flex+1","floor":18},{"not_picked":["Twin Strike+1","Wild Strike"],"picked":"Power Through+1","floor":20}],"player_experience":973436,"relics_obtained":[{"floor":6,"key":"Oddly Smooth Stone"},{"floor":9,"key":"Dota2Spire:LotusOrb"},{"floor":14,"key":"Boot"}],"event_choices":[{"damage_healed":0,"gold_gain":30,"player_choice":"Searched \u00272\u0027 times","damage_taken":0,"max_hp_gain":0,"max_hp_loss":0,"event_name":"Dead Adventurer","floor":14,"gold_loss":0},{"cards_removed":["Strike_R"],"damage_healed":0,"gold_gain":0,"player_choice":"Took Card","damage_taken":0,"max_hp_gain":0,"max_hp_loss":0,"event_name":"NoteForYourself","floor":21,"gold_loss":0,"cards_obtained":["Sever Soul"]}],"is_beta":false,"boss_relics":[{"not_picked":["Astrolabe","StuffTheSpire:Kangaroo"],"picked":"Black Star"}],"items_purged_floors":[19],"is_endless":false,"potions_floor_spawned":[3,6,8,13],"killed_by":"Snecko","ascension_level":0}}