{"host":"06h77atpgiec8kbk","time":1611489929,"event":{"mods":["Act Like it!","Alarm Clock","Arknights The Spire","Aspiration","Bard","BaseMod","CapriCore","Colored Powertips","Conspire","Downfall","Energized Spire","Hermit","Marisa£®ÏF”Í°°ƒß¿Ì…≥£©","Minty Spire (QoL Compilation)","Quick Restart","Reimu£®≤©¿ˆ¡È√Œ£©","Relic Stats","Replay The Spire","StSLib","The Construct","The Cursed","The Gatherer","The Hierophant","The Immortal","The Marked","The Runesmith","[GremlinLeader]The Maniac","°æ“≈ŒÔø®≈∆°øREMEMod"],"gold_per_floor":[18,18,18,11,11,11,11,11,66,66,56,56,52,29,29,0,0],"floor_reached":16,"language":"ZHS","playtime":467,"items_purged":[],"score":103,"play_id":"823a71d8-cf6f-4ad9-b017-d2c3cb697979","local_time":"20210124200529","is_ascension_mode":true,"campfire_choices":[{"data":"ats:Emotion Absorption","floor":6.0,"key":"SMITH"},{"data":"ats:Ignite","floor":8.0,"key":"SMITH"},{"floor":10.0,"key":"RECALL"}],"circlet_count":0,"master_deck":["ats:Strike C","ats:Strike G","ats:Strike S","ats:Strike V","ats:Armor Crushing Shot","ats:Defend","ats:Defend","ats:Defend","ats:Emotion Absorption+1","ats:Volcano+1","Poor:ReiMu","ats:Calcification+1","ats:Ignite+1","Poor:ReiMu"],"relics":["ats:Sanity","REME_ComplimentaryCards","YidongShenshe:ReiMu","ats:Originium","FossilizedHelix"],"acts_visited":["Exordium"],"potions_floor_usage":[16],"damage_taken":[{"damage":1.0,"enemies":"Cultist","floor":1.0,"turns":4.0},{"damage":2.0,"enemies":"Jaw Worm","floor":4.0,"turns":5.0},{"damage":24.0,"enemies":"Gremlin Nob","floor":11.0,"turns":4.0},{"damage":0.0,"enemies":"Small Slimes","floor":13.0,"turns":3.0},{"damage":3.0,"enemies":"Blue Slaver","floor":14.0,"turns":4.0},{"damage":76,"enemies":"Fading Forest","floor":16,"turns":7}],"seed_played":"7364280022689038092","potions_obtained":[{"floor":1.0,"key":"BlessingOfTheForge"},{"floor":4.0,"key":"Toxic Potion"},{"floor":14.0,"key":"LiquidBronze"}],"is_trial":false,"path_per_floor":["M","?","?","M","?","R","$","R","T","R","E","?","M","M","R","B"],"character_chosen":"DOCTOR_CLASS","items_purchased":[],"campfire_rested":0,"item_purchase_floors":[],"current_hp_per_floor":[71,71,71,71,71,71,71,71,71,71,48,48,49,47,68,0,0],"gold":0,"neow_bonus":"THREE_RARE_CARDS","is_daily":false,"chose_seed":false,"campfire_upgraded":2,"win_rate":0.0,"timestamp":1611489929,"path_taken":["M","?","?","M","?","R","?","R","T","R","E","?","M","M","R","BOSS"],"items_purchased_type":[],"build_version":"2020-12-22","purchased_purges":0,"victory":false,"max_hp_per_floor":[72,72,72,72,72,72,72,72,72,72,72,72,72,72,72,72,72],"relic_stats":{"counters":[6,27],"obtain_stats":[{"ats:Originium":11,"YidongShenshe:ReiMu":2,"ats:Sanity":0,"FossilizedHelix":11,"REME_ComplimentaryCards":0},{"ats:Originium":3,"YidongShenshe:ReiMu":1,"ats:Sanity":0,"FossilizedHelix":3,"REME_ComplimentaryCards":0},{"ats:Originium":13,"YidongShenshe:ReiMu":4,"ats:Sanity":0,"FossilizedHelix":13,"REME_ComplimentaryCards":0}]},"card_choices":[{"not_picked":["ats:Disruption Kick","ats:Fractured Body"],"picked":"ats:Volcano","floor":0.0},{"not_picked":["ats:Revitalization","ats:Apocalypse","ats:Powerful Strike"],"picked":"SKIP","floor":1.0},{"not_picked":["ats:Assault Order","ats:Hammer On"],"picked":"ats:Ignite","floor":4.0},{"not_picked":["ats:Absolute Focus","ats:Healing Drone","ats:True Silver Slash"],"picked":"SKIP","floor":11.0},{"not_picked":["ats:Leaping Hammer","ats:Rapid Magazine","ats:Flexible Camouflage"],"picked":"SKIP","floor":13.0},{"not_picked":["ats:Guard Mode","ats:Absolute Focus","ats:Healing Drone"],"picked":"SKIP","floor":14.0}],"player_experience":833699,"relics_obtained":[{"floor":11.0,"key":"ats:Originium"},{"floor":11.0,"key":"FossilizedHelix"}],"event_choices":[{"damage_healed":0.0,"max_hp_gain":0.0,"max_hp_loss":0.0,"gold_gain":0.0,"event_name":"yidonshenshe","player_choice":"¥¯◊ﬂ…Ò…Á","floor":2.0,"gold_loss":0.0,"damage_taken":0.0,"relics_obtained":["YidongShenshe:ReiMu"],"cards_obtained":["Poor:ReiMu"]},{"damage_healed":0.0,"max_hp_gain":0.0,"max_hp_loss":0.0,"gold_gain":0.0,"event_name":"conspire:Investor","player_choice":"Leave","floor":12.0,"gold_loss":0.0,"damage_taken":0.0}],"is_beta":false,"boss_relics":[],"items_purged_floors":[],"is_endless":false,"potions_floor_spawned":[1,4,14],"killed_by":"Fading Forest","ascension_level":1}}