{"host":"uv5ws9rdk87e8i5k","time":1611524533,"event":{"mods":["AchievementEnabler","BaseMod","Colored Map","Minty Spire (QoL Compilation)","StSLib","SuperFastMode","The Necromancer","The Saiyan"],"gold_per_floor":[361,108,122,72,86,86,118,132,132,132,159,159,187,199,199,304,304,304],"floor_reached":17,"language":"ENG","playtime":370,"items_purged":["Doubt"],"score":184,"play_id":"01487b5b-804d-43ab-a23b-ea7681a7a4a7","local_time":"20210124154213","is_ascension_mode":true,"campfire_choices":[{"data":"Flesh_Made_Foul","floor":6.0,"key":"SMITH"},{"data":"Vampiric_Strike","floor":10,"key":"SMITH"},{"data":"Summon_Undead_Army","floor":12,"key":"SMITH"},{"floor":15,"key":"REST"}],"circlet_count":0,"master_deck":["Strike_W","Strike_W","Strike_W","Defend_W","Defend_W","Defend_W","Defend_W","Negative_Energy_Arrows","Bone_Wall","Flesh_Made_Foul+1","Finger_Of_Death","Bone_Armor","Negative_Energy_Mist","Vampiric_Strike","Vampiric_Strike+1","Summon_Undead_Army+1","Summon_Undead_Army","Grasp_Heart","Cloudkill"],"relics":["Vampire_Amulet","Ornamental Fan","Letter Opener","White Beast Statue","Bottled Flame","Cursed Key"],"acts_visited":["Exordium","TheCity"],"potions_floor_usage":[7,11,11,13,14,16],"damage_taken":[{"damage":1.0,"enemies":"Jaw Worm","floor":1.0,"turns":5.0},{"damage":2.0,"enemies":"Small Slimes","floor":3.0,"turns":2.0},{"damage":2.0,"enemies":"2 Louse","floor":5.0,"turns":1.0},{"damage":48,"enemies":"Lagavulin","floor":7,"turns":6},{"damage":3,"enemies":"2 Fungi Beasts","floor":8,"turns":3},{"damage":13,"enemies":"Gremlin Nob","floor":11,"turns":5},{"damage":25,"enemies":"3 Sentries","floor":13,"turns":7},{"damage":12,"enemies":"Exordium Thugs","floor":14,"turns":4},{"damage":16,"enemies":"Hexaghost","floor":16,"turns":6}],"seed_played":"-5789657039281847249","potions_obtained":[{"floor":7,"key":"SpeedPotion"},{"floor":8,"key":"EssenceOfSteel"},{"floor":11,"key":"SpeedPotion"},{"floor":13,"key":"Block Potion"},{"floor":14,"key":"PowerPotion"},{"floor":16,"key":"Strength Potion"}],"is_trial":false,"path_per_floor":["M","$","M","?","M","R","E","M","T","R","E","R","E","M","R","B",null],"character_chosen":"NECROMANCER","items_purchased":["Finger_Of_Death","Bone_Armor","DuplicationPotion"],"campfire_rested":1,"item_purchase_floors":[2,2,2],"current_hp_per_floor":[75,75,75,75,75,75,29,34,34,34,28,28,14,11,33,24,75,75],"gold":304,"neow_bonus":"TWO_FIFTY_GOLD","is_daily":false,"chose_seed":false,"campfire_upgraded":3,"win_rate":0.0,"timestamp":1611524533,"path_taken":["M","$","M","?","M","R","E","M","T","R","E","R","E","M","R","BOSS"],"items_purchased_type":["Card","Card","Potion"],"build_version":"2020-12-22","purchased_purges":1,"victory":false,"max_hp_per_floor":[75,75,75,75,75,75,75,75,75,75,75,75,75,75,75,75,75,75],"card_choices":[{"not_picked":["Scare","Consume_Illness"],"picked":"Flesh_Made_Foul","floor":1.0},{"not_picked":["Blood_Curse","Negative_Energy_Shield"],"picked":"Negative_Energy_Mist","floor":3.0},{"not_picked":["Negative_Energy_Mist","Bone_Spikes"],"picked":"Vampiric_Strike","floor":5.0},{"not_picked":["Epidemic","Negative_Energy_Mist"],"picked":"Vampiric_Strike","floor":7},{"not_picked":["Reap_The_Weak","Shackles_Of_Pain","Bone_Shift"],"picked":"SKIP","floor":8},{"not_picked":["Blood_Whip","Bone_Shift"],"picked":"Summon_Undead_Army","floor":11},{"not_picked":["Negative_Energy_Shield","Siphon_Strength"],"picked":"Summon_Undead_Army","floor":13},{"not_picked":["Bone_Shift","Necrotic_Claws"],"picked":"Grasp_Heart","floor":14},{"not_picked":["Negative_Energy_Bomb","Blood_Magic"],"picked":"Cloudkill","floor":16}],"player_experience":239340,"relics_obtained":[{"floor":7,"key":"Ornamental Fan"},{"floor":9,"key":"Letter Opener"},{"floor":11,"key":"White Beast Statue"},{"floor":13,"key":"Bottled Flame"}],"event_choices":[{"cards_removed":["Strike_W"],"damage_healed":0.0,"max_hp_gain":0.0,"max_hp_loss":0.0,"gold_gain":0.0,"event_name":"The Cleric","player_choice":"Card Removal","floor":4.0,"gold_loss":50.0,"damage_taken":0.0}],"is_beta":false,"boss_relics":[{"not_picked":["Runic Pyramid","Busted Crown"],"picked":"Cursed Key"}],"items_purged_floors":[2],"is_endless":false,"potions_floor_spawned":[7,8,11,13,14,16],"ascension_level":1}}