{"host":"2tgyrzvaa7l04o2e","time":1611504044,"event":{"mods":["BaseMod","Highlight Path","Minty Spire (QoL Compilation)","Permanent Neow","Relic Stats"],"gold_per_floor":[112,123,143,143,155,155,188,198,223,256,274,301,316,47,47,145,145,161,161,178,93,108,108,133,133,133,161,181,209,209,229,229,327,327,341,341,341,266,266,266],"floor_reached":39,"language":"ENG","playtime":2028,"items_purged":["Defend_R"],"score":753,"play_id":"097053ed-be8d-4832-8f46-5a96bac2dce3","local_time":"20210124170044","is_ascension_mode":true,"campfire_choices":[{"data":"Armaments","floor":6,"key":"SMITH"},{"data":"Uppercut","floor":15,"key":"SMITH"},{"data":"Feel No Pain","floor":23,"key":"SMITH"},{"data":"Whirlwind","floor":25,"key":"SMITH"},{"floor":30,"key":"RECALL"},{"data":"Dual Wield","floor":32,"key":"SMITH"}],"circlet_count":0,"master_deck":["AscendersBane","Defend_R","Defend_R","Defend_R","Bash","Uppercut+1","Armaments+1","Warcry","Whirlwind+1","Feel No Pain+1","Shrug It Off","Infernal Blade","Dark Shackles","Berserk","Shockwave","Bite","Bite","Bite","Flame Barrier+1","Dual Wield+1","True Grit+1","Shockwave+1","Dark Shackles"],"relics":["Burning Blood","Oddly Smooth Stone","PreservedInsect","Akabeko","Vajra","Ancient Tea Set","ClockworkSouvenir","Coffee Dripper","Thread and Needle","Charon\u0027s Ashes","Bag of Marbles","Blood Vial","Omamori","Empty Cage"],"acts_visited":["Exordium","TheCity","TheBeyond"],"potions_floor_usage":[11,16,20,33,33],"damage_taken":[{"damage":10,"enemies":"Cultist","floor":1,"turns":5},{"damage":6,"enemies":"2 Louse","floor":2,"turns":4},{"damage":14,"enemies":"Jaw Worm","floor":3,"turns":4},{"damage":4,"enemies":"2 Fungi Beasts","floor":5,"turns":3},{"damage":34,"enemies":"Gremlin Nob","floor":7,"turns":5},{"damage":1,"enemies":"3 Louse","floor":8,"turns":6},{"damage":9,"enemies":"Lagavulin","floor":10,"turns":5},{"damage":0,"enemies":"Exordium Wildlife","floor":11,"turns":1},{"damage":12,"enemies":"Gremlin Nob","floor":12,"turns":3},{"damage":1,"enemies":"Blue Slaver","floor":13,"turns":5},{"damage":16,"enemies":"The Guardian","floor":16,"turns":13},{"damage":6,"enemies":"Spheric Guardian","floor":18,"turns":5},{"damage":0,"enemies":"Chosen","floor":20,"turns":4},{"damage":3,"enemies":"Centurion and Healer","floor":22,"turns":7},{"damage":27,"enemies":"Slavers","floor":24,"turns":6},{"damage":0,"enemies":"Book of Stabbing","floor":27,"turns":2},{"damage":4,"enemies":"Shelled Parasite and Fungi","floor":28,"turns":5},{"damage":3,"enemies":"Slavers","floor":29,"turns":2},{"damage":0,"enemies":"Sentry and Sphere","floor":31,"turns":5},{"damage":71,"enemies":"Collector","floor":33,"turns":15},{"damage":0,"enemies":"3 Darklings","floor":35,"turns":3},{"damage":62,"enemies":"2 Orb Walkers","floor":39,"turns":7}],"seed_played":"2410987351412966943","potions_obtained":[{"floor":1,"key":"Ancient Potion"},{"floor":5,"key":"Explosive Potion"},{"floor":10,"key":"Weak Potion"},{"floor":12,"key":"SkillPotion"},{"floor":16,"key":"SkillPotion"},{"floor":18,"key":"LiquidMemories"},{"floor":29,"key":"Strength Potion"},{"floor":33,"key":"CultistPotion"}],"is_trial":false,"path_per_floor":["M","M","M","?","M","R","E","M","T","E","M","E","M","$","R","B",null,"M","?","M","?","M","R","E","R","T","E","M","E","R","M","R","B",null,"M","?","?","$","?"],"character_chosen":"IRONCLAD","items_purchased":["Infernal Blade","Dark Shackles","ClockworkSouvenir"],"campfire_rested":0,"item_purchase_floors":[14,14,14],"current_hp_per_floor":[68,68,60,57,59,59,31,36,36,33,39,33,38,38,38,28,67,67,56,56,56,56,56,45,45,45,55,56,56,56,56,56,21,47,56,56,46,46,0,0],"gold":266,"neow_bonus":"REMOVE_CARD","is_daily":false,"chose_seed":false,"campfire_upgraded":5,"win_rate":0.0,"timestamp":1611504044,"path_taken":["M","M","?","?","M","R","E","M","T","E","M","E","M","$","R","BOSS","M","?","M","?","M","R","E","R","T","E","M","E","R","M","R","BOSS","M","?","?","?","?"],"items_purchased_type":["Card","Card","Relic"],"build_version":"2020-12-22","purchased_purges":1,"victory":false,"max_hp_per_floor":[80,80,80,80,80,80,80,80,80,80,80,80,80,80,80,80,80,80,56,56,56,56,56,56,56,56,56,56,56,56,56,56,56,56,56,56,56,56,56,56],"relic_stats":{"Blood Vial":5,"counters":[22,115],"PreservedInsect":183,"Charon\u0027s Ashes":[134],"obtain_stats":[{"Oddly Smooth Stone":4,"Vajra":10,"Thread and Needle":21,"PreservedInsect":7,"Charon\u0027s Ashes":24,"Omamori":29,"Ancient Tea Set":12,"Empty Cage":34,"Burning Blood":0,"Akabeko":9,"ClockworkSouvenir":14,"Blood Vial":27,"Coffee Dripper":17,"Bag of Marbles":26},{"Oddly Smooth Stone":3,"Vajra":7,"Thread and Needle":13,"PreservedInsect":5,"Charon\u0027s Ashes":15,"Omamori":18,"Ancient Tea Set":9,"Empty Cage":20,"Burning Blood":0,"Akabeko":6,"ClockworkSouvenir":10,"Blood Vial":16,"Coffee Dripper":11,"Bag of Marbles":15},{"Oddly Smooth Stone":13,"Vajra":32,"Thread and Needle":63,"PreservedInsect":21,"Charon\u0027s Ashes":76,"Omamori":85,"Ancient Tea Set":36,"Empty Cage":105,"Burning Blood":0,"Akabeko":27,"ClockworkSouvenir":41,"Blood Vial":78,"Coffee Dripper":54,"Bag of Marbles":76}],"Burning Blood":96},"card_choices":[{"not_picked":["Ghostly Armor","Anger"],"picked":"Uppercut","floor":1},{"not_picked":["Dual Wield","Body Slam"],"picked":"Armaments","floor":2},{"not_picked":["Heavy Blade","Double Tap"],"picked":"Warcry","floor":3},{"not_picked":["Thunderclap","Clash"],"picked":"Whirlwind","floor":5},{"not_picked":["Headbutt","True Grit"],"picked":"Feel No Pain","floor":7},{"not_picked":["Havoc","Heavy Blade"],"picked":"Shrug It Off","floor":8},{"not_picked":["Blood for Blood","Armaments","Flex"],"picked":"SKIP","floor":10},{"not_picked":["Clash","Pommel Strike","Sword Boomerang"],"picked":"SKIP","floor":11},{"not_picked":["Pommel Strike","Brutality","Armaments"],"picked":"SKIP","floor":12},{"not_picked":["Clash","Whirlwind","Iron Wave"],"picked":"SKIP","floor":13},{"not_picked":["Demon Form","Impervious"],"picked":"Berserk","floor":16},{"not_picked":["Armaments","Uppercut+1"],"picked":"Shockwave","floor":18},{"not_picked":["Sword Boomerang","Metallicize","Heavy Blade"],"picked":"SKIP","floor":20},{"not_picked":["Whirlwind","Carnage+1"],"picked":"Flame Barrier+1","floor":22},{"not_picked":["Perfected Strike+1","Spot Weakness"],"picked":"Intimidate+1","floor":24},{"not_picked":["Cleave","Clothesline","Iron Wave"],"picked":"SKIP","floor":27},{"not_picked":["Headbutt+1","Entrench","Searing Blow+1"],"picked":"SKIP","floor":28},{"not_picked":["Iron Wave+1","Demon Form"],"picked":"Dual Wield","floor":29},{"not_picked":["Wild Strike","Cleave"],"picked":"True Grit+1","floor":31},{"not_picked":["Cleave+1","Perfected Strike+1"],"picked":"Shockwave+1","floor":35},{"not_picked":["Jack Of All Trades","Good Instincts"],"picked":"Dark Shackles","floor":37}],"player_experience":654380,"relics_obtained":[{"floor":7,"key":"PreservedInsect"},{"floor":9,"key":"Akabeko"},{"floor":10,"key":"Vajra"},{"floor":12,"key":"Ancient Tea Set"},{"floor":24,"key":"Charon\u0027s Ashes"},{"floor":26,"key":"Bag of Marbles"},{"floor":27,"key":"Blood Vial"},{"floor":29,"key":"Omamori"}],"event_choices":[{"damage_healed":0,"gold_gain":0,"player_choice":"Success","damage_taken":3,"relics_obtained":["Oddly Smooth Stone"],"max_hp_gain":0,"max_hp_loss":0,"event_name":"Scrap Ooze","floor":4,"gold_loss":0},{"damage_healed":0,"gold_gain":0,"player_choice":"Became a vampire","damage_taken":0,"max_hp_gain":0,"max_hp_loss":24,"event_name":"Vampires","floor":19,"gold_loss":0,"cards_obtained":["Bite","Bite","Bite","Bite","Bite"]},{"damage_healed":0,"gold_gain":0,"player_choice":"Obtained Relic","damage_taken":0,"relics_obtained":["Thread and Needle"],"max_hp_gain":0,"max_hp_loss":0,"event_name":"Addict","floor":21,"gold_loss":85},{"cards_removed":["Intimidate"],"damage_healed":0,"gold_gain":0,"player_choice":"Removed Skill","damage_taken":0,"max_hp_gain":0,"max_hp_loss":0,"event_name":"Falling","floor":36,"gold_loss":0},{"damage_healed":0,"gold_gain":0,"player_choice":"Memory 3","damage_taken":10,"max_hp_gain":0,"max_hp_loss":0,"event_name":"SensoryStone","floor":37,"gold_loss":0},{"damage_healed":0,"gold_gain":0,"player_choice":"Fight","damage_taken":0,"max_hp_gain":0,"max_hp_loss":0,"event_name":"Mysterious Sphere","floor":39,"gold_loss":0}],"is_beta":false,"boss_relics":[{"not_picked":["Ectoplasm","SlaversCollar"],"picked":"Coffee Dripper"},{"not_picked":["Sozu","Fusion Hammer"],"picked":"Empty Cage"}],"items_purged_floors":[38],"is_endless":false,"potions_floor_spawned":[1,5,10,12,13,16,18,29,33],"killed_by":"2 Orb Walkers","ascension_level":11}}