{"host":"v9oq5ccz01n9mezq","time":1611516023,"event":{"mods":["BaseMod","Colored Map","Minty Spire (QoL Compilation)"],"gold_per_floor":[214,214,231,251,251,251,271,271,271,118,147,147,159,194,194,298,298,313,313,328,23,23,55,55,90,117,117,117,48,48,59,59,161,161,172,226,226,79,95,124,124,124,124,150,150,181,197,216,216,216],"floor_reached":51,"language":"ENG","playtime":2721,"items_purged":["Strike_G","Strike_G"],"score":1050,"play_id":"b2e65b10-212a-4241-bba0-83d512a7f264","local_time":"20210124142023","is_ascension_mode":true,"campfire_choices":[{"data":"Neutralize","floor":6,"key":"SMITH"},{"data":"Leg Sweep","floor":8,"key":"SMITH"},{"data":"Skewer","floor":12,"key":"SMITH"},{"data":"Die Die Die","floor":15,"key":"SMITH"},{"data":"Venomology","floor":24,"key":"SMITH"},{"data":"Poisoned Stab","floor":28,"key":"SMITH"},{"data":"Burst","floor":32,"key":"SMITH"},{"data":"Backflip","floor":41,"key":"SMITH"},{"data":"Adrenaline","floor":45,"key":"SMITH"},{"data":"Caltrops","floor":49,"key":"SMITH"}],"circlet_count":0,"master_deck":["Strike_G+1","Strike_G+1","Strike_G+1","Defend_G+1","Defend_G+1","Defend_G+1","Defend_G+1","Defend_G+1","Survivor","Neutralize+1","Quick Slash","Noxious Fumes+1","Deflect","Leg Sweep+1","Skewer+1","Die Die Die+1","Poisoned Stab+1","Venomology+1","Bane+1","Prepared","Blade Dance+1","Necronomicurse","Blur","PiercingWail","Burst+1","Adrenaline+1","Footwork+1","Caltrops+1","Corpse Explosion","Backflip+1","Flying Knee+1"],"relics":["Ring of the Snake","Pocketwatch","Bottled Flame","Potion Belt","Happy Flower","SacredBark","MutagenicStrength","Medical Kit","Prayer Wheel","FossilizedHelix","Bronze Scales","Necronomicon","Cursed Key","The Specimen","PreservedInsect","Letter Opener","Ginger","Du-Vu Doll"],"acts_visited":["Exordium","TheCity","TheBeyond"],"potions_floor_usage":[16,16,23,23,23,25,25,33,33,33,39,40,40,44,44,47,48,50,50,50],"damage_taken":[{"damage":3,"enemies":"Jaw Worm","floor":1,"turns":5},{"damage":0,"enemies":"2 Louse","floor":3,"turns":3},{"damage":1,"enemies":"Cultist","floor":4,"turns":3},{"damage":0,"enemies":"Large Slime","floor":7,"turns":6},{"damage":5,"enemies":"Lagavulin","floor":11,"turns":7},{"damage":0,"enemies":"Blue Slaver","floor":13,"turns":4},{"damage":7,"enemies":"3 Sentries","floor":14,"turns":6},{"damage":7,"enemies":"Slime Boss","floor":16,"turns":8},{"damage":0,"enemies":"Shell Parasite","floor":18,"turns":9},{"damage":2,"enemies":"3 Byrds","floor":20,"turns":4},{"damage":23,"enemies":"Book of Stabbing","floor":23,"turns":6},{"damage":0,"enemies":"Gremlin Leader","floor":25,"turns":4},{"damage":5,"enemies":"Shelled Parasite and Fungi","floor":31,"turns":5},{"damage":11,"enemies":"Collector","floor":33,"turns":6},{"damage":0,"enemies":"3 Shapes","floor":35,"turns":4},{"damage":0,"enemies":"2 Orb Walkers","floor":36,"turns":5},{"damage":0,"enemies":"3 Darklings","floor":39,"turns":6},{"damage":9,"enemies":"Giant Head","floor":40,"turns":6},{"damage":0,"enemies":"Nemesis","floor":44,"turns":1},{"damage":0,"enemies":"Reptomancer","floor":46,"turns":3},{"damage":4,"enemies":"Transient","floor":47,"turns":5},{"damage":0,"enemies":"Spire Growth","floor":48,"turns":4},{"damage":4,"enemies":"Time Eater","floor":50,"turns":6}],"seed_played":"748199671320502111","potions_obtained":[{"floor":1,"key":"Weak Potion"},{"floor":11,"key":"AttackPotion"},{"floor":13,"key":"SpeedPotion"},{"floor":14,"key":"Regen Potion"},{"floor":18,"key":"SteroidPotion"},{"floor":23,"key":"PowerPotion"},{"floor":33,"key":"Fire Potion"},{"floor":36,"key":"Block Potion"},{"floor":40,"key":"Energy Potion"},{"floor":46,"key":"FearPotion"},{"floor":47,"key":"Strength Potion"}],"is_trial":false,"path_per_floor":["M","?","M","M","?","R","M","R","T","$","E","R","M","E","R","B",null,"M","?","M","$","?","E","R","E","T","?","R","$","?","M","R","B",null,"M","?","?","$","M","E","R","?","T","E","R","E","M","M","R","B",null],"character_chosen":"THE_SILENT","items_purchased":["Skewer","Medical Kit","AttackPotion","Blur","PreservedInsect"],"campfire_rested":0,"item_purchase_floors":[10,21,21,29,38],"current_hp_per_floor":[67,55,55,54,54,54,54,54,54,54,49,49,49,42,42,35,70,70,70,68,68,55,67,67,67,67,51,51,51,51,46,46,35,75,75,75,75,75,75,66,66,66,66,66,66,66,62,62,62,58],"gold":216,"neow_bonus":"HUNDRED_GOLD","is_daily":false,"chose_seed":false,"campfire_upgraded":10,"win_rate":0.0,"timestamp":1611516023,"path_taken":["M","?","M","M","?","R","M","R","T","$","E","R","M","E","R","BOSS","M","?","M","$","?","E","R","E","T","?","R","$","?","M","R","BOSS","M","?","?","$","?","E","R","?","T","E","R","E","M","M","R","BOSS"],"items_purchased_type":["Card","Relic","Potion","Card","Relic"],"build_version":"2020-12-22","purchased_purges":2,"victory":true,"max_hp_per_floor":[70,70,70,70,70,70,70,70,70,70,70,70,70,70,70,70,70,70,70,70,70,75,75,75,75,75,75,75,75,75,75,75,75,75,75,75,75,75,75,75,75,71,71,71,71,71,71,71,71,71],"card_choices":[{"not_picked":["Distraction","Prepared"],"picked":"Quick Slash","floor":1},{"not_picked":["Sucker Punch","Dodge and Roll"],"picked":"Noxious Fumes","floor":3},{"not_picked":["Underhanded Strike","Flechettes"],"picked":"Deflect","floor":4},{"not_picked":["Expertise","Dodge and Roll"],"picked":"Leg Sweep","floor":7},{"not_picked":["Distraction","Quick Slash"],"picked":"Die Die Die","floor":11},{"not_picked":["All Out Attack","Cloak And Dagger"],"picked":"Poisoned Stab","floor":13},{"not_picked":["All Out Attack","Underhanded Strike","Dagger Spray"],"picked":"SKIP","floor":14},{"not_picked":["Tools of the Trade","Unload"],"picked":"Venomology","floor":16},{"not_picked":["Slice","Sucker Punch"],"picked":"Bane+1","floor":18},{"not_picked":["Reflex","Dagger Throw+1","Underhanded Strike+1"],"picked":"SKIP","floor":20},{"not_picked":["Envenom","Cloak And Dagger"],"picked":"Prepared","floor":23},{"not_picked":["Dagger Spray","Poisoned Stab"],"picked":"Blade Dance+1","floor":25},{"not_picked":["Sucker Punch","Predator"],"picked":"PiercingWail","floor":31},{"not_picked":["Backstab","Expertise"],"picked":"Burst","floor":31},{"not_picked":["A Thousand Cuts","Wraith Form v2"],"picked":"Adrenaline","floor":33},{"not_picked":["Flechettes+1","Bane+1"],"picked":"Footwork+1","floor":35},{"not_picked":["Sucker Punch+1","Eviscerate","Skewer"],"picked":"SKIP","floor":35},{"not_picked":["Sucker Punch+1","Deflect+1"],"picked":"Corpse Explosion","floor":39},{"not_picked":["Dagger Throw+1","Deflect+1","Dodge and Roll"],"picked":"SKIP","floor":39},{"not_picked":["Well Laid Plans","Tactician"],"picked":"Backflip","floor":40},{"not_picked":["Dash","Dagger Spray","Underhanded Strike+1"],"picked":"SKIP","floor":44},{"not_picked":["Cloak And Dagger","Outmaneuver"],"picked":"Flying Knee+1","floor":46},{"not_picked":["All Out Attack+1","Blade Dance+1","Dodge and Roll"],"picked":"SKIP","floor":47},{"not_picked":["Eviscerate","Poisoned Stab+1","Leg Sweep+1"],"picked":"SKIP","floor":47},{"not_picked":["Slice+1","Prepared+1","Outmaneuver"],"picked":"SKIP","floor":48},{"not_picked":["Flying Knee","Backstab","Tools of the Trade"],"picked":"SKIP","floor":48}],"player_experience":114864,"relics_obtained":[{"floor":9,"key":"Bottled Flame"},{"floor":11,"key":"Potion Belt"},{"floor":14,"key":"Happy Flower"},{"floor":23,"key":"Prayer Wheel"},{"floor":25,"key":"FossilizedHelix"},{"floor":26,"key":"Bronze Scales"},{"floor":27,"key":"Necronomicon"},{"floor":36,"key":"The Specimen"},{"floor":40,"key":"Letter Opener"},{"floor":44,"key":"Ginger"},{"floor":46,"key":"Du-Vu Doll"}],"event_choices":[{"damage_healed":0,"gold_gain":0,"player_choice":"Success","damage_taken":12,"relics_obtained":["Pocketwatch"],"max_hp_gain":0,"max_hp_loss":0,"event_name":"Scrap Ooze","floor":2,"gold_loss":0},{"damage_healed":0,"gold_gain":0,"player_choice":"Upgraded","damage_taken":0,"max_hp_gain":0,"max_hp_loss":0,"event_name":"Upgrade Shrine","floor":5,"gold_loss":0,"cards_upgraded":["Noxious Fumes"]},{"damage_healed":0,"gold_gain":0,"player_choice":"Inject Mutagens","damage_taken":0,"relics_obtained":["MutagenicStrength"],"max_hp_gain":0,"max_hp_loss":0,"event_name":"Drug Dealer","floor":19,"gold_loss":0},{"damage_healed":0,"gold_gain":0,"player_choice":"Shed Blood","damage_taken":18,"max_hp_gain":5,"max_hp_loss":0,"event_name":"Forgotten Altar","floor":22,"gold_loss":0},{"damage_healed":0,"gold_gain":0,"player_choice":"Obtained Book","damage_taken":16,"max_hp_gain":0,"max_hp_loss":0,"event_name":"Cursed Tome","floor":27,"gold_loss":0},{"damage_healed":0,"gold_gain":0,"player_choice":"Simplicity","damage_taken":0,"max_hp_gain":0,"max_hp_loss":0,"event_name":"Back to Basics","floor":30,"gold_loss":0,"cards_upgraded":["Strike_G","Strike_G","Strike_G","Defend_G","Defend_G","Defend_G","Defend_G","Defend_G"]},{"damage_healed":0,"gold_gain":0,"player_choice":"Fight","damage_taken":0,"max_hp_gain":0,"max_hp_loss":0,"event_name":"Mysterious Sphere","floor":36,"gold_loss":0},{"damage_healed":0,"gold_gain":0,"player_choice":"1 cards matched","damage_taken":0,"max_hp_gain":0,"max_hp_loss":0,"event_name":"Match and Keep!","floor":37,"gold_loss":0,"cards_obtained":["Caltrops"]},{"damage_healed":0,"gold_gain":0,"player_choice":"Max HP","damage_taken":0,"max_hp_gain":0,"max_hp_loss":4,"event_name":"Winding Halls","floor":42,"gold_loss":0}],"is_beta":false,"boss_relics":[{"not_picked":["Ring of the Serpent","Calling Bell"],"picked":"SacredBark"},{"not_picked":["Astrolabe","Black Star"],"picked":"Cursed Key"}],"items_purged_floors":[10,21],"is_endless":false,"potions_floor_spawned":[1,11,13,14,18,23,33,36,40,46,47],"ascension_level":3}}