{"host":"d6c1my71jrq4jqot","time":1611447695,"event":{"mods":["AchievementEnabler","BaseMod","Colored Powertips","Minty Spire (QoL Compilation)","Relic Stats","Slay the Relics Exporter"],"gold_per_floor":[118,128,128,141,141,166,184,184,184,216,226,252,265,265,265,337,337,350,364,364,279,279,279,7,41,118,146,160,172,172,186,186,259,259,269,281,281,294,294,294,328,341,341,374,385,405,405,415,415,415,415,415,48,83,83],"floor_reached":56,"language":"ENG","playtime":3556,"items_purged":[],"score":2050,"play_id":"0b837fce-84ab-43e5-b0e1-2a89615416f0","local_time":"20210123222135","is_ascension_mode":true,"campfire_choices":[{"data":"Crippling Poison","floor":8.0,"key":"SMITH"},{"data":"Cloak And Dagger","floor":15.0,"key":"SMITH"},{"data":"Cloak And Dagger","floor":23.0,"key":"SMITH"},{"data":"Calculated Gamble","floor":30.0,"key":"SMITH"},{"floor":32.0,"key":"REST"},{"data":"Panache","floor":40.0,"key":"SMITH"},{"data":"Riddle With Holes","floor":47.0,"key":"SMITH"},{"floor":49.0,"key":"RECALL"},{"data":"Blade Dance","floor":52.0,"key":"SMITH"}],"circlet_count":0,"master_deck":["AscendersBane","Strike_G+1","Strike_G+1","Strike_G+1","Strike_G+1","Strike_G+1","Defend_G+1","Defend_G+1","Defend_G+1","Defend_G+1","Defend_G+1","Survivor","Neutralize","Dash+1","Dagger Throw","Crippling Poison+1","Cloak And Dagger+1","Phantasmal Killer","Infinite Blades","Cloak And Dagger+1","Blade Dance+1","Bullet Time+1","Crippling Poison+1","Calculated Gamble+1","Backstab","Acrobatics+1","Dagger Throw","Blur+1","Cloak And Dagger+1","Deflect+1","Terror+1","Tools of the Trade","Venomology+1","Blur+1","Good Instincts+1","Panache+1","Dark Shackles+1","Backflip+1","Backstab+1","Riddle With Holes+1","Concentrate+1","Blade Dance+1"],"relics":["Ring of the Snake","Mango","Art of War","Lantern","Shuriken","Ornamental Fan","HoveringKite","The Courier","HornCleat","Blood Vial","Toxic Egg 2","Regal Pillow","Runic Pyramid","Letter Opener","Oddly Smooth Stone","War Paint","Dead Branch","The Specimen"],"acts_visited":["Exordium","TheCity","TheBeyond","TheEnding"],"potions_floor_usage":[55,55],"damage_taken":[{"damage":1.0,"enemies":"Cultist","floor":1.0,"turns":5.0},{"damage":0.0,"enemies":"2 Louse","floor":2.0,"turns":3.0},{"damage":5.0,"enemies":"Small Slimes","floor":4.0,"turns":3.0},{"damage":12.0,"enemies":"Gremlin Nob","floor":6.0,"turns":4.0},{"damage":0.0,"enemies":"Looter","floor":7.0,"turns":4.0},{"damage":23.0,"enemies":"Lagavulin","floor":10.0,"turns":8.0},{"damage":0.0,"enemies":"2 Fungi Beasts","floor":11.0,"turns":2.0},{"damage":14.0,"enemies":"3 Sentries","floor":12.0,"turns":7.0},{"damage":0.0,"enemies":"Large Slime","floor":13.0,"turns":4.0},{"damage":2.0,"enemies":"Hexaghost","floor":16.0,"turns":7.0},{"damage":0.0,"enemies":"Spheric Guardian","floor":18.0,"turns":3.0},{"damage":0.0,"enemies":"Chosen","floor":19.0,"turns":5.0},{"damage":21.0,"enemies":"Slavers","floor":25.0,"turns":4.0},{"damage":13.0,"enemies":"Book of Stabbing","floor":27.0,"turns":5.0},{"damage":10.0,"enemies":"Snake Plant","floor":28.0,"turns":4.0},{"damage":0.0,"enemies":"Centurion and Healer","floor":29.0,"turns":4.0},{"damage":0.0,"enemies":"Chosen and Byrds","floor":31.0,"turns":4.0},{"damage":52.0,"enemies":"Collector","floor":33.0,"turns":9.0},{"damage":0.0,"enemies":"3 Darklings","floor":35.0,"turns":4.0},{"damage":4.0,"enemies":"3 Shapes","floor":36.0,"turns":3.0},{"damage":0.0,"enemies":"Transient","floor":38.0,"turns":6.0},{"damage":4.0,"enemies":"Reptomancer","floor":41.0,"turns":6.0},{"damage":11.0,"enemies":"Writhing Mass","floor":42.0,"turns":6.0},{"damage":1.0,"enemies":"Nemesis","floor":44.0,"turns":7.0},{"damage":2.0,"enemies":"3 Darklings","floor":45.0,"turns":3.0},{"damage":0.0,"enemies":"Maw","floor":46.0,"turns":6.0},{"damage":6.0,"enemies":"Sphere and 2 Shapes","floor":48.0,"turns":5.0},{"damage":10.0,"enemies":"Donu and Deca","floor":50.0,"turns":6.0},{"damage":1.0,"enemies":"Shield and Spear","floor":54.0,"turns":8.0},{"damage":46,"enemies":"The Heart","floor":55,"turns":8}],"seed_played":"-5856642626807487744","potions_obtained":[{"floor":1.0,"key":"FearPotion"},{"floor":4.0,"key":"EssenceOfSteel"},{"floor":5.0,"key":"Block Potion"},{"floor":6.0,"key":"Energy Potion"},{"floor":12.0,"key":"SneckoOil"},{"floor":19.0,"key":"FairyPotion"},{"floor":25.0,"key":"Regen Potion"}],"is_trial":false,"path_per_floor":["M","M","?","M","?","E","M","R","T","E","M","E","M","?","R","B",null,"M","M","?","?","?","R","$","E","T","E","M","M","R","M","R","B",null,"M","M","?","M","?","R","E","M","T","E","M","M","R","M","R","B",null,"R","$","E","B",null],"character_chosen":"THE_SILENT","items_purchased":["HornCleat","Acrobatics","Dead Branch","Concentrate+1","SpeedPotion"],"campfire_rested":1,"item_purchase_floors":[24,24,53,53,53],"current_hp_per_floor":[72,72,72,67,67,55,55,55,55,32,32,18,18,18,18,16,60,60,60,60,60,60,60,60,39,39,28,20,22,22,24,61,11,58,60,58,58,60,50,50,63,54,54,55,55,57,57,53,53,45,67,67,67,68,24],"gold":83,"neow_bonus":"ONE_RARE_RELIC","is_daily":false,"chose_seed":false,"campfire_upgraded":7,"win_rate":0.0,"timestamp":1611447695,"path_taken":["M","M","?","?","?","E","M","R","T","E","?","E","M","?","R","BOSS","M","M","?","?","?","R","$","E","T","E","M","M","R","?","R","BOSS","M","M","?","?","?","R","E","M","T","E","M","M","R","M","R","BOSS","R","$","E","BOSS"],"items_purchased_type":["Relic","Card","Relic","Card","Potion"],"build_version":"2020-12-22","purchased_purges":0,"victory":true,"max_hp_per_floor":[74,74,74,74,74,74,74,74,74,74,74,74,74,74,74,74,74,74,74,74,74,74,74,74,74,74,74,74,74,74,74,74,74,74,74,74,74,74,74,74,74,74,74,74,74,74,74,74,74,74,74,74,74,74,74],"relic_stats":{"Blood Vial":34,"Regal Pillow":15,"counters":[30,153],"Shuriken":[105],"Ornamental Fan":[408],"Dead Branch":[46],"HoveringKite":[76],"Art of War":[8],"Letter Opener":[205],"War Paint":["Bullet Time","Acrobatics"],"obtain_stats":[{"Lantern":9,"Regal Pillow":27,"The Specimen":54,"Dead Branch":53,"HoveringKite":17,"Oddly Smooth Stone":41,"Mango":0,"The Courier":21,"Letter Opener":37,"War Paint":44,"Blood Vial":25,"HornCleat":24,"Shuriken":10,"Ornamental Fan":12,"Art of War":6,"Toxic Egg 2":26,"Ring of the Snake":0,"Runic Pyramid":34},{"Lantern":5,"Regal Pillow":14,"The Specimen":29,"Dead Branch":28,"HoveringKite":10,"Oddly Smooth Stone":22,"Mango":0,"The Courier":12,"Letter Opener":20,"War Paint":24,"Blood Vial":13,"HornCleat":12,"Shuriken":6,"Ornamental Fan":8,"Art of War":4,"Toxic Egg 2":13,"Ring of the Snake":0,"Runic Pyramid":18},{"Lantern":19,"Regal Pillow":64,"The Specimen":145,"Dead Branch":137,"HoveringKite":47,"Oddly Smooth Stone":104,"Mango":0,"The Courier":55,"Letter Opener":92,"War Paint":117,"Blood Vial":59,"HornCleat":55,"Shuriken":27,"Ornamental Fan":36,"Art of War":15,"Toxic Egg 2":59,"Ring of the Snake":0,"Runic Pyramid":85}],"Ring of the Snake":[60]},"card_choices":[{"not_picked":["Dodge and Roll","Crippling Poison"],"picked":"Dash","floor":1.0},{"not_picked":["Outmaneuver","Choke"],"picked":"Dagger Throw","floor":2.0},{"not_picked":["Dagger Throw","Dodge and Roll"],"picked":"Crippling Poison","floor":4.0},{"not_picked":["Riddle With Holes","Eviscerate"],"picked":"Cloak And Dagger","floor":6.0},{"not_picked":["Slice","Deflect"],"picked":"Phantasmal Killer","floor":7.0},{"not_picked":["PiercingWail","Reflex"],"picked":"Infinite Blades","floor":10.0},{"not_picked":["Underhanded Strike","Poisoned Stab"],"picked":"Cloak And Dagger","floor":11.0},{"not_picked":["Dodge and Roll","Envenom"],"picked":"Blade Dance","floor":12.0},{"not_picked":["Underhanded Strike","Slice","Cloak And Dagger"],"picked":"SKIP","floor":13.0},{"not_picked":["Unload","Grand Finale"],"picked":"Bullet Time","floor":16.0},{"not_picked":["Dodge and Roll","Deadly Poison"],"picked":"Crippling Poison+1","floor":18.0},{"not_picked":["Masterful Stab+1","Bane"],"picked":"Calculated Gamble","floor":19.0},{"not_picked":["Cloak And Dagger","Bane"],"picked":"Dagger Throw","floor":25.0},{"not_picked":["Unload","Poisoned Stab"],"picked":"Blur+1","floor":27.0},{"not_picked":["Sucker Punch","Choke"],"picked":"Cloak And Dagger+1","floor":28.0},{"not_picked":["Concentrate+1","Sucker Punch"],"picked":"Deflect+1","floor":29.0},{"not_picked":["Distraction+1","Flying Knee"],"picked":"Terror+1","floor":31.0},{"not_picked":["Grand Finale","After Image"],"picked":"Tools of the Trade","floor":33.0},{"not_picked":["Predator","Expertise+1","Dagger Throw"],"picked":"SKIP","floor":35.0},{"not_picked":["Underhanded Strike+1","Acrobatics+1"],"picked":"Venomology+1","floor":36.0},{"not_picked":["Underhanded Strike","Slice"],"picked":"Blur+1","floor":38.0},{"not_picked":["Trip+1","Enlightenment+1"],"picked":"Good Instincts+1","floor":39.0},{"not_picked":["Magnetism","Swift Strike"],"picked":"Panache","floor":39.0},{"not_picked":["Apotheosis+1","Transmutation+1"],"picked":"Dark Shackles+1","floor":39.0},{"not_picked":["Quick Slash","Poisoned Stab","Sucker Punch"],"picked":"SKIP","floor":41.0},{"not_picked":["Distraction+1","Dash"],"picked":"Backflip+1","floor":42.0},{"not_picked":["Flying Knee","Deflect+1"],"picked":"Backstab+1","floor":44.0},{"not_picked":["Terror+1","Bouncing Flask+1","Bane"],"picked":"SKIP","floor":45.0},{"not_picked":["Catalyst+1","Deflect+1"],"picked":"Riddle With Holes","floor":46.0},{"not_picked":["Quick Slash","Bullet Time+1","Bane"],"picked":"SKIP","floor":48.0},{"not_picked":["Deflect+1","Poisoned Stab+1"],"picked":"Blade Dance+1","floor":54.0}],"player_experience":642070,"relics_obtained":[{"floor":6.0,"key":"Art of War"},{"floor":9.0,"key":"Lantern"},{"floor":10.0,"key":"Shuriken"},{"floor":12.0,"key":"Ornamental Fan"},{"floor":25.0,"key":"Blood Vial"},{"floor":26.0,"key":"Toxic Egg 2"},{"floor":27.0,"key":"Regal Pillow"},{"floor":41.0,"key":"Oddly Smooth Stone"},{"floor":44.0,"key":"War Paint"},{"floor":54.0,"key":"The Specimen"}],"event_choices":[{"damage_healed":0.0,"max_hp_gain":0.0,"max_hp_loss":0.0,"gold_gain":0.0,"event_name":"Upgrade Shrine","player_choice":"Upgraded","floor":3.0,"gold_loss":0.0,"damage_taken":0.0,"cards_upgraded":["Dash"]},{"damage_healed":0.0,"max_hp_gain":0.0,"max_hp_loss":0.0,"gold_gain":0.0,"event_name":"Lab","player_choice":"Got Potions","floor":5.0,"gold_loss":0.0,"damage_taken":0.0},{"damage_healed":0.0,"max_hp_gain":0.0,"max_hp_loss":0.0,"gold_gain":0.0,"event_name":"Liars Game","player_choice":"Ignored","floor":14.0,"gold_loss":0.0,"damage_taken":0.0},{"damage_healed":0.0,"max_hp_gain":0.0,"max_hp_loss":0.0,"gold_gain":0.0,"event_name":"The Library","player_choice":"Read","floor":20.0,"gold_loss":0.0,"damage_taken":0.0,"cards_obtained":["Backstab"]},{"damage_healed":0.0,"max_hp_gain":0.0,"max_hp_loss":0.0,"gold_gain":0.0,"event_name":"Addict","player_choice":"Obtained Relic","floor":21.0,"gold_loss":85.0,"damage_taken":0.0,"relics_obtained":["The Courier"]},{"damage_healed":0.0,"max_hp_gain":0.0,"max_hp_loss":0.0,"gold_gain":0.0,"event_name":"Back to Basics","player_choice":"Simplicity","floor":22.0,"gold_loss":0.0,"damage_taken":0.0,"cards_upgraded":["Strike_G","Strike_G","Strike_G","Strike_G","Strike_G","Defend_G","Defend_G","Defend_G","Defend_G","Defend_G"]},{"damage_healed":0.0,"max_hp_gain":0.0,"max_hp_loss":0.0,"gold_gain":0.0,"event_name":"WeMeetAgain","player_choice":"Gave Potion","floor":37.0,"gold_loss":0.0,"damage_taken":0.0,"relics_obtained":["Letter Opener"]},{"damage_healed":0.0,"max_hp_gain":0.0,"max_hp_loss":0.0,"gold_gain":0.0,"event_name":"SensoryStone","player_choice":"Memory 3","floor":39.0,"gold_loss":0.0,"damage_taken":10.0}],"is_beta":false,"boss_relics":[{"not_picked":["Ectoplasm","WristBlade"],"picked":"HoveringKite"},{"not_picked":["Astrolabe","Ring of the Serpent"],"picked":"Runic Pyramid"}],"items_purged_floors":[],"is_endless":false,"potions_floor_spawned":[1,4,6,12,19,25,27,36,41,44,45],"ascension_level":17}}