{"host":"17uzppmr1r5fe5jj","time":1611505205,"event":{"mods":["BaseMod","Minty Spire (QoL Compilation)","Quick Restart","StSLib","[IsaacMod]ÒÔÈö¼âËþ"],"gold_per_floor":[117,117,117,135,60,92,105,123,147,160,160,180,180,180,180,277,277,288,50,50,70,85,115,130,130,130,130,22,22,45,58,58,153,153,168,44,64,64,74,74,109,122,122,138,138,164,164,189,189,189],"floor_reached":51,"language":"ZHS","playtime":2861,"items_purged":["Strike_R","Strike_R","Defend_R","Strike_R"],"score":1013,"play_id":"909ce3e7-c753-4b75-9650-a954771ed78e","local_time":"20210125002005","is_ascension_mode":true,"campfire_choices":[{"data":"Rampage","floor":11.0,"key":"SMITH"},{"data":"Headbutt","floor":13.0,"key":"SMITH"},{"data":"Pommel Strike","floor":15.0,"key":"SMITH"},{"data":"Double Tap","floor":25.0,"key":"SMITH"},{"data":"Battle Trance","floor":27.0,"key":"SMITH"},{"data":"Sword Boomerang","floor":32.0,"key":"SMITH"},{"data":"Brutality","floor":40,"key":"SMITH"},{"data":"Bloodletting","floor":47,"key":"SMITH"},{"data":"Second Wind","floor":49,"key":"SMITH"}],"circlet_count":0,"master_deck":["Defend_R","Defend_R","Defend_R","Bash","Rampage+1","Headbutt+1","Pommel Strike+1","Bloodletting+1","Shrug It Off","Sword Boomerang+1","Brutality+1","Armaments+1","Double Tap+1","Battle Trance+1","Finesse","Second Wind+1","Burning Pact+1"],"relics":["Burning Blood","HushsDoor","D6","NeowsBlessing","Red Skull","Boot","PunchingBag","Mummified Hand","Busted Crown","Membership Card","InkBottle","TheBible","TungstenRod","Potion Belt","Runic Pyramid","Bottled Flame","UnicornStump","Blue Candle","CaptainsWheel","Shuriken"],"acts_visited":["Exordium","TheCity","TheBeyond"],"potions_floor_usage":[50],"damage_taken":[{"damage":0.0,"enemies":"2 Louse","floor":1.0,"turns":1.0},{"damage":0.0,"enemies":"Cultist","floor":4.0,"turns":1.0},{"damage":0.0,"enemies":"Lagavulin","floor":6.0,"turns":1.0},{"damage":7.0,"enemies":"Jaw Worm","floor":7.0,"turns":3.0},{"damage":11.0,"enemies":"Lots of Slimes","floor":8.0,"turns":4.0},{"damage":19.0,"enemies":"3 Louse","floor":10.0,"turns":3.0},{"damage":0.0,"enemies":"Exordium Wildlife","floor":12.0,"turns":3.0},{"damage":47.0,"enemies":"The Guardian","floor":16.0,"turns":10.0},{"damage":6.0,"enemies":"Spheric Guardian","floor":18.0,"turns":3.0},{"damage":7.0,"enemies":"2 Thieves","floor":21.0,"turns":4.0},{"damage":5.0,"enemies":"Chosen and Byrds","floor":22.0,"turns":4.0},{"damage":33.0,"enemies":"Book of Stabbing","floor":23.0,"turns":5.0},{"damage":20.0,"enemies":"Snake Plant","floor":24.0,"turns":3.0},{"damage":4.0,"enemies":"Snecko","floor":31.0,"turns":3.0},{"damage":17.0,"enemies":"Automaton","floor":33.0,"turns":7.0},{"damage":0.0,"enemies":"Orb Walker","floor":35.0,"turns":3.0},{"damage":0.0,"enemies":"3 Darklings","floor":37.0,"turns":3.0},{"damage":14,"enemies":"Spire Growth","floor":39,"turns":3},{"damage":2,"enemies":"Giant Head","floor":41,"turns":5},{"damage":6,"enemies":"Jaw Worm Horde","floor":42,"turns":4},{"damage":2,"enemies":"Maw","floor":44,"turns":4},{"damage":5,"enemies":"Nemesis","floor":46,"turns":5},{"damage":4,"enemies":"Reptomancer","floor":48,"turns":4},{"damage":51,"enemies":"Time Eater","floor":50,"turns":4}],"seed_played":"1016788442678800339","potions_obtained":[{"floor":4.0,"key":"Regen Potion"},{"floor":6.0,"key":"SpeedPotion"},{"floor":7.0,"key":"PowerPotion"},{"floor":8.0,"key":"BloodPotion"},{"floor":23.0,"key":"Fire Potion"},{"floor":24.0,"key":"Swift Potion"},{"floor":33.0,"key":"ElixirPotion"},{"floor":37.0,"key":"SteroidPotion"},{"floor":41,"key":"SpeedPotion"},{"floor":42,"key":"Block Potion"}],"is_trial":false,"path_per_floor":["M","?","?","M","$","E","M","M","T","M","R","M","R","T","R","B",null,"M","$","?","M","M","E","M","R","T","R","$","?","T","M","R","B",null,"M","$","M","?","M","R","E","M","T","M","?","E","R","E","R","B",null],"character_chosen":"IRONCLAD","items_purchased":["Membership Card","Double Tap","Finesse","Second Wind","Bottled Flame"],"campfire_rested":0,"item_purchase_floors":[19,19,28,34,36],"current_hp_per_floor":[80,80,68,74,74,80,79,74,74,61,61,67,67,67,67,41,80,80,80,80,79,80,53,55,55,55,55,55,55,55,57,57,46,70,70,70,70,70,62,62,66,66,66,70,70,70,70,70,70,25],"gold":189,"neow_bonus":"THREE_ENEMY_KILL","is_daily":false,"chose_seed":false,"campfire_upgraded":9,"win_rate":0.0,"timestamp":1611505205,"path_taken":["M","?","?","M","$","E","M","M","T","M","R","M","R","?","R","BOSS","M","?","?","M","?","E","M","R","T","R","$","?","?","?","R","BOSS","M","$","M","?","M","R","E","M","T","M","?","E","R","E","R","BOSS"],"items_purchased_type":["Relic","Card","Card","Card","Relic"],"build_version":"2020-12-22","purchased_purges":4,"victory":true,"max_hp_per_floor":[80,80,80,80,80,80,80,80,80,80,80,80,80,80,80,80,80,80,80,80,80,80,80,80,80,80,80,80,80,80,80,80,80,70,70,70,70,70,70,70,70,70,70,70,70,70,70,70,70,70],"card_choices":[{"not_picked":["Havoc","Blood for Blood"],"picked":"Rampage","floor":1.0},{"not_picked":["Clash","Shockwave"],"picked":"Headbutt","floor":4.0},{"not_picked":["Entrench","Combust"],"picked":"Pommel Strike","floor":6.0},{"not_picked":["Clash","Barricade"],"picked":"Bloodletting","floor":7.0},{"not_picked":["Flame Barrier","Rampage"],"picked":"Shrug It Off","floor":8.0},{"not_picked":["Perfected Strike","Carnage"],"picked":"Sword Boomerang","floor":10.0},{"not_picked":["Searing Blow","Clothesline","Perfected Strike"],"picked":"SKIP","floor":12.0},{"not_picked":["Corruption","Demon Form"],"picked":"Brutality","floor":16.0},{"not_picked":[],"picked":"Armaments+1","floor":18.0},{"not_picked":["Anger"],"picked":"SKIP","floor":21.0},{"not_picked":["Shrug It Off+1"],"picked":"SKIP","floor":22.0},{"not_picked":["Rage"],"picked":"SKIP","floor":23.0},{"not_picked":["Combust"],"picked":"SKIP","floor":24.0},{"not_picked":["Flex"],"picked":"SKIP","floor":31.0},{"not_picked":["Heavy Blade+1"],"picked":"SKIP","floor":35.0},{"not_picked":["Pommel Strike"],"picked":"SKIP","floor":37.0},{"not_picked":[],"picked":"Burning Pact+1","floor":39},{"not_picked":["Body Slam"],"picked":"SKIP","floor":41},{"not_picked":["Body Slam"],"picked":"SKIP","floor":42},{"not_picked":["Twin Strike"],"picked":"SKIP","floor":44},{"not_picked":["Searing Blow+1"],"picked":"SKIP","floor":46},{"not_picked":["Clash+1"],"picked":"SKIP","floor":48}],"player_experience":99844,"relics_obtained":[{"floor":6.0,"key":"Boot"},{"floor":9.0,"key":"PunchingBag"},{"floor":14.0,"key":"Mummified Hand"},{"floor":23.0,"key":"InkBottle"},{"floor":26.0,"key":"TheBible"},{"floor":30.0,"key":"Potion Belt"},{"floor":41,"key":"UnicornStump"},{"floor":43,"key":"Blue Candle"},{"floor":46,"key":"CaptainsWheel"},{"floor":48,"key":"Shuriken"}],"event_choices":[{"damage_healed":0.0,"max_hp_gain":0.0,"max_hp_loss":0.0,"gold_gain":0.0,"event_name":"Wheel of Change","player_choice":"Full Heal","floor":2.0,"gold_loss":0.0,"damage_taken":0.0},{"damage_healed":0.0,"max_hp_gain":0.0,"max_hp_loss":0.0,"gold_gain":0.0,"event_name":"Scrap Ooze","player_choice":"Success","floor":3.0,"gold_loss":0.0,"damage_taken":12.0,"relics_obtained":["Red Skull"]},{"damage_healed":0.0,"max_hp_gain":0.0,"max_hp_loss":0.0,"gold_gain":0.0,"cards_transformed":["Strike_R","Strike_R"],"event_name":"Drug Dealer","player_choice":"Became Test Subject","floor":20.0,"gold_loss":0.0,"damage_taken":0.0,"cards_obtained":["Ghostly Armor","Battle Trance"]},{"damage_healed":0.0,"max_hp_gain":0.0,"max_hp_loss":0.0,"gold_gain":0.0,"event_name":"Addict","player_choice":"Stole Relic","floor":29.0,"gold_loss":0.0,"damage_taken":0.0,"relics_obtained":["TungstenRod"],"cards_obtained":["Shame"]},{"cards_removed":["Shame"],"damage_healed":0,"gold_gain":0,"player_choice":"Removed Curses","damage_taken":0,"max_hp_gain":0,"max_hp_loss":0,"event_name":"Fountain of Cleansing","floor":38,"gold_loss":0},{"cards_removed":["Ghostly Armor"],"damage_healed":0,"gold_gain":0,"player_choice":"Removed Skill","damage_taken":0,"max_hp_gain":0,"max_hp_loss":0,"event_name":"Falling","floor":45,"gold_loss":0}],"is_beta":false,"boss_relics":[{"not_picked":["Sozu","Tiny House"],"picked":"Busted Crown"},{"not_picked":[]},{"not_picked":["MagicMushroom","Cursed Key"],"picked":"Runic Pyramid"},{"not_picked":[]}],"items_purged_floors":[5,19,28,34],"is_endless":false,"potions_floor_spawned":[4,6,7,8,23,24,33,37,41,42,48],"ascension_level":2}}