{"host":"agbyy69nq62afhwx","time":1611477844,"event":{"mods":["BaseMod","Colored Map","DeckTracker","Highlight Path","Keyboard Shortcuts","Minty Spire (QoL Compilation)","Quick Restart","StSLib","SuperFastMode","everything is the same but u backflip on backflip"],"gold_per_floor":[119,194,19,32,44,44,44,44],"floor_reached":7,"language":"KOR","playtime":155,"items_purged":["Strike_R"],"score":82,"play_id":"4d2b531f-f521-4438-b87f-b0cb8f30752c","local_time":"20210124174404","is_ascension_mode":true,"campfire_choices":[{"data":"Dark Embrace","floor":6.0,"key":"SMITH"}],"circlet_count":0,"master_deck":["AscendersBane","Strike_R","Strike_R","Strike_R","Strike_R","Defend_R","Defend_R","Defend_R","Defend_R","Bash","Master of Strategy","Pommel Strike","Dark Embrace+1","Shrug It Off","Second Wind"],"relics":["Burning Blood"],"acts_visited":[],"potions_floor_usage":[7],"damage_taken":[{"damage":14.0,"enemies":"Jaw Worm","floor":1.0,"turns":4.0},{"damage":2.0,"enemies":"2 Louse","floor":4.0,"turns":3.0},{"damage":4.0,"enemies":"Small Slimes","floor":5.0,"turns":5.0},{"damage":28,"enemies":"Lagavulin","floor":7,"turns":6}],"seed_played":"-364838517036542829","potions_obtained":[{"floor":5.0,"key":"ColorlessPotion"}],"is_trial":false,"path_per_floor":["M","?","$","M","M","R","E"],"character_chosen":"IRONCLAD","items_purchased":["Dark Embrace","Shrug It Off"],"campfire_rested":0,"item_purchase_floors":[3,3],"current_hp_per_floor":[42,31,31,35,37,37,9,9],"gold":44,"neow_bonus":"RANDOM_COLORLESS_2","is_daily":false,"chose_seed":false,"campfire_upgraded":1,"win_rate":0.0,"timestamp":1611477844,"path_taken":["M","?","$","M","M","R","E"],"items_purchased_type":["Card","Card"],"build_version":"2020-12-22","purchased_purges":1,"victory":false,"max_hp_per_floor":[75,75,75,75,75,75,75,75],"card_choices":[{"not_picked":["Thinking Ahead","Secret Weapon"],"picked":"Master of Strategy","floor":0.0},{"not_picked":["Havoc","Twin Strike"],"picked":"Pommel Strike","floor":1.0},{"not_picked":["Twin Strike","Ghostly Armor","Clothesline"],"picked":"SKIP","floor":4.0},{"not_picked":["Clothesline","Armaments"],"picked":"Second Wind","floor":5.0}],"player_experience":459939,"relics_obtained":[],"event_choices":[{"damage_healed":0.0,"max_hp_gain":0.0,"max_hp_loss":0.0,"gold_gain":75.0,"event_name":"World of Goop","player_choice":"Gather Gold","floor":2.0,"gold_loss":0.0,"damage_taken":11.0}],"is_beta":false,"boss_relics":[],"items_purged_floors":[3],"is_endless":false,"potions_floor_spawned":[5],"killed_by":"Lagavulin","ascension_level":20}}