{"host":"sp1f3sybb350mzsh","time":1611463424,"event":{"mods":["BaseMod","Bestiary","Colored Map","Filter the Spire","Minty Spire (QoL Compilation)","Puzzle Mod","Relic Stats","StSLib"],"gold_per_floor":[117,127,202,215,215,227,227,227],"floor_reached":7,"language":"ENG","playtime":357,"items_purged":[],"score":43,"play_id":"e25c7faf-fc68-4d24-9afa-3bfe1e660044","local_time":"20210123224344","is_ascension_mode":false,"campfire_choices":[],"circlet_count":0,"master_deck":["Strike_B","Strike_B","Strike_B","Defend_B","Defend_B","Defend_B","Defend_B","Zap","Dualcast","Go for the Eyes","Coolheaded","Reprogram","BootSequence","Meteor Strike"],"relics":["Sozu"],"acts_visited":["Exordium"],"potions_floor_usage":[],"damage_taken":[{"damage":4,"enemies":"Cultist","floor":1,"turns":4},{"damage":4,"enemies":"Small Slimes","floor":2,"turns":4},{"damage":6,"enemies":"Jaw Worm","floor":4,"turns":4},{"damage":14,"enemies":"Blue Slaver","floor":6,"turns":4},{"damage":37,"enemies":"Lagavulin","floor":7,"turns":10}],"seed_played":"-6530943362613641723","potions_obtained":[],"is_trial":false,"path_per_floor":["M","M","?","M","?","M","E"],"character_chosen":"DEFECT","items_purchased":[],"campfire_rested":0,"item_purchase_floors":[],"current_hp_per_floor":[71,67,56,50,50,36,0,0],"gold":227,"neow_bonus":"BOSS_RELIC","is_daily":false,"chose_seed":false,"campfire_upgraded":0,"win_rate":0.0,"timestamp":1611463424,"path_taken":["M","M","?","M","?","?","E"],"items_purchased_type":[],"build_version":"2020-12-22","purchased_purges":0,"victory":false,"max_hp_per_floor":[75,75,75,75,75,75,75,75],"relic_stats":{"Sozu":3,"counters":[5,26],"obtain_stats":[{"Sozu":0,"Cracked Core":0},{"Sozu":0,"Cracked Core":0},{"Sozu":0,"Cracked Core":0}]},"card_choices":[{"not_picked":["Leap","Static Discharge"],"picked":"Go for the Eyes","floor":1},{"not_picked":["Sweeping Beam","Turbo"],"picked":"Coolheaded","floor":2},{"not_picked":["Stack","Lockon"],"picked":"Reprogram","floor":4},{"not_picked":["Heatsinks","Undo"],"picked":"Meteor Strike","floor":6}],"player_experience":125169,"relics_obtained":[],"event_choices":[{"damage_healed":0,"gold_gain":75,"player_choice":"Gather Gold","damage_taken":11,"max_hp_gain":0,"max_hp_loss":0,"event_name":"World of Goop","floor":3,"gold_loss":0},{"damage_healed":0,"gold_gain":0,"cards_transformed":["Strike_B"],"player_choice":"Transformed","damage_taken":0,"max_hp_gain":0,"max_hp_loss":0,"event_name":"Transmorgrifier","floor":5,"gold_loss":0,"cards_obtained":["BootSequence"]}],"is_beta":false,"boss_relics":[],"items_purged_floors":[],"is_endless":false,"potions_floor_spawned":[2,4,6],"killed_by":"Lagavulin","ascension_level":0}}