{"host":"ko40t1o51xotjt2v","time":1611531929,"event":{"mods":["2.2 Compatiblity","AchievementEnabler","Aspiration","BaseMod","Better Match","Better Third Choice","Better Vampires","Conspire","Downfall","Energized Spire","GifTheSpireLib","Halation","Hubris","Jedi Mod","Minty Spire (QoL Compilation)","MostiFishMod","Spicy Shops","Spikes Relics","StSLib","Stuff the Spire","TestMod","??????REMEMod"],"gold_per_floor":[113,113,113,37,37,37,62,62,113,68,200,51,69,89,89,160,160,173,289,289,289,407,433,447,422,446,446,477,487,487,507,507,581,581,701,701,714,729,516,516,516,516,516,516,516,516,516,516,516,516,516,516,28,28,28],"floor_reached":56,"language":"SPA","playtime":2688,"items_purged":["downfall:Bewildered"],"score":2255,"play_id":"c4072de7-9054-46b2-afbc-c3894390594a","local_time":"20210125004529","is_ascension_mode":true,"campfire_choices":[{"data":"MostiFishMod:#F4004","floor":6.0,"key":"SMITH"},{"data":"jedi:collectorstrike","floor":8.0,"key":"SMITH"},{"data":"Thunderclap","floor":15.0,"key":"SMITH"},{"floor":27.0,"key":"RECALL"},{"data":"MostiFishMod:#F4004","floor":32.0,"key":"SMITH"},{"data":"MostiFishMod:FlyOverUtopia","floor":41,"key":"SMITH"},{"floor":45,"key":"REST"},{"data":"Defend_R","floor":49,"key":"SMITH"},{"data":"Defend_R","floor":52,"key":"SMITH"}],"circlet_count":0,"master_deck":["AscendersBane","Strike_R","Strike_R","Strike_R","Strike_R","Strike_R","Defend_R","Defend_R","Defend_R+1","Defend_R+1","Bash+1","MostiFishMod:#F4004+1","Strike_R","jedi:collectorstrike+1","Thunderclap+1","MostiFishMod:#F4004+1","MostiFishMod:FlyOverUtopia+1"],"relics":["Black Blood","DaveBox","testmod-TestBox","REME_ComplimentaryCards","testmod-Hope","Chemical X","NeowsBlessing","SynthV:TestCard","hubris:Icosahedron","halation:StarCompass","hubris:HerbalPaste","StuffTheSpire:EmeraldSignet","Incense Burner","SnailShell","sneckomod:BabySnecko","Question Card","Sundial","Singing Bowl","testmod-IndustrialRevolution","hubris:DisguiseKit","MutagenicStrength","energizedSpire:MagnifyingGlass","jedi:ominousloannote","Kunai","testmod-AssaultLearning","testmod-Déjàvu","MiniBlackHole","testmod-Justice","StuffTheSpire:MayFlowers","hubris:MysteriousPyramids","jedi:heavyjacket","SynthV","StuffTheSpire:GrapeVine","RoseTintedShades"],"acts_visited":["Exordium","TheCity","TheBeyond","TheEnding"],"potions_floor_usage":[38,40,50,55],"damage_taken":[{"damage":0.0,"enemies":"Jaw Worm","floor":1.0,"turns":1.0},{"damage":0.0,"enemies":"3 Sentries","floor":7.0,"turns":1.0},{"damage":0.0,"enemies":"Lagavulin","floor":11.0,"turns":1.0},{"damage":0.0,"enemies":"Small Slimes","floor":13.0,"turns":2.0},{"damage":0.0,"enemies":"2 Louse","floor":14.0,"turns":2.0},{"damage":16.0,"enemies":"Slime Boss","floor":16.0,"turns":9.0},{"damage":15.0,"enemies":"2 Thieves","floor":18.0,"turns":3.0},{"damage":0.0,"enemies":"Chosen","floor":19.0,"turns":3.0},{"damage":43.0,"enemies":"Centurion and Healer","floor":22.0,"turns":5.0},{"damage":16.0,"enemies":"REME_1_Revenger","floor":23.0,"turns":4.0},{"damage":8.0,"enemies":"3 Cultists","floor":24.0,"turns":4.0},{"damage":20.0,"enemies":"Book of Stabbing","floor":25.0,"turns":5.0},{"damage":35.0,"enemies":"REME_1_Revenger","floor":28.0,"turns":5.0},{"damage":39.0,"enemies":"conspire:HollyBat","floor":29.0,"turns":6.0},{"damage":8.0,"enemies":"Sentry and Sphere","floor":31.0,"turns":4.0},{"damage":35.0,"enemies":"conspire:MysteriousRune","floor":33.0,"turns":6.0},{"damage":15,"enemies":"3 Shapes","floor":35,"turns":3},{"damage":4,"enemies":"Orb Walker","floor":37,"turns":3},{"damage":4,"enemies":"Spire Growth","floor":38,"turns":4},{"damage":60,"enemies":"Nemesis","floor":40,"turns":7},{"damage":30,"enemies":"Jaw Worm Horde","floor":42,"turns":4},{"damage":15,"enemies":"Giant Head","floor":44,"turns":7},{"damage":11,"enemies":"Reptomancer","floor":46,"turns":5},{"damage":4,"enemies":"Nemesis","floor":48,"turns":5},{"damage":8,"enemies":"Time Eater","floor":50,"turns":8},{"damage":20,"enemies":"Shield and Spear","floor":54,"turns":5},{"damage":46,"enemies":"The Heart","floor":55,"turns":6}],"seed_played":"-864749577824592160","potions_obtained":[{"floor":13.0,"key":"BlessingOfTheForge"},{"floor":14.0,"key":"hexamod:SoulburnPotion"},{"floor":19.0,"key":"jedi:StrikingPotion"},{"floor":22.0,"key":"Guardian:BlockOnCardUsePotion"},{"floor":28.0,"key":"LiquidMemories"},{"floor":29.0,"key":"DuplicationPotion"},{"floor":33.0,"key":"Block Potion"},{"floor":44,"key":"testmod-TimePotion"},{"floor":46,"key":"SpeedPotion"},{"floor":54,"key":"Weak Potion"}],"is_trial":false,"path_per_floor":["M","?","?","$","?","R","E","R","T","$","E","$","M","M","R","B",null,"M","M","?","T","M","E","M","E","T","R","E","M","?","M","R","B",null,"M","?","M","M","$","E","R","M","T","E","R","E","T","E","R","B",null,"R","$","E","B",null],"character_chosen":"IRONCLAD","items_purchased":["hubris:HerbalPaste","Thunderclap","SnailShell","jedi:ominousloannote","Kunai","testmod-AssaultLearning","testmod-Déjàvu","jedi:heavyjacket","SynthV","StuffTheSpire:GrapeVine"],"campfire_rested":1,"item_purchase_floors":[4,10,12,39,39,39,39,53,53,53],"current_hp_per_floor":[74,74,74,74,67,67,73,73,73,73,75,75,75,75,75,69,74,74,75,75,75,47,49,59,57,57,57,75,56,56,66,66,49,69,71,71,71,71,71,29,29,17,17,24,45,54,54,68,68,71,71,71,71,68,71],"gold":28,"neow_bonus":"THREE_ENEMY_KILL","is_daily":false,"chose_seed":false,"campfire_upgraded":7,"win_rate":0.0,"timestamp":1611531929,"path_taken":["M","?","?","$","?","R","E","R","T","?","E","$","M","M","R","BOSS","M","M","?","?","M","E","?","E","T","R","E","M","?","M","R","BOSS","M","?","M","M","$","E","R","M","T","E","R","E","?","E","R","BOSS","R","$","E","BOSS"],"items_purchased_type":["Relic","Card","Relic","Relic","Relic","Relic","Relic","Relic","Relic","Relic"],"build_version":"2020-12-22","purchased_purges":1,"victory":true,"max_hp_per_floor":[75,75,75,75,75,75,75,75,75,75,75,75,75,75,75,75,75,75,75,75,75,75,75,75,75,75,75,75,75,75,75,75,75,75,75,71,71,71,71,71,71,71,71,71,71,71,71,71,71,71,71,71,71,71,71],"card_choices":[{"not_picked":["jedi:suffering","Warcry"],"picked":"MostiFishMod:#F4004","floor":1.0},{"not_picked":["hubris:ReadiedAction","Body Slam","Headbutt","Pommel Strike"],"picked":"jedi:collectorstrike","floor":7.0},{"not_picked":["jedi:suffering","Battle Trance","StuffTheSpire:Slingshot","Ghostly Armor"],"picked":"jedi:collectorstrike+1","floor":11.0},{"not_picked":["Cleave","Clothesline","Flex","StuffTheSpire:Slingshot"],"picked":"jedi:collectorstrike+1","floor":13.0},{"not_picked":["jedi:fear","Spot Weakness","Intimidate","Clothesline","Pommel Strike"],"picked":"SKIP","floor":14.0},{"not_picked":["jedi:fear","Spot Weakness","Intimidate","Clothesline","Pommel Strike"],"picked":"SKIP","floor":14.0},{"not_picked":["MostiFishMod:UltimateDefense","MostiFishMod:HellRitual","Double Tap","MostiFishMod:FlyOverUtopia"],"picked":"jedi:collectorstrike+1","floor":16.0},{"not_picked":["Metallicize","Heavy Blade","hubris:SharpeningStone","Warcry","StuffTheSpire:Incineration"],"picked":"SKIP","floor":18.0},{"not_picked":["Heavy Blade","Rupture","Headbutt","StuffTheSpire:Incineration"],"picked":"jedi:collectorstrike+1","floor":19.0},{"not_picked":["Armaments","Infernal Blade","Carnage","Flame Barrier","jedi:collectorstrike+1","Pommel Strike"],"picked":"SKIP","floor":22.0},{"not_picked":["Warcry","Flame Barrier+1","Disarm","Spot Weakness","Twin Strike"],"picked":"jedi:collectorstrike+1","floor":23.0},{"not_picked":["hubris:CleavingFinish+1","Evolve","Flex","Pommel Strike","Clothesline"],"picked":"jedi:collectorstrike+1","floor":24.0},{"not_picked":["Thunderclap","jedi:strikingstrike","hubris:SharpeningStone","Heavy Blade","Disarm"],"picked":"jedi:collectorstrike+1","floor":25.0},{"not_picked":["Pommel Strike","jedi:collectorstrike+1","Warcry","hubris:CleavingFinish","Reaper"],"picked":"MostiFishMod:#F4004","floor":28.0},{"not_picked":["Headbutt","Pommel Strike","Twin Strike","Dark Embrace","Wild Strike","Acrobatics"],"picked":"jedi:collectorstrike+1","floor":29.0},{"not_picked":["StuffTheSpire:Incineration","Twin Strike+1","Warcry","hubris:ReadiedAction","Havoc","StuffTheSpire:Incantation"],"picked":"jedi:collectorstrike+1","floor":31.0},{"not_picked":["jedi:collectorstrike+1","MostiFishMod:ChineseTea","Bludgeon","MostiFishMod:Chiaki","REME_Fury","MostiFishMod:SpreadingSpore"],"picked":"MostiFishMod:FlyOverUtopia","floor":33.0},{"not_picked":["Hemokinesis","Wild Strike","Warcry","Clash","Sword Boomerang","Quick Slash"],"picked":"jedi:collectorstrike+1","floor":35},{"not_picked":["Searing Blow+1","Clash","Wild Strike","jedi:MakeshiftSword","Body Slam","MostiFishMod:Opportunism"],"picked":"jedi:collectorstrike+1","floor":37},{"not_picked":["Wild Strike","MostiFishMod:FlyOverUtopia","jedi:hate+1","Clash","Burning Pact","MostiFishMod:PerfectParry"],"picked":"jedi:collectorstrike+1","floor":38},{"not_picked":["Dark Embrace+1","Wild Strike","REME_SingleHolding","Havoc+1","Anger","Sucker Punch"],"picked":"jedi:collectorstrike+1","floor":40},{"not_picked":["Perfected Strike","Body Slam","jedi:strikingstrike","Cleave","Havoc","Blur"],"picked":"jedi:collectorstrike+1","floor":42},{"not_picked":["Warcry+1","jedi:collectorstrike","Wild Strike","Havoc","Iron Wave","Sucker Punch"],"picked":"jedi:collectorstrike+1","floor":44},{"not_picked":["Flame Barrier","Dropkick","Anger+1","Juggernaut","Body Slam","hubris:SlightOfHand"],"picked":"jedi:collectorstrike+1","floor":46},{"not_picked":["Seeing Red+1","Anger","Sword Boomerang","Flex+1","jedi:controlledanger","Flying Knee"],"picked":"jedi:collectorstrike+1","floor":48},{"not_picked":["Fiend Fire","Warcry+1","Rupture","Shrug It Off","Twin Strike+1","PiercingWail"],"picked":"jedi:collectorstrike+1","floor":54}],"player_experience":445643,"relics_obtained":[{"floor":1.0,"key":"SynthV:TestCard"},{"floor":7.0,"key":"StuffTheSpire:EmeraldSignet"},{"floor":11.0,"key":"Incense Burner"},{"floor":21.0,"key":"Question Card"},{"floor":23.0,"key":"Sundial"},{"floor":25.0,"key":"Singing Bowl"},{"floor":26.0,"key":"testmod-IndustrialRevolution"},{"floor":28.0,"key":"hubris:DisguiseKit"},{"floor":40,"key":"MiniBlackHole"},{"floor":44,"key":"testmod-Justice"},{"floor":47,"key":"StuffTheSpire:MayFlowers"},{"floor":48,"key":"hubris:MysteriousPyramids"},{"floor":54,"key":"RoseTintedShades"}],"event_choices":[{"damage_healed":0.0,"max_hp_gain":0.0,"max_hp_loss":0.0,"gold_gain":0.0,"event_name":"Drug Dealer","player_choice":"Inject Mutagens","floor":30.0,"gold_loss":0.0,"damage_taken":0.0,"relics_obtained":["MutagenicStrength"]},{"damage_healed":0,"gold_gain":0,"player_choice":"Max HP","damage_taken":0,"max_hp_gain":0,"max_hp_loss":4,"event_name":"Winding Halls","floor":36,"gold_loss":0}],"is_beta":false,"boss_relics":[{"not_picked":["MostiFishMod:Hod","OneHitWonderSystem"],"picked":"Black Blood"},{"not_picked":["hubris:VirtuousBlindfold","halation:Prosthetics"],"picked":"energizedSpire:MagnifyingGlass"}],"items_purged_floors":[39],"is_endless":false,"potions_floor_spawned":[13,14,19,22,28,29,33,44,46,48,54],"ascension_level":14}}