{"host":"sdjng9zhqonqi3uc","time":1611499394,"event":{"mods":["2.2 Compatiblity","AchievementEnabler","BaseMod","Better Note","Better Third Choice","BetterRewards","Colored Map","Colored Powertips","Downfall","Hero for Fun","Hubris","Minty Spire (QoL Compilation)","Quick Restart","Relic Stats","Shop Mod","Spicy Shops","StSLib","Td1madao Mod","The Animator","The Cursed","The Servant 0.9.4"],"gold_per_floor":[128,139,139,14,289,317,317,339,339,352,371,371,371,389,389,504,504,516,535,715,725,725,725,752,752,777,175,216,236,236,264,264,369,369,384,384,395,395,419,419,419],"floor_reached":40,"language":"ENG","playtime":4123,"items_purged":[],"score":888,"play_id":"fb295748-fa08-4369-ae88-32e6dfb4b96b","local_time":"20210124154314","is_ascension_mode":true,"campfire_choices":[{"data":"animator:DwarfShaman","floor":7,"key":"SMITH"},{"data":"animator:Witch","floor":12,"key":"SMITH"},{"data":"animator:HighElfArcher","floor":15,"key":"SMITH"},{"data":"animator:MisakiNakahara","floor":23,"key":"SMITH"},{"data":"animator:Vanir","floor":25,"key":"SMITH"},{"data":"animator:GoblinSlayer","floor":30,"key":"SMITH"},{"data":"animator:DwarfShaman","floor":32,"key":"SMITH"}],"circlet_count":0,"master_deck":["animator:Strike_GoblinSlayer","animator:Defend_GoblinSlayer","animator:Strike","animator:Strike","animator:Defend","animator:LizardPriest","animator:DwarfShaman+1","animator:Benimaru","animator:DwarfShaman+1","animator:Vanir+1","Regret","animator:Witch+1","animator:LizardPriest+1","animator:HighElfArcher+1","animator:GoblinSlayer+1","animator:Priestess","animator:Priestess","animator:MisakiNakahara+1","animator:CowGirl","animator:Spearman+1","animator:SwordMaiden","animator:DwarfShaman+1","animator:SwordMaiden","animator:DwarfShaman+1","animator:GuildGirl+1","animator:Benimaru+1"],"relics":["animator:VividPicture","animator:TheMissingPiece","animator:PurgingStone","hubris:CrystalStatue","hubris:OldNail","Strawberry","hubris:EmptyBottle","Torii","MerchantsRug","hubris:Metronome","Meat on the Bone","Vajra","Frozen Egg 2","WarpedTongs","Unceasing Top","Art of War","Membership Card","animator:BattleDrones","animator:ShionDessert","Toy Ornithopter","HandDrill","Molten Egg 2","animator:RacePiece"],"acts_visited":["Exordium","TheCity","TheBeyond"],"potions_floor_usage":[6,10,11,14,16,16,21,21,21,24,24,29,31,31,33,33,33,33,39,39,40,40,40],"damage_taken":[{"damage":0,"enemies":"2 Louse","floor":1,"turns":3},{"damage":0,"enemies":"Cultist","floor":2,"turns":2},{"damage":23,"enemies":"Gremlin Nob","floor":6,"turns":3},{"damage":3,"enemies":"Small Slimes","floor":8,"turns":2},{"damage":3,"enemies":"Red Slaver","floor":10,"turns":3},{"damage":10,"enemies":"Exordium Thugs","floor":11,"turns":3},{"damage":0,"enemies":"Lots of Slimes","floor":14,"turns":2},{"damage":16,"enemies":"Slime Boss","floor":16,"turns":5},{"damage":12,"enemies":"2 Thieves","floor":18,"turns":4},{"damage":0,"enemies":"Spheric Guardian","floor":19,"turns":2},{"damage":0,"enemies":"Chosen and Byrds","floor":21,"turns":6},{"damage":7,"enemies":"Gremlin Leader","floor":24,"turns":5},{"damage":0,"enemies":"Centurion and Healer","floor":28,"turns":5},{"damage":4,"enemies":"3 Cultists","floor":29,"turns":3},{"damage":7,"enemies":"Slavers","floor":31,"turns":4},{"damage":18,"enemies":"hubris:MusketHawk","floor":33,"turns":6},{"damage":1,"enemies":"3 Shapes","floor":35,"turns":4},{"damage":0,"enemies":"Orb Walker","floor":37,"turns":2},{"damage":3,"enemies":"Transient","floor":39,"turns":5},{"damage":89,"enemies":"Giant Head","floor":40,"turns":8}],"seed_played":"-2277318129989164390","potions_obtained":[{"floor":1,"key":"SkillPotion"},{"floor":6,"key":"LiquidBronze"},{"floor":10,"key":"Explosive Potion"},{"floor":11,"key":"Dexterity Potion"},{"floor":13,"key":"LiquidMemories"},{"floor":13,"key":"Regen Potion"},{"floor":19,"key":"PowerPotion"},{"floor":28,"key":"DistilledChaos"},{"floor":29,"key":"animator:FalseLifePotion"},{"floor":31,"key":"Strength Potion"},{"floor":37,"key":"Slimebound:ThreeZeroPotion"}],"is_trial":false,"path_per_floor":["M","M","?","$","?","E","R","M","T","M","M","R","?","M","R","B",null,"M","M","?","M","?","R","E","R","T","$","M","M","R","E","R","B",null,"M","?","M","?","M","E"],"character_chosen":"THE_ANIMATOR","items_purchased":["hubris:CrystalStatue","hubris:OldNail","Strawberry","hubris:EmptyBottle","MerchantsRug","hubris:Metronome","Meat on the Bone","Membership Card","animator:BattleDrones","animator:ShionDessert","Toy Ornithopter","LiquidBronze","ColorlessPotion","HandDrill"],"campfire_rested":0,"item_purchase_floors":[0,0,0,0,0,0,4,27,27,27,27,27,27,27],"current_hp_per_floor":[24,24,24,24,24,13,13,22,22,31,33,33,33,46,46,44,67,56,56,31,46,46,46,39,39,39,39,39,40,40,45,45,47,70,69,69,69,69,76,0,0],"gold":419,"neow_bonus":"","is_daily":false,"chose_seed":false,"campfire_upgraded":7,"win_rate":0.0,"timestamp":1611499394,"path_taken":["M","M","?","?","?","E","R","M","T","?","?","R","?","?","R","BOSS","M","M","?","?","?","R","E","R","T","$","?","M","R","E","R","BOSS","M","?","M","?","M","E"],"items_purchased_type":["Relic","Relic","Relic","Relic","Relic","Relic","Relic","Relic","Relic","Relic","Relic","Potion","Potion","Relic"],"build_version":"2020-12-22","purchased_purges":0,"victory":false,"max_hp_per_floor":[73,73,73,73,73,73,73,73,73,73,73,73,73,74,74,74,74,75,75,75,75,75,75,75,75,75,75,75,75,75,77,77,77,77,77,77,77,77,77,77,77],"relic_stats":{"Torii":4,"counters":[111,399],"Art of War":[2],"HandDrill":[16],"obtain_stats":[{"TwistedFunnel":45,"Calipers":0,"hubris:CrystalStatue":48,"Gremlin Horn":6,"Vajra":7,"Hammer of Thor":53,"Whetstone":40,"hubris:MysteriousPyramids":24,"Boot":37,"animator:RacePiece":34,"Old Coin":28,"Blood Vial":6,"HornCleat":0,"Sundial":9,"Strawberry":0,"MealTicket":12,"hubris:DeckOfHolding":42,"downfall:ExtraCursedKey":38,"HandDrill":27,"Toxic Egg 2":26,"MerchantsRug":0,"Pear":0,"animator:TheWolleyCore":53,"Dead Branch":31,"Blue Candle":45,"animator:BattleDrones":27,"hubris:SphereOfDissonance":22,"Eternal Feather":28,"Question Card":36,"Akabeko":48,"WarpedTongs":39,"animator:CerealBox":0,"SlaversCollar":17,"animator:HolyGrailRelic":34,"Anvil of the Gods":53,"Brimstone":37,"Bronze Scales":43,"Molten Egg 2":31,"Mark of Pain":34,"hubris:TenFootPole":9,"bronze:MakeshiftBattery":17,"Unceasing Top":24,"Meat on the Bone":40,"Darkstone Periapt":0,"Regal Pillow":0,"Lantern":14,"hubris:Metronome":0,"animator:ShionDessert":27,"Singing Bowl":3,"Torii":0,"animator:TheMissingPiece":0,"Mango":37,"Juzu Bracelet":0,"Bag of Preparation":36,"hubris:EmptyBottle":0,"hubris:Icosahedron":2,"animator:PurgingStone":0,"animator:AncientMedallion":53,"Mummified Hand":11,"Pantograph":45,"Toolbox":21,"hubris:CuriousFeather":30,"downfall:ExtraCursedBell":48,"animator:VividPicture":17,"InkBottle":9,"Paper Frog":44,"hubris:GlazedTorus":0,"animator:ColorlessFragment":0,"PreservedInsect":0,"hubris:MedicalManual":38,"Omamori":40,"Seething Fire":53,"hubris:Towel":57,"Frozen Egg 2":9,"Medical Kit":0,"Mercury Hourglass":37,"Anchor":0,"DataDisk":42,"animator:TheEgnaroPiece":53,"CaptainsWheel":45,"animator:CursedBlade":17,"Busted Crown":34,"Ornamental Fan":36,"animator:LivingPicture":0,"hubris:BundleOfHerbs":23,"Art of War":45,"Membership Card":36,"hubris:Potato":26,"FossilizedHelix":0,"hubris:OldNail":0,"TungstenRod":42,"Toy Ornithopter":27,"hubris:BottledRain":31},{"TwistedFunnel":55,"Calipers":0,"hubris:CrystalStatue":57,"Gremlin Horn":3,"Vajra":3,"Hammer of Thor":58,"Whetstone":53,"hubris:MysteriousPyramids":12,"Boot":84,"animator:RacePiece":107,"Old Coin":78,"Blood Vial":3,"HornCleat":65,"Sundial":4,"Strawberry":91,"MealTicket":36,"hubris:DeckOfHolding":55,"downfall:ExtraCursedKey":19,"HandDrill":103,"Toxic Egg 2":77,"MerchantsRug":0,"Pear":30,"animator:TheWolleyCore":58,"Dead Branch":16,"Blue Candle":55,"animator:BattleDrones":103,"hubris:SphereOfDissonance":11,"Eternal Feather":14,"Question Card":18,"Akabeko":57,"WarpedTongs":19,"animator:CerealBox":65,"SlaversCollar":39,"animator:HolyGrailRelic":17,"Anvil of the Gods":58,"Brimstone":84,"Bronze Scales":55,"Molten Egg 2":106,"Mark of Pain":48,"hubris:TenFootPole":34,"bronze:MakeshiftBattery":8,"Unceasing Top":103,"Meat on the Bone":87,"Darkstone Periapt":65,"Regal Pillow":65,"Lantern":72,"hubris:Metronome":91,"animator:ShionDessert":103,"Singing Bowl":1,"Torii":91,"animator:TheMissingPiece":0,"Mango":84,"Juzu Bracelet":0,"Bag of Preparation":18,"hubris:EmptyBottle":91,"hubris:Icosahedron":1,"animator:PurgingStone":0,"animator:AncientMedallion":23,"Mummified Hand":35,"Pantograph":55,"Toolbox":74,"hubris:CuriousFeather":80,"downfall:ExtraCursedBell":57,"animator:VividPicture":99,"InkBottle":69,"Paper Frog":21,"hubris:GlazedTorus":65,"animator:ColorlessFragment":65,"PreservedInsect":30,"hubris:MedicalManual":51,"Omamori":20,"Seething Fire":58,"hubris:Towel":25,"Frozen Egg 2":95,"Medical Kit":65,"Mercury Hourglass":84,"Anchor":0,"DataDisk":20,"animator:TheEgnaroPiece":23,"CaptainsWheel":55,"animator:CursedBlade":73,"Busted Crown":82,"Ornamental Fan":18,"animator:LivingPicture":0,"hubris:BundleOfHerbs":43,"Art of War":55,"Membership Card":18,"hubris:Potato":13,"FossilizedHelix":65,"hubris:OldNail":65,"TungstenRod":89,"Toy Ornithopter":103,"hubris:BottledRain":16},{"TwistedFunnel":209,"Calipers":0,"hubris:CrystalStatue":211,"Gremlin Horn":12,"Vajra":12,"Hammer of Thor":212,"Whetstone":207,"hubris:MysteriousPyramids":60,"Boot":296,"animator:RacePiece":380,"Old Coin":275,"Blood Vial":12,"HornCleat":225,"Sundial":15,"Strawberry":322,"MealTicket":190,"hubris:DeckOfHolding":209,"downfall:ExtraCursedKey":93,"HandDrill":362,"Toxic Egg 2":270,"MerchantsRug":0,"Pear":184,"animator:TheWolleyCore":212,"Dead Branch":78,"Blue Candle":209,"animator:BattleDrones":362,"hubris:SphereOfDissonance":52,"Eternal Feather":70,"Question Card":89,"Akabeko":211,"WarpedTongs":93,"animator:CerealBox":225,"SlaversCollar":193,"animator:HolyGrailRelic":86,"Anvil of the Gods":212,"Brimstone":296,"Bronze Scales":209,"Molten Egg 2":374,"Mark of Pain":202,"hubris:TenFootPole":188,"bronze:MakeshiftBattery":38,"Unceasing Top":362,"Meat on the Bone":307,"Darkstone Periapt":225,"Regal Pillow":225,"Lantern":253,"hubris:Metronome":322,"animator:ShionDessert":362,"Singing Bowl":4,"Torii":322,"animator:TheMissingPiece":0,"Mango":296,"Juzu Bracelet":0,"Bag of Preparation":89,"hubris:EmptyBottle":322,"hubris:Icosahedron":4,"animator:PurgingStone":0,"animator:AncientMedallion":117,"Mummified Hand":189,"Pantograph":209,"Toolbox":261,"hubris:CuriousFeather":281,"downfall:ExtraCursedBell":211,"animator:VividPicture":345,"InkBottle":239,"Paper Frog":104,"hubris:GlazedTorus":225,"animator:ColorlessFragment":225,"PreservedInsect":184,"hubris:MedicalManual":205,"Omamori":98,"Seething Fire":212,"hubris:Towel":139,"Frozen Egg 2":332,"Medical Kit":225,"Mercury Hourglass":296,"Anchor":0,"DataDisk":98,"animator:TheEgnaroPiece":117,"CaptainsWheel":209,"animator:CursedBlade":257,"Busted Crown":292,"Ornamental Fan":89,"animator:LivingPicture":0,"hubris:BundleOfHerbs":197,"Art of War":209,"Membership Card":89,"hubris:Potato":65,"FossilizedHelix":225,"hubris:OldNail":225,"TungstenRod":315,"Toy Ornithopter":362,"hubris:BottledRain":78}],"Unceasing Top":[1],"Toy Ornithopter":56,"Meat on the Bone":72,"WarpedTongs":[132]},"card_choices":[{"not_picked":["animator:PandorasActor","animator:Shion"],"picked":"animator:Benimaru","floor":1},{"not_picked":["animator:Darkness","animator:Vanir"],"picked":"animator:DwarfShaman","floor":2},{"not_picked":["animator:ChlammyZell","animator:Millim","animator:ZankiKiguchi"],"picked":"SKIP","floor":6},{"not_picked":["animator:DwarfShaman","animator:LizardPriest"],"picked":"animator:Witch","floor":8},{"not_picked":["animator:Togame","animator:MaesHughes","animator:Entoma"],"picked":"SKIP","floor":10},{"not_picked":["animator:Sonic","animator:Benimaru"],"picked":"animator:LizardPriest","floor":11},{"not_picked":["animator:Shion","animator:Cocytus"],"picked":"animator:HighElfArcher","floor":14},{"not_picked":["animator:Wiz","animator:Boros+1"],"picked":"animator:GoblinSlayer","floor":16},{"not_picked":["animator:DwarfShaman","animator:LizardPriest"],"picked":"animator:Priestess","floor":18},{"not_picked":["animator:SuzuneAmano","animator:Pride"],"picked":"animator:Priestess","floor":19},{"not_picked":["animator:Hitei+1","animator:LizardPriest","animator:MaesHughes"],"picked":"SKIP","floor":21},{"not_picked":["animator:OrikoMikuni","animator:Chris+1","animator:Souei"],"picked":"SKIP","floor":24},{"not_picked":["animator:LizardPriest","animator:DwarfShaman"],"picked":"animator:CowGirl","floor":28},{"not_picked":["animator:Melzalgald","animator:KyokoSakura","animator:DwarfShaman+1"],"picked":"SKIP","floor":29},{"not_picked":["animator:NarberalGamma","animator:Megumin+1"],"picked":"animator:Spearman+1","floor":31},{"not_picked":["animator:Kyubey","animator:Greed+1"],"picked":"animator:SwordMaiden","floor":33},{"not_picked":["animator:RoyMustang+1","animator:Benimaru+1"],"picked":"animator:YunYun+1","floor":35},{"not_picked":["animator:CowGirl","animator:LizardPriest"],"picked":"animator:GuildGirl+1","floor":37},{"not_picked":["animator:MumenRider+1","animator:Shichika+1"],"picked":"animator:Benimaru+1","floor":39}],"player_experience":381650,"relics_obtained":[{"floor":6,"key":"Vajra"},{"floor":9,"key":"Frozen Egg 2"},{"floor":24,"key":"Unceasing Top"},{"floor":26,"key":"Art of War"},{"floor":31,"key":"Molten Egg 2"}],"event_choices":[{"damage_healed":0,"gold_gain":0,"cards_transformed":["animator:Defend"],"player_choice":"Transformed","damage_taken":0,"max_hp_gain":0,"max_hp_loss":0,"event_name":"Transmorgrifier","floor":3,"gold_loss":0,"cards_obtained":["animator:Vanir"]},{"damage_healed":0,"gold_gain":275,"player_choice":"Desecrate","damage_taken":0,"max_hp_gain":0,"max_hp_loss":0,"event_name":"Golden Shrine","floor":5,"gold_loss":0,"cards_obtained":["Regret"]},{"damage_healed":0,"gold_gain":0,"player_choice":"Got Potions","damage_taken":0,"max_hp_gain":0,"max_hp_loss":0,"event_name":"Lab","floor":13,"gold_loss":0},{"damage_healed":0,"gold_gain":180,"player_choice":"GOLD CARD GOLD ","damage_taken":25,"max_hp_gain":0,"max_hp_loss":0,"event_name":"Knowing Skull","floor":20,"potions_obtained":[],"gold_loss":0,"cards_obtained":["animator:MisakiNakahara"]},{"damage_healed":0,"gold_gain":0,"player_choice":"Rummage","damage_taken":0,"relics_obtained":["WarpedTongs"],"max_hp_gain":0,"max_hp_loss":0,"event_name":"Accursed Blacksmith","floor":22,"gold_loss":0,"cards_obtained":["Pain"]},{"cards_removed":["animator:YunYun"],"damage_healed":0,"gold_gain":0,"player_choice":"Removed Attack","damage_taken":0,"max_hp_gain":0,"max_hp_loss":0,"event_name":"Falling","floor":38,"gold_loss":0}],"is_beta":false,"boss_relics":[{"not_picked":["Astrolabe","animator:HolyGrailRelic"],"picked":"animator:VividPicture"},{"not_picked":["hubris:TerracottaHorce","hubris:RunicObelisk"],"picked":"animator:RacePiece"}],"items_purged_floors":[],"is_endless":false,"potions_floor_spawned":[1,6,10,11,19,28,29,31,37],"killed_by":"Giant Head","ascension_level":9}}