{"host":"sav7uxregyirlf69","time":1611477123,"event":{"mods":["AchievementEnabler","BaseMod","Colored Map","DeckTracker","Keyboard Shortcuts","Minty Spire (QoL Compilation)","READ ME - Guardian Mod","StSLib","SuperFastMode"],"gold_per_floor":[113,113,113,137,137,137,62,62,109,125,138,171,187,30,30,123,123,141,141,154,154,175,175,199,199,199,238,262,262,278,278,278,278,278],"floor_reached":33,"language":"KOR","playtime":525,"items_purged":["Pain","Strike_G"],"score":534,"play_id":"5f843cdf-74e5-4fac-8571-74c31ed0d51a","local_time":"20210124173203","is_ascension_mode":true,"campfire_choices":[{"data":"Neutralize","floor":6,"key":"SMITH"},{"floor":8,"key":"REST"},{"data":"Blade Dance","floor":15,"key":"SMITH"},{"data":"Venomology","floor":23,"key":"SMITH"},{"floor":25,"key":"REST"},{"data":"Finisher","floor":29,"key":"SMITH"},{"data":"Footwork","floor":32,"key":"SMITH"}],"circlet_count":0,"master_deck":["AscendersBane","Defend_G","Defend_G","Defend_G","Defend_G","Survivor","Neutralize+1","Backflip","Quick Slash","Masterful Stab","Blade Dance+1","Die Die Die","Envenom+1","Endless Agony+1","Dodge and Roll+1","Blur","Venomology+1","Backstab","Footwork+1","Finisher+1","Cloak And Dagger"],"relics":["Ring of the Snake","Bloody Idol","WarpedTongs","FaceOfCleric","PreservedInsect","Anchor","Astrolabe","Smiling Mask"],"acts_visited":["Exordium","TheCity"],"potions_floor_usage":[12,16,22,27,27,28,30],"damage_taken":[{"damage":2,"enemies":"2 Louse","floor":1,"turns":4},{"damage":3,"enemies":"Jaw Worm","floor":4,"turns":5},{"damage":4,"enemies":"Cultist","floor":10,"turns":3},{"damage":3,"enemies":"Looter","floor":11,"turns":3},{"damage":22,"enemies":"Lagavulin","floor":12,"turns":4},{"damage":0,"enemies":"Exordium Thugs","floor":13,"turns":3},{"damage":9,"enemies":"Slime Boss","floor":16,"turns":6},{"damage":4,"enemies":"Shell Parasite","floor":18,"turns":3},{"damage":4,"enemies":"Spheric Guardian","floor":20,"turns":4},{"damage":1,"enemies":"Snake Plant","floor":22,"turns":5},{"damage":38,"enemies":"Sentry and Sphere","floor":24,"turns":10},{"damage":4,"enemies":"Slavers","floor":27,"turns":2},{"damage":9,"enemies":"Cultist and Chosen","floor":28,"turns":6},{"damage":8,"enemies":"3 Cultists","floor":30,"turns":4},{"damage":37,"enemies":"Collector","floor":33,"turns":3}],"seed_played":"-4085199910351799786","potions_obtained":[{"floor":1,"key":"SneckoOil"},{"floor":4,"key":"SpeedPotion"},{"floor":11,"key":"Strength Potion"},{"floor":18,"key":"Energy Potion"},{"floor":24,"key":"BlessingOfTheForge"},{"floor":28,"key":"Regen Potion"}],"is_trial":false,"path_per_floor":["M","?","?","M","?","R","$","R","T","M","M","E","M","$","R","B",null,"M","?","M","?","M","R","M","R","T","E","M","R","M","?","R","B"],"character_chosen":"THE_SILENT","items_purchased":["Strength Potion"],"campfire_rested":2,"item_purchase_floors":[14],"current_hp_per_floor":[42,42,42,39,39,39,39,57,57,54,52,31,32,32,32,24,55,52,52,49,49,49,49,12,32,32,29,21,21,26,26,26,0,0],"gold":278,"neow_bonus":"REMOVE_TWO","is_daily":false,"chose_seed":false,"campfire_upgraded":5,"win_rate":0.0,"timestamp":1611477123,"path_taken":["M","?","?","?","?","R","$","R","T","?","M","E","M","?","R","BOSS","M","?","M","?","?","R","M","R","T","E","M","R","M","?","R","BOSS"],"items_purchased_type":["Potion"],"build_version":"2020-12-22","purchased_purges":2,"victory":false,"max_hp_per_floor":[66,60,60,60,60,60,60,60,60,61,62,63,64,64,64,65,65,66,66,67,67,68,68,69,69,69,70,71,71,72,72,72,72,72],"card_choices":[{"not_picked":["All Out Attack","Concentrate"],"picked":"Backflip","floor":1},{"not_picked":["Dodge and Roll","All Out Attack"],"picked":"Quick Slash","floor":4},{"not_picked":["Setup","Dodge and Roll"],"picked":"Quick Slash","floor":10},{"not_picked":["Prepared","Backflip"],"picked":"Masterful Stab","floor":11},{"not_picked":["Choke","Expertise"],"picked":"Blade Dance","floor":12},{"not_picked":["Flying Knee","Bane","Masterful Stab"],"picked":"SKIP","floor":13},{"not_picked":["Doppelganger","Night Terror"],"picked":"Die Die Die","floor":16},{"not_picked":["Deflect","Catalyst","Quick Slash"],"picked":"SKIP","floor":18},{"not_picked":["Dagger Spray","Caltrops"],"picked":"Blur","floor":20},{"not_picked":["Sucker Punch","Bane"],"picked":"Backstab","floor":22},{"not_picked":["Dagger Spray","Caltrops"],"picked":"Footwork","floor":24},{"not_picked":["Predator","Endless Agony"],"picked":"Finisher","floor":27},{"not_picked":["Outmaneuver","Prepared+1"],"picked":"Cloak And Dagger","floor":28},{"not_picked":["Backflip","Acrobatics","Poisoned Stab"],"picked":"SKIP","floor":30}],"player_experience":1371284,"relics_obtained":[{"floor":9,"key":"PreservedInsect"},{"floor":12,"key":"Anchor"},{"floor":27,"key":"Smiling Mask"}],"event_choices":[{"damage_healed":0,"gold_gain":0,"player_choice":"Lose Max HP","damage_taken":0,"relics_obtained":["Golden Idol"],"max_hp_gain":0,"max_hp_loss":6,"event_name":"Golden Idol","floor":2,"gold_loss":0},{"damage_healed":0,"gold_gain":0,"player_choice":"Rummage","damage_taken":0,"relics_obtained":["WarpedTongs"],"max_hp_gain":0,"max_hp_loss":0,"event_name":"Accursed Blacksmith","floor":3,"gold_loss":0,"cards_obtained":["Pain"]},{"damage_healed":0,"gold_gain":0,"player_choice":"Trade","damage_taken":0,"relics_obtained":["FaceOfCleric"],"max_hp_gain":0,"max_hp_loss":0,"event_name":"FaceTrader","floor":5,"gold_loss":0},{"damage_healed":0,"gold_gain":0,"player_choice":"Ignored","damage_taken":0,"max_hp_gain":0,"max_hp_loss":0,"event_name":"Cursed Tome","floor":19,"gold_loss":0},{"damage_healed":0,"gold_gain":0,"cards_transformed":["Quick Slash"],"player_choice":"Transformed","damage_taken":0,"max_hp_gain":0,"max_hp_loss":0,"event_name":"Transmorgrifier","floor":21,"gold_loss":0,"cards_obtained":["Venomology"]},{"damage_healed":0,"gold_gain":0,"player_choice":"Gave Idol","damage_taken":0,"relics_obtained":["Bloody Idol"],"max_hp_gain":0,"max_hp_loss":0,"event_name":"Forgotten Altar","floor":31,"relics_lost":["Golden Idol"],"gold_loss":0}],"is_beta":false,"boss_relics":[{"not_picked":["Runic Pyramid","Cursed Key"],"picked":"Astrolabe"}],"items_purged_floors":[7,14],"is_endless":false,"potions_floor_spawned":[1,4,11,18,24,28],"killed_by":"Collector","ascension_level":20}}