{"host":"aqym1xxr3lb31d9m","time":1611512994,"event":{"mods":["BaseMod","Block Reminder","Colored Map","Colored Powertips","DeckTracker","Highlight Path","Minty Spire (QoL Compilation)","Quick Restart","Random Character Button","StSLib","SuperFastMode","UnlockEverythingMod"],"gold_per_floor":[219,299,224,374,387,387,387,419,419,419,448,467,153,173,173,250,250,261,261,261,261,261,261,296,133,133,133,146,146,171,184,184,261,261,279,298,298,316,330,330,357,357,357,357,357,357,357,373,373,373,373,373,373,28,28,28],"floor_reached":55,"language":"JPN","playtime":2980,"items_purged":["Doubt"],"score":1828,"play_id":"c09d0dbf-e008-4600-9162-853deb8d5d59","local_time":"20210125032954","is_ascension_mode":true,"campfire_choices":[{"data":"Streamline","floor":6.0,"key":"SMITH"},{"floor":10.0,"key":"REST"},{"data":"Chaos","floor":15.0,"key":"SMITH"},{"data":"Biased Cognition","floor":23.0,"key":"SMITH"},{"data":"Defragment","floor":27.0,"key":"SMITH"},{"floor":29.0,"key":"REST"},{"data":"Hologram","floor":32.0,"key":"SMITH"},{"floor":40.0,"key":"REST"},{"data":"Coolheaded","floor":42.0,"key":"SMITH"},{"data":"Creative AI","floor":44.0,"key":"SMITH"},{"floor":49.0,"key":"RECALL"},{"floor":53.0,"key":"REST"}],"circlet_count":0,"master_deck":["AscendersBane","Strike_B+1","Strike_B+1","Strike_B+1","Defend_B+1","Defend_B+1","Defend_B+1","Zap+1","Dualcast","Streamline+1","Rebound","Undo","Biased Cognition+1","Hologram+1","Defragment+1","Chaos+1","Core Surge+1","Cold Snap+1","Glacier","Capacitor+1","Coolheaded+1","Go for the Eyes+1","Creative AI+1","Cold Snap+1","Undo+1","Impatience","Go for the Eyes+1","FTL+1","Barrage+1"],"relics":["Cracked Core","War Paint","Molten Egg 2","Art of War","Toolbox","Sozu","Regal Pillow","Runic Capacitor","Tiny Chest","Cursed Key","Mummified Hand","Torii"],"acts_visited":["Exordium","TheCity","TheBeyond","TheEnding"],"potions_floor_usage":[],"damage_taken":[{"damage":2.0,"enemies":"2 Louse","floor":1.0,"turns":4.0},{"damage":4.0,"enemies":"Jaw Worm","floor":5.0,"turns":3.0},{"damage":46.0,"enemies":"Gremlin Nob","floor":8.0,"turns":4.0},{"damage":14.0,"enemies":"Lagavulin","floor":11.0,"turns":7.0},{"damage":2.0,"enemies":"Small Slimes","floor":12.0,"turns":3.0},{"damage":0.0,"enemies":"2 Fungi Beasts","floor":14.0,"turns":2.0},{"damage":3.0,"enemies":"The Guardian","floor":16.0,"turns":10.0},{"damage":0.0,"enemies":"Chosen","floor":18.0,"turns":4.0},{"damage":22.0,"enemies":"Book of Stabbing","floor":24.0,"turns":6.0},{"damage":11.0,"enemies":"3 Byrds","floor":28.0,"turns":4.0},{"damage":20.0,"enemies":"Slavers","floor":30.0,"turns":6.0},{"damage":0.0,"enemies":"Snake Plant","floor":31.0,"turns":3.0},{"damage":13.0,"enemies":"Champ","floor":33.0,"turns":10.0},{"damage":17.0,"enemies":"3 Darklings","floor":35.0,"turns":10.0},{"damage":11.0,"enemies":"Orb Walker","floor":36.0,"turns":6.0},{"damage":7.0,"enemies":"Writhing Mass","floor":38.0,"turns":10.0},{"damage":0.0,"enemies":"Maw","floor":39.0,"turns":7.0},{"damage":0.0,"enemies":"Nemesis","floor":41.0,"turns":11.0},{"damage":15.0,"enemies":"Sphere and 2 Shapes","floor":48.0,"turns":5.0},{"damage":10.0,"enemies":"Time Eater","floor":50.0,"turns":17.0},{"damage":29.0,"enemies":"Donu and Deca","floor":51.0,"turns":8.0},{"damage":74,"enemies":"Shield and Spear","floor":55,"turns":4}],"seed_played":"5585290834629805376","potions_obtained":[{"floor":8.0,"key":"Explosive Potion"},{"floor":11.0,"key":"FearPotion"},{"floor":12.0,"key":"Strength Potion"}],"is_trial":false,"path_per_floor":["M","?","?","?","M","R","?","E","T","R","E","M","$","M","R","B",null,"M","?","$","?","?","R","E","$","T","R","M","R","E","M","R","B",null,"M","M","?","M","M","R","E","R","T","R","?","?","T","M","R","B","B",null,"R","$","E"],"character_chosen":"DEFECT","items_purchased":["Toolbox","Defragment","Runic Capacitor","Torii"],"campfire_rested":4,"item_purchase_floors":[13,13,25,54],"current_hp_per_floor":[62,62,62,62,58,58,58,12,12,33,19,17,17,17,17,14,57,57,57,57,57,57,57,35,35,35,35,24,60,40,40,40,27,60,43,32,27,20,20,56,56,56,56,56,56,56,56,41,41,31,2,51,67,67,0,0],"gold":28,"neow_bonus":"HUNDRED_GOLD","is_daily":false,"chose_seed":false,"campfire_upgraded":7,"win_rate":0.0,"timestamp":1611512994,"path_taken":["M","?","?","?","M","R","?","E","T","R","E","?","$","M","R","BOSS","M","?","$","?","?","R","E","$","T","R","M","R","E","M","R","BOSS","M","M","?","M","M","R","E","R","T","R","?","?","?","M","R","BOSS","BOSS","R","$","E"],"items_purchased_type":["Relic","Card","Relic","Relic"],"build_version":"2020-12-22","purchased_purges":1,"victory":false,"max_hp_per_floor":[71,71,71,71,71,71,71,71,71,71,71,71,71,71,71,71,71,71,71,71,71,71,71,71,71,71,71,71,71,71,71,71,71,71,71,71,71,71,71,71,71,71,71,71,67,67,67,67,67,67,67,67,67,67,67,67],"card_choices":[{"not_picked":["Loop","Stack"],"picked":"Streamline","floor":1.0},{"not_picked":["Streamline","Turbo"],"picked":"Rebound","floor":5.0},{"not_picked":["Loop","Gash"],"picked":"Undo","floor":8.0},{"not_picked":["Ball Lightning+1","BootSequence"],"picked":"Biased Cognition","floor":11.0},{"not_picked":["Force Field","Gash+1"],"picked":"Hologram","floor":12.0},{"not_picked":["Cold Snap+1","Gash+1"],"picked":"Chaos","floor":14.0},{"not_picked":["Creative AI","Amplify"],"picked":"Core Surge+1","floor":16.0},{"not_picked":["Double Energy","Conserve Battery"],"picked":"Cold Snap+1","floor":18.0},{"not_picked":["Cold Snap+1","Conserve Battery"],"picked":"Glacier","floor":24.0},{"not_picked":["Rebound+1","Streamline+1"],"picked":"Capacitor+1","floor":28.0},{"not_picked":["Doom and Gloom+1","Ball Lightning+1"],"picked":"Coolheaded","floor":30.0},{"not_picked":["Rebound+1","Coolheaded"],"picked":"Go for the Eyes+1","floor":31.0},{"not_picked":["Meteor Strike+1","Hyperbeam+1"],"picked":"Creative AI","floor":33.0},{"not_picked":["Stack","Leap"],"picked":"Cold Snap+1","floor":35.0},{"not_picked":["Ball Lightning+1","Hologram"],"picked":"Undo+1","floor":36.0},{"not_picked":["Secret Technique","Dark Shackles"],"picked":"Impatience","floor":37.0},{"not_picked":["Capacitor","Cold Snap+1"],"picked":"Go for the Eyes+1","floor":38.0},{"not_picked":["Go for the Eyes+1","Sweeping Beam+1"],"picked":"FTL+1","floor":39.0},{"not_picked":["Capacitor","Ball Lightning+1"],"picked":"Barrage+1","floor":41.0},{"not_picked":["Conserve Battery","Go for the Eyes+1","Rebound+1"],"picked":"SKIP","floor":48.0}],"player_experience":4040163,"relics_obtained":[{"floor":8.0,"key":"War Paint"},{"floor":9.0,"key":"Molten Egg 2"},{"floor":11.0,"key":"Art of War"},{"floor":24.0,"key":"Regal Pillow"},{"floor":30.0,"key":"Tiny Chest"},{"floor":41.0,"key":"Mummified Hand"}],"event_choices":[{"damage_healed":0.0,"max_hp_gain":0.0,"max_hp_loss":0.0,"gold_gain":80.0,"event_name":"Golden Wing","player_choice":"Gained Gold","floor":2.0,"gold_loss":0.0,"damage_taken":0.0},{"cards_removed":["Strike_B"],"damage_healed":0.0,"max_hp_gain":0.0,"max_hp_loss":0.0,"gold_gain":0.0,"event_name":"The Cleric","player_choice":"Card Removal","floor":3.0,"gold_loss":75.0,"damage_taken":0.0},{"damage_healed":0.0,"max_hp_gain":0.0,"max_hp_loss":0.0,"gold_gain":150.0,"event_name":"Liars Game","player_choice":"AGREE","floor":4.0,"gold_loss":0.0,"damage_taken":0.0,"cards_obtained":["Doubt"]},{"damage_healed":0.0,"max_hp_gain":0.0,"max_hp_loss":0.0,"gold_gain":0.0,"event_name":"Upgrade Shrine","player_choice":"Upgraded","floor":7.0,"gold_loss":0.0,"damage_taken":0.0,"cards_upgraded":["Zap"]},{"damage_healed":0.0,"max_hp_gain":0.0,"max_hp_loss":0.0,"gold_gain":0.0,"event_name":"Ghosts","player_choice":"Ignored","floor":19.0,"gold_loss":0.0,"damage_taken":0.0},{"damage_healed":0.0,"max_hp_gain":0.0,"max_hp_loss":0.0,"gold_gain":0.0,"event_name":"Back to Basics","player_choice":"Simplicity","floor":21.0,"gold_loss":0.0,"damage_taken":0.0,"cards_upgraded":["Strike_B","Strike_B","Strike_B","Defend_B","Defend_B"]},{"damage_healed":0.0,"max_hp_gain":0.0,"max_hp_loss":0.0,"gold_gain":0.0,"event_name":"The Mausoleum","player_choice":"Ignored","floor":22.0,"gold_loss":0.0,"damage_taken":0.0},{"damage_healed":0.0,"max_hp_gain":0.0,"max_hp_loss":0.0,"gold_gain":0.0,"event_name":"SensoryStone","player_choice":"Memory 2","floor":37.0,"gold_loss":0.0,"damage_taken":5.0},{"damage_healed":0.0,"max_hp_gain":0.0,"max_hp_loss":4.0,"gold_gain":0.0,"event_name":"Winding Halls","player_choice":"Max HP","floor":45.0,"gold_loss":0.0,"damage_taken":0.0},{"cards_removed":["Defend_B"],"damage_healed":0.0,"max_hp_gain":0.0,"max_hp_loss":0.0,"gold_gain":0.0,"event_name":"Falling","player_choice":"Removed Skill","floor":46.0,"gold_loss":0.0,"damage_taken":0.0}],"is_beta":false,"boss_relics":[{"not_picked":["Tiny House","Black Star"],"picked":"Sozu"},{"not_picked":["SacredBark","Philosopher\u0027s Stone"],"picked":"Cursed Key"}],"items_purged_floors":[13],"is_endless":false,"potions_floor_spawned":[8,11,12,18,30,33,35,38,48],"killed_by":"Shield and Spear","ascension_level":20}}