{"host":"v5j5rnxu2olnd6jo","time":1611468619,"event":{"mods":["BaseMod","Custom Start","DeckTracker","Keyboard Shortcuts","Minty Spire (QoL Compilation)","Permanent Neow","Quick Restart","StSLib","SuperFastMode"],"gold_per_floor":[109,128,128,152,173,173,213,213,213,213,227,227,227,260,260,260,260],"floor_reached":16,"language":"KOR","playtime":623,"items_purged":[],"score":220,"play_id":"2df248b9-8fba-40a2-99cf-d8bbf44acc0e","local_time":"20210124151019","is_ascension_mode":true,"campfire_choices":[{"data":"All Out Attack","floor":6.0,"key":"SMITH"},{"data":"Crippling Poison","floor":8.0,"key":"SMITH"},{"data":"Burst","floor":10.0,"key":"SMITH"},{"floor":13.0,"key":"REST"},{"floor":15.0,"key":"REST"}],"circlet_count":0,"master_deck":["AscendersBane","Strike_G+1","Strike_G","Strike_G+1","Strike_G","Defend_G","Defend_G","Defend_G","Defend_G","Survivor","Neutralize","Burst+1","Caltrops","All Out Attack+1","PiercingWail","Crippling Poison+1","Quick Slash+1","Predator","Prepared"],"relics":["Ring of the Snake","Golden Idol","Whetstone","Question Card","WingedGreaves"],"acts_visited":["Exordium"],"potions_floor_usage":[16,16],"damage_taken":[{"damage":7.0,"enemies":"Cultist","floor":1.0,"turns":5.0},{"damage":6.0,"enemies":"Jaw Worm","floor":2.0,"turns":6.0},{"damage":0.0,"enemies":"Small Slimes","floor":4.0,"turns":4.0},{"damage":5.0,"enemies":"Blue Slaver","floor":5.0,"turns":6.0},{"damage":24.0,"enemies":"Gremlin Nob","floor":7.0,"turns":4.0},{"damage":0.0,"enemies":"3 Louse","floor":11.0,"turns":2.0},{"damage":26.0,"enemies":"Lagavulin","floor":14.0,"turns":7.0},{"damage":23,"enemies":"Slime Boss","floor":16,"turns":7}],"seed_played":"1825897457258669338","potions_obtained":[{"floor":1.0,"key":"Fire Potion"},{"floor":2.0,"key":"GhostInAJar"},{"floor":14.0,"key":"FearPotion"}],"is_trial":false,"path_per_floor":["M","M","?","M","M","R","E","R","T","R","M","?","R","E","R","B"],"character_chosen":"THE_SILENT","items_purchased":[],"campfire_rested":2,"item_purchase_floors":[],"current_hp_per_floor":[52,46,46,46,41,41,17,17,17,17,17,17,33,7,23,0,0],"gold":260,"neow_bonus":"TRANSFORM_TWO_CARDS","is_daily":false,"chose_seed":false,"campfire_upgraded":3,"win_rate":0.0,"timestamp":1611468619,"path_taken":["M","?","?","M","M","R","E","R","T","R","M","?","R","E","R","BOSS"],"items_purchased_type":[],"build_version":"2020-12-22","purchased_purges":0,"victory":false,"max_hp_per_floor":[60,60,54,54,54,54,54,54,54,54,54,54,54,54,54,54,54],"card_choices":[{"not_picked":["Poisoned Stab","Sucker Punch"],"picked":"All Out Attack","floor":1.0},{"not_picked":["Infinite Blades","Prepared"],"picked":"PiercingWail","floor":2.0},{"not_picked":["Wraith Form v2","Acrobatics","Dodge and Roll"],"picked":"SKIP","floor":4.0},{"not_picked":["Wraith Form v2","Acrobatics","Dodge and Roll"],"picked":"SKIP","floor":4.0},{"not_picked":["Leg Sweep","Accuracy"],"picked":"Crippling Poison","floor":5.0},{"not_picked":["Deflect","Cloak And Dagger"],"picked":"Quick Slash","floor":7.0},{"not_picked":["Backflip","Wraith Form v2","Sucker Punch"],"picked":"Predator","floor":11.0},{"not_picked":["Deflect","Burst","Expertise"],"picked":"Prepared","floor":14.0}],"player_experience":889351,"relics_obtained":[{"floor":7.0,"key":"Whetstone"},{"floor":9.0,"key":"Question Card"},{"floor":14.0,"key":"WingedGreaves"}],"event_choices":[{"damage_healed":0.0,"max_hp_gain":0.0,"max_hp_loss":6.0,"gold_gain":0.0,"event_name":"Golden Idol","player_choice":"Lose Max HP","floor":3.0,"gold_loss":0.0,"damage_taken":0.0,"relics_obtained":["Golden Idol"]},{"damage_healed":0.0,"max_hp_gain":0.0,"max_hp_loss":0.0,"gold_gain":0.0,"event_name":"Living Wall","player_choice":"Grow","floor":12.0,"gold_loss":0.0,"damage_taken":0.0,"cards_upgraded":["Quick Slash"]}],"is_beta":false,"boss_relics":[],"items_purged_floors":[],"is_endless":false,"potions_floor_spawned":[1,2,14],"killed_by":"Slime Boss","ascension_level":20}}