{"host":"2tgyrzvaa7l04o2e","time":1611498702,"event":{"mods":["BaseMod","Highlight Path","Minty Spire (QoL Compilation)","Permanent Neow","Relic Stats"],"gold_per_floor":[117,134,154,229,229,229,263,283,356,37,55,55,55,82,82,156,156,174,174,186,186,186,186,203,221,221,240,273,290,319,338,338,415,415,427,452,452,203,215,240,90,90,90,116,133,162,162,194,194,194,194,194,69,69,69],"floor_reached":54,"language":"ENG","playtime":2964,"items_purged":["Strike_B","Bite","Bite"],"score":1328,"play_id":"65b84c18-8d8a-40ea-bc86-9aca60011e95","local_time":"20210124153142","is_ascension_mode":true,"campfire_choices":[{"data":"Sweeping Beam","floor":6,"key":"SMITH"},{"data":"Hologram","floor":12,"key":"SMITH"},{"data":"Zap","floor":15,"key":"SMITH"},{"data":"Rainbow","floor":23,"key":"SMITH"},{"data":"Defragment","floor":32,"key":"SMITH"},{"floor":49,"key":"RECALL"},{"data":"Creative AI","floor":52,"key":"SMITH"}],"circlet_count":0,"master_deck":["AscendersBane","Defend_B","Defend_B","Defend_B","Defend_B","Zap+1","Dualcast","Rip and Tear","Ball Lightning","Sweeping Beam+1","Trip","Hologram+1","Glacier","Compile Driver","Rainbow+1","Conserve Battery","Coolheaded","Bite","Bite","Bite","Compile Driver","Defragment+1","Creative AI+1","Loop","Panacea","Compile Driver+1"],"relics":["Sozu","Gambling Chip","Eternal Feather","Singing Bowl","Oddly Smooth Stone","Anchor","Coffee Dripper","PreservedInsect","HornCleat","Vajra","Kunai","Inserter","Ginger","Runic Capacitor","StrikeDummy","OrangePellets","White Beast Statue","Centennial Puzzle","Bottled Flame"],"acts_visited":["Exordium","TheCity","TheBeyond","TheEnding"],"potions_floor_usage":[],"damage_taken":[{"damage":2,"enemies":"Jaw Worm","floor":1,"turns":3},{"damage":2,"enemies":"Small Slimes","floor":2,"turns":3},{"damage":0,"enemies":"Cultist","floor":3,"turns":2},{"damage":25,"enemies":"Lagavulin","floor":7,"turns":4},{"damage":1,"enemies":"2 Fungi Beasts","floor":8,"turns":3},{"damage":0,"enemies":"Looter","floor":11,"turns":3},{"damage":12,"enemies":"3 Sentries","floor":14,"turns":6},{"damage":1,"enemies":"Hexaghost","floor":16,"turns":8},{"damage":0,"enemies":"Chosen","floor":18,"turns":3},{"damage":0,"enemies":"Spheric Guardian","floor":20,"turns":3},{"damage":0,"enemies":"Snake Plant","floor":24,"turns":4},{"damage":0,"enemies":"Snecko","floor":25,"turns":4},{"damage":15,"enemies":"3 Cultists","floor":27,"turns":5},{"damage":3,"enemies":"Slavers","floor":28,"turns":4},{"damage":0,"enemies":"Centurion and Healer","floor":29,"turns":4},{"damage":0,"enemies":"Book of Stabbing","floor":30,"turns":4},{"damage":6,"enemies":"Snecko","floor":31,"turns":4},{"damage":39,"enemies":"Collector","floor":33,"turns":11},{"damage":5,"enemies":"3 Darklings","floor":35,"turns":4},{"damage":15,"enemies":"Mind Bloom Boss Battle","floor":36,"turns":8},{"damage":1,"enemies":"3 Shapes","floor":39,"turns":7},{"damage":15,"enemies":"Giant Head","floor":40,"turns":6},{"damage":51,"enemies":"Reptomancer","floor":44,"turns":8},{"damage":11,"enemies":"Sphere and 2 Shapes","floor":45,"turns":5},{"damage":24,"enemies":"Nemesis","floor":46,"turns":6},{"damage":5,"enemies":"Reptomancer","floor":48,"turns":7},{"damage":11,"enemies":"Time Eater","floor":50,"turns":12},{"damage":70,"enemies":"Shield and Spear","floor":54,"turns":5}],"seed_played":"5583412642531994048","potions_obtained":[],"is_trial":false,"path_per_floor":["M","M","M","?","?","R","E","M","T","$","M","R","?","E","R","B",null,"M","?","M","?","T","R","M","M","T","M","E","M","E","M","R","B",null,"M","?","?","$","M","E","$","?","T","E","M","E","?","E","R","B",null,"R","$","E"],"character_chosen":"DEFECT","items_purchased":["Singing Bowl","Runic Capacitor","OrangePellets"],"campfire_rested":0,"item_purchase_floors":[10,38,41],"current_hp_per_floor":[66,64,64,53,53,53,28,27,27,27,27,36,18,8,17,16,62,62,62,62,53,53,53,53,55,55,44,49,59,61,63,63,44,58,63,58,52,52,67,58,58,58,58,21,22,12,64,66,66,65,66,66,66,0,0],"gold":69,"neow_bonus":"BOSS_RELIC","is_daily":false,"chose_seed":false,"campfire_upgraded":6,"win_rate":0.0,"timestamp":1611498702,"path_taken":["M","M","M","?","?","R","E","M","T","$","?","R","?","E","R","BOSS","M","?","?","?","?","R","?","M","T","M","E","M","E","M","R","BOSS","M","?","?","$","?","E","$","?","T","E","M","E","?","E","R","BOSS","R","$","E"],"items_purchased_type":["Relic","Relic","Relic"],"build_version":"2020-12-22","purchased_purges":3,"victory":false,"max_hp_per_floor":[75,75,75,75,75,75,75,75,75,75,75,75,75,77,77,77,77,77,77,77,53,53,53,53,55,55,57,57,59,61,63,63,63,63,65,65,69,69,69,71,71,67,67,69,71,73,64,66,66,66,66,66,66,66,66],"relic_stats":{"Sozu":15,"OrangePellets":[5],"Centennial Puzzle":[9],"Inserter":[31],"Singing Bowl":28,"counters":[28,146],"Gambling Chip":[52],"Eternal Feather":18,"PreservedInsect":461,"Kunai":[27],"Ginger":[9],"obtain_stats":[{"Inserter":34,"Singing Bowl":10,"Oddly Smooth Stone":13,"Vajra":28,"Eternal Feather":9,"PreservedInsect":22,"Runic Capacitor":38,"Ginger":36,"White Beast Statue":44,"Sozu":0,"OrangePellets":41,"Anchor":14,"Centennial Puzzle":46,"Bottled Flame":48,"HornCleat":26,"Gambling Chip":7,"Coffee Dripper":17,"Kunai":30,"Cracked Core":0,"StrikeDummy":40},{"Inserter":18,"Singing Bowl":5,"Oddly Smooth Stone":6,"Vajra":14,"Eternal Feather":5,"PreservedInsect":10,"Runic Capacitor":20,"Ginger":20,"White Beast Statue":23,"Sozu":0,"OrangePellets":22,"Anchor":7,"Centennial Puzzle":25,"Bottled Flame":26,"HornCleat":12,"Gambling Chip":4,"Coffee Dripper":8,"Kunai":16,"Cracked Core":0,"StrikeDummy":22},{"Inserter":78,"Singing Bowl":15,"Oddly Smooth Stone":18,"Vajra":55,"Eternal Feather":15,"PreservedInsect":38,"Runic Capacitor":90,"Ginger":90,"White Beast Statue":111,"Sozu":0,"OrangePellets":103,"Anchor":24,"Centennial Puzzle":122,"Bottled Flame":129,"HornCleat":46,"Gambling Chip":12,"Coffee Dripper":32,"Kunai":63,"Cracked Core":0,"StrikeDummy":103}]},"card_choices":[{"not_picked":["Go for the Eyes","Beam Cell"],"picked":"Rip and Tear","floor":1},{"not_picked":["Leap","Beam Cell"],"picked":"Ball Lightning","floor":2},{"not_picked":["Leap","Steam Power"],"picked":"Sweeping Beam","floor":3},{"not_picked":["Melter","Reboot"],"picked":"Hologram","floor":7},{"not_picked":["Turbo","Storm"],"picked":"Glacier","floor":8},{"not_picked":["Ball Lightning","Doom and Gloom"],"picked":"Compile Driver","floor":11},{"not_picked":["Chill","Leap","BootSequence"],"picked":"Singing Bowl","floor":14},{"not_picked":["Meteor Strike","Creative AI"],"picked":"Rainbow","floor":16},{"not_picked":["Leap","Rebound"],"picked":"Conserve Battery","floor":18},{"not_picked":["Undo","Static Discharge"],"picked":"Coolheaded","floor":20},{"not_picked":["Hologram","Ball Lightning+1"],"picked":"Compile Driver","floor":24},{"not_picked":["Static Discharge","Blizzard","Barrage"],"picked":"Singing Bowl","floor":25},{"not_picked":["Chill+1","Reinforced Body","Conserve Battery"],"picked":"Singing Bowl","floor":27},{"not_picked":["Streamline+1","Conserve Battery"],"picked":"Defragment","floor":28},{"not_picked":["Turbo","Streamline","Gash"],"picked":"Singing Bowl","floor":29},{"not_picked":["Multi-Cast","Heatsinks","Go for the Eyes"],"picked":"Singing Bowl","floor":30},{"not_picked":["Stack","Genetic Algorithm","Redo"],"picked":"Singing Bowl","floor":31},{"not_picked":["Buffer","Fission"],"picked":"Creative AI","floor":33},{"not_picked":["Genetic Algorithm","Steam","Aggregate"],"picked":"Singing Bowl","floor":35},{"not_picked":["Skim","Turbo"],"picked":"Loop","floor":36},{"not_picked":["Bandage Up","Enlightenment","Forethought"],"picked":"Singing Bowl","floor":37},{"not_picked":["Blind","Madness","Enlightenment"],"picked":"Singing Bowl","floor":37},{"not_picked":["Madness","Blind"],"picked":"Panacea","floor":37},{"not_picked":["Coolheaded","Sweeping Beam"],"picked":"Compile Driver+1","floor":39},{"not_picked":["Capacitor+1","Compile Driver","Go for the Eyes"],"picked":"Singing Bowl","floor":40},{"not_picked":["Ball Lightning+1","Skim","Cold Snap+1"],"picked":"Singing Bowl","floor":44},{"not_picked":["Redo","Steam Power","Scrape"],"picked":"Singing Bowl","floor":45},{"not_picked":["Hyperbeam","Genetic Algorithm","Machine Learning"],"picked":"Singing Bowl","floor":46},{"not_picked":["Sweeping Beam","Steam","Stack"],"picked":"Singing Bowl","floor":48}],"player_experience":648671,"relics_obtained":[{"floor":7,"key":"Gambling Chip"},{"floor":9,"key":"Eternal Feather"},{"floor":14,"key":"Anchor"},{"floor":22,"key":"PreservedInsect"},{"floor":26,"key":"HornCleat"},{"floor":28,"key":"Vajra"},{"floor":30,"key":"Kunai"},{"floor":36,"key":"Ginger"},{"floor":40,"key":"StrikeDummy"},{"floor":44,"key":"White Beast Statue"},{"floor":46,"key":"Centennial Puzzle"},{"floor":48,"key":"Bottled Flame"}],"event_choices":[{"damage_healed":0,"gold_gain":75,"player_choice":"Gather Gold","damage_taken":11,"max_hp_gain":0,"max_hp_loss":0,"event_name":"World of Goop","floor":4,"gold_loss":0},{"damage_healed":0,"gold_gain":0,"player_choice":"1 cards matched","damage_taken":0,"max_hp_gain":0,"max_hp_loss":0,"event_name":"Match and Keep!","floor":5,"gold_loss":0,"cards_obtained":["Trip"]},{"damage_healed":0,"gold_gain":0,"player_choice":"Success","damage_taken":18,"relics_obtained":["Oddly Smooth Stone"],"max_hp_gain":0,"max_hp_loss":0,"event_name":"Scrap Ooze","floor":13,"gold_loss":0},{"damage_healed":0,"gold_gain":0,"player_choice":"Ignored","damage_taken":0,"max_hp_gain":0,"max_hp_loss":0,"event_name":"N\u0027loth","floor":19,"gold_loss":0},{"damage_healed":0,"gold_gain":0,"player_choice":"Became a vampire","damage_taken":0,"max_hp_gain":0,"max_hp_loss":24,"event_name":"Vampires","floor":21,"gold_loss":0,"cards_obtained":["Bite","Bite","Bite","Bite","Bite"]},{"damage_healed":0,"gold_gain":0,"player_choice":"Fight","damage_taken":0,"max_hp_gain":0,"max_hp_loss":0,"event_name":"MindBloom","floor":36,"gold_loss":0},{"damage_healed":0,"gold_gain":0,"player_choice":"Memory 3","damage_taken":10,"max_hp_gain":0,"max_hp_loss":0,"event_name":"SensoryStone","floor":37,"gold_loss":0},{"damage_healed":0,"gold_gain":0,"player_choice":"Max HP","damage_taken":0,"max_hp_gain":0,"max_hp_loss":4,"event_name":"Winding Halls","floor":42,"gold_loss":0},{"damage_healed":64,"gold_gain":0,"player_choice":"Heal","damage_taken":0,"max_hp_gain":0,"max_hp_loss":9,"event_name":"The Moai Head","floor":47,"gold_loss":0}],"is_beta":false,"boss_relics":[{"not_picked":["Cursed Key","Ectoplasm"],"picked":"Coffee Dripper"},{"not_picked":["Busted Crown","SacredBark"],"picked":"Inserter"}],"items_purged_floors":[10,38,53],"is_endless":false,"potions_floor_spawned":[1,7,8,11,18,24,25,27,30,39,40,44,45,46,48],"killed_by":"Shield and Spear","ascension_level":13}}