{"host":"l84l8xigz5v5foa2","time":1611490366,"event":{"mods":["2.2 Compatiblity","AchievementEnabler","BaseMod","Better Note","Better Vampires","Card Filter","Colored Map","DeckTracker","Gremlin Skip","Highlight Path","Keyboard Shortcuts","Minty Spire (QoL Compilation)","Permanent Neow","Quick Restart","Relic Filter","Relic Stats","Shop Mod","StSLib","SuperFastMode","Transform Curses","Unknown Chances"],"gold_per_floor":[116,116,170,191,116,116,116,132,200,200,224,224,71,95,95,188,188,206,206,224,78,78,78,116,128,165,6,6,6,56,70,70,147,147,164,9,28,28,40,40,52,52,52,69,69,0,26,46,46,46],"floor_reached":51,"language":"KOR","playtime":2517,"items_purged":["Strike_G"],"score":1158,"play_id":"69821bf9-5726-45f3-a965-66c7415c2b47","local_time":"20210124211246","is_ascension_mode":true,"campfire_choices":[{"data":"Skewer","floor":6.0,"key":"SMITH"},{"data":"Acrobatics","floor":12.0,"key":"SMITH"},{"data":"Neutralize","floor":15.0,"key":"SMITH"},{"data":"Prepared","floor":23.0,"key":"SMITH"},{"data":"Prepared","floor":25.0,"key":"SMITH"},{"data":"Well Laid Plans","floor":28.0,"key":"SMITH"},{"data":"Forethought","floor":32.0,"key":"SMITH"},{"data":"Footwork","floor":40.0,"key":"SMITH"},{"data":"Deadly Poison","floor":42.0,"key":"SMITH"},{"data":"Reflex","floor":45.0,"key":"SMITH"},{"data":"Bouncing Flask","floor":49.0,"key":"SMITH"}],"circlet_count":0,"master_deck":["AscendersBane","Defend_G+1","Defend_G","Defend_G","Defend_G","Survivor","Neutralize+1","Skewer+1","Reflex+1","Deadly Poison+1","Acrobatics+1","Crippling Poison+1","After Image","Prepared+1","Footwork+1","Underhanded Strike","Prepared+1","Well Laid Plans+1","Forethought+1","Bouncing Flask+1","After Image","Sucker Punch+1","Expertise+1","Skewer+1","Backflip","Dagger Throw+1","Escape Plan"],"relics":["Ring of the Snake","Torii","Bloody Idol","Blood Vial","Paper Crane","CultistMask","Chemical X","HoveringKite","War Paint","MawBank","Juzu Bracelet","Empty Cage","Membership Card","Eternal Feather","Red Mask","MealTicket"],"acts_visited":["TheCity","TheBeyond"],"potions_floor_usage":[50],"damage_taken":[{"damage":0.0,"enemies":"2 Louse","floor":1.0,"turns":4.0},{"damage":0.0,"enemies":"Jaw Worm","floor":4.0,"turns":6.0},{"damage":1.0,"enemies":"Cultist","floor":8.0,"turns":3.0},{"damage":1.0,"enemies":"3 Louse","floor":11.0,"turns":4.0},{"damage":0.0,"enemies":"Looter","floor":14.0,"turns":2.0},{"damage":12.0,"enemies":"Slime Boss","floor":16.0,"turns":9.0},{"damage":0.0,"enemies":"Chosen","floor":18.0,"turns":6.0},{"damage":12.0,"enemies":"2 Thieves","floor":20.0,"turns":4.0},{"damage":11.0,"enemies":"Slavers","floor":24.0,"turns":6.0},{"damage":0.0,"enemies":"Snecko","floor":31.0,"turns":4.0},{"damage":1.0,"enemies":"Automaton","floor":33.0,"turns":11.0},{"damage":0.0,"enemies":"3 Shapes","floor":35.0,"turns":7.0},{"damage":13.0,"enemies":"Orb Walker","floor":37.0,"turns":4.0},{"damage":7.0,"enemies":"Jaw Worm Horde","floor":39.0,"turns":4.0},{"damage":1.0,"enemies":"Writhing Mass","floor":41.0,"turns":7.0},{"damage":1.0,"enemies":"3 Darklings","floor":44.0,"turns":6.0},{"damage":30.0,"enemies":"Reptomancer","floor":47.0,"turns":6.0},{"damage":1.0,"enemies":"Spire Growth","floor":48.0,"turns":5.0},{"damage":11,"enemies":"Donu and Deca","floor":50,"turns":9}],"seed_played":"-1560773617480396441","potions_obtained":[{"floor":1.0,"key":"DistilledChaos"},{"floor":11.0,"key":"Dexterity Potion"},{"floor":14.0,"key":"PowerPotion"},{"floor":16.0,"key":"Swift Potion"},{"floor":24.0,"key":"LiquidBronze"},{"floor":35.0,"key":"BlessingOfTheForge"},{"floor":37.0,"key":"Explosive Potion"},{"floor":48.0,"key":"AttackPotion"}],"is_trial":false,"path_per_floor":["M","?","T","M","?","R","?","M","T","?","M","R","$","M","R","B",null,"M","?","M","$","?","R","E","R","T","$","R","?","?","M","R","B",null,"M","$","M","?","M","R","M","R","T","M","R","?","E","M","R","B",null],"character_chosen":"THE_SILENT","items_purchased":["Chemical X","Footwork","Well Laid Plans","Forethought","Membership Card"],"campfire_rested":0,"item_purchase_floors":[13,21,27,27,36],"current_hp_per_floor":[59,38,38,40,40,40,40,41,41,41,42,42,42,44,44,34,54,56,56,46,46,46,46,37,37,37,37,37,37,42,49,49,55,59,60,60,52,60,58,58,60,60,60,60,60,60,35,41,56,47],"gold":46,"neow_bonus":"ONE_RARE_RELIC","is_daily":false,"chose_seed":false,"campfire_upgraded":11,"win_rate":0.0,"timestamp":1611490366,"path_taken":["M","?","?","?","?","R","?","M","T","?","?","R","$","M","R","BOSS","M","?","?","$","?","R","E","R","T","$","R","?","?","M","R","BOSS","M","$","M","?","M","R","M","R","T","M","R","?","E","M","R","BOSS"],"items_purchased_type":["Relic","Card","Card","Card","Relic"],"build_version":"2020-12-22","purchased_purges":1,"victory":true,"max_hp_per_floor":[60,60,60,60,60,60,60,60,60,60,60,60,60,60,60,60,60,60,60,60,60,60,60,60,60,60,60,60,60,60,60,60,60,60,60,60,60,60,60,60,60,60,60,60,60,60,60,60,60,60],"relic_stats":{"Torii":35,"counters":[19,107],"HoveringKite":[53],"Eternal Feather":15,"Juzu Bracelet":1,"War Paint":["Crippling Poison","Defend_G"],"MawBank":36,"Blood Vial":27,"Bloody Idol":37,"MealTicket":0,"Chemical X":[48],"obtain_stats":[{"Torii":0,"Golden Idol":2,"HoveringKite":17,"Eternal Feather":43,"Juzu Bracelet":26,"Paper Crane":9,"War Paint":19,"MawBank":24,"Empty Cage":34,"Blood Vial":3,"Bloody Idol":29,"MealTicket":47,"CultistMask":10,"Red Mask":46,"Chemical X":13,"Membership Card":36,"Ring of the Snake":0},{"Torii":0,"Golden Idol":1,"HoveringKite":6,"Eternal Feather":15,"Juzu Bracelet":9,"Paper Crane":3,"War Paint":7,"MawBank":9,"Empty Cage":11,"Blood Vial":1,"Bloody Idol":9,"MealTicket":17,"CultistMask":3,"Red Mask":16,"Chemical X":4,"Membership Card":12,"Ring of the Snake":0},{"Torii":0,"Golden Idol":4,"HoveringKite":28,"Eternal Feather":81,"Juzu Bracelet":44,"Paper Crane":13,"War Paint":34,"MawBank":44,"Empty Cage":59,"Blood Vial":4,"Bloody Idol":44,"MealTicket":93,"CultistMask":13,"Red Mask":87,"Chemical X":17,"Membership Card":66,"Ring of the Snake":0}],"Ring of the Snake":[38]},"card_choices":[{"not_picked":["Setup","Underhanded Strike"],"picked":"Skewer","floor":1.0},{"not_picked":["Flechettes","PiercingWail"],"picked":"Reflex","floor":4.0},{"not_picked":["Underhanded Strike","Bouncing Flask"],"picked":"Deadly Poison","floor":8.0},{"not_picked":["Dagger Spray","Deflect"],"picked":"Acrobatics","floor":11.0},{"not_picked":["Eviscerate","PiercingWail"],"picked":"Crippling Poison","floor":14.0},{"not_picked":["Malaise","Doppelganger"],"picked":"After Image","floor":16.0},{"not_picked":["All Out Attack+1","Infinite Blades"],"picked":"Prepared","floor":18.0},{"not_picked":["Bouncing Flask+1","Cloak And Dagger","Bane"],"picked":"SKIP","floor":20.0},{"not_picked":["Bane","Storm of Steel"],"picked":"Prepared","floor":24.0},{"not_picked":["PiercingWail","Blur"],"picked":"Bouncing Flask","floor":31.0},{"not_picked":["Phantasmal Killer","Unload"],"picked":"After Image","floor":33.0},{"not_picked":["Well Laid Plans+1","Setup"],"picked":"Sucker Punch+1","floor":35.0},{"not_picked":["Dagger Spray","Riddle With Holes+1"],"picked":"Expertise+1","floor":37.0},{"not_picked":["Choke","Prepared"],"picked":"Skewer+1","floor":39.0},{"not_picked":["Underhanded Strike","A Thousand Cuts"],"picked":"Backflip","floor":41.0},{"not_picked":["Bane","Slice"],"picked":"Dagger Throw+1","floor":44.0},{"not_picked":["Prepared+1","Dagger Throw+1"],"picked":"Escape Plan","floor":47.0},{"not_picked":["Dash+1","Deadly Poison","Bane+1"],"picked":"SKIP","floor":48.0}],"player_experience":1423032,"relics_obtained":[{"floor":3.0,"key":"Blood Vial"},{"floor":9.0,"key":"Paper Crane"},{"floor":24.0,"key":"MawBank"},{"floor":26.0,"key":"Juzu Bracelet"},{"floor":43.0,"key":"Eternal Feather"},{"floor":47.0,"key":"MealTicket"}],"event_choices":[{"damage_healed":0.0,"max_hp_gain":0.0,"max_hp_loss":0.0,"gold_gain":0.0,"event_name":"Golden Idol","player_choice":"Take Damage","floor":2.0,"gold_loss":0.0,"damage_taken":21.0,"relics_obtained":["Golden Idol"]},{"cards_removed":["Strike_G"],"damage_healed":0.0,"max_hp_gain":0.0,"max_hp_loss":0.0,"gold_gain":0.0,"event_name":"The Cleric","player_choice":"Card Removal","floor":5.0,"gold_loss":75.0,"damage_taken":0.0},{"damage_healed":0.0,"max_hp_gain":0.0,"max_hp_loss":0.0,"gold_gain":0.0,"event_name":"Dead Adventurer","player_choice":"Searched \u00270\u0027 times","floor":7.0,"gold_loss":0.0,"damage_taken":0.0},{"damage_healed":0.0,"max_hp_gain":0.0,"max_hp_loss":0.0,"gold_gain":0.0,"event_name":"FaceTrader","player_choice":"Trade","floor":10.0,"gold_loss":0.0,"damage_taken":0.0,"relics_obtained":["CultistMask"]},{"damage_healed":0.0,"max_hp_gain":0.0,"max_hp_loss":0.0,"gold_gain":0.0,"event_name":"WeMeetAgain","player_choice":"Gave Potion","floor":19.0,"gold_loss":0.0,"damage_taken":0.0,"relics_obtained":["War Paint"]},{"damage_healed":0.0,"max_hp_gain":0.0,"max_hp_loss":0.0,"gold_gain":0.0,"cards_transformed":["Strike_G","Strike_G"],"event_name":"Drug Dealer","player_choice":"Became Test Subject","floor":22.0,"gold_loss":0.0,"damage_taken":0.0,"cards_obtained":["Underhanded Strike","Finisher"]},{"damage_healed":0.0,"max_hp_gain":0.0,"max_hp_loss":0.0,"gold_gain":0.0,"event_name":"Forgotten Altar","player_choice":"Gave Idol","floor":29.0,"relics_lost":["Golden Idol"],"gold_loss":0.0,"damage_taken":0.0,"relics_obtained":["Bloody Idol"]},{"damage_healed":0.0,"max_hp_gain":0.0,"max_hp_loss":0.0,"gold_gain":50.0,"event_name":"Nest","player_choice":"Stole From Cult","floor":30.0,"gold_loss":0.0,"damage_taken":0.0},{"cards_removed":["Finisher"],"damage_healed":8.0,"max_hp_gain":0.0,"max_hp_loss":0.0,"gold_gain":0.0,"event_name":"Bonfire Elementals","player_choice":"Offered Uncommon","floor":38.0,"gold_loss":0.0,"damage_taken":0.0},{"damage_healed":0.0,"max_hp_gain":0.0,"max_hp_loss":0.0,"gold_gain":0.0,"event_name":"Tomb of Lord Red Mask","player_choice":"Paid","floor":46.0,"gold_loss":69.0,"damage_taken":0.0,"relics_obtained":["Red Mask"]}],"is_beta":false,"boss_relics":[{"not_picked":["Coffee Dripper","Philosopher\u0027s Stone"],"picked":"HoveringKite"},{"not_picked":["Cursed Key","Velvet Choker"],"picked":"Empty Cage"}],"items_purged_floors":[21],"is_endless":false,"potions_floor_spawned":[1,11,14,16,18,24,35,37,48],"ascension_level":15}}