{"host":"mo324zvkdr1xwprd","time":1611498976,"event":{"mods":["BaseMod","Better Note","BetterRewards","Hermit","Highlight Path","Hubris","Minty Spire (QoL Compilation)","Quick Restart","Rare Cards Sparkle","Shop Mod","StSLib","The Cursed","The Hierophant"],"gold_per_floor":[119,129,145,320,339,374,374,384,408,483,126,136,136,169,169,273,273,287,297,297,310,328,328,328,328,381,412,412,17,31,64,64,168,168,185,195,212,212,212,239,292,302,353,353,353,379,379,406,406,406,406,406,14,44,44,44],"floor_reached":55,"language":"ENG","playtime":7492,"items_purged":[],"score":958,"play_id":"40cb439f-aa34-456b-93c4-01150d23dad5","local_time":"20210124143616","is_ascension_mode":true,"campfire_choices":[{"floor":7,"key":"REST"},{"floor":13,"key":"RECALL"},{"data":"TheCursedMod:CircleOfCorruption","floor":15,"key":"SMITH"},{"floor":23,"key":"REST"},{"floor":25,"key":"REST"},{"floor":28,"key":"REST"},{"floor":32,"key":"REST"},{"floor":45,"key":"REST"},{"floor":49,"key":"REST"},{"floor":52,"key":"REST"}],"circlet_count":0,"master_deck":["TheCursedMod:Strike_TheCursed","TheCursedMod:Strike_TheCursed","TheCursedMod:Strike_TheCursed","TheCursedMod:Defend_TheCursed","TheCursedMod:Defend_TheCursed","TheCursedMod:Defend_TheCursed","TheCursedMod:Defend_TheCursed","TheCursedMod:CursedWand","TheCursedMod:CleanUpWorkshop","TheCursedMod:Dregs","TheCursedMod:SmokeScreen","TheCursedMod:Wield","TheCursedMod:SpitefulStrike","Doubt","TheCursedMod:LuckyCharm","TheCursedMod:CircleOfFlame","TheCursedMod:CircleOfCorruption+1","TheCursedMod:SoulReap","TheCursedMod:Stigma","TheCursedMod:Neurasthenia+1","TheCursedMod:CircleOfCorruption+1","TheCursedMod:AntiAging+1","TheCursedMod:SpreadPlague+1","TheCursedMod:HellfireBreathing","TheCursedMod:AshesToAshes+1","TheCursedMod:CursedBoomerang","Injury","TheCursedMod:TroublousMinions+1","TheCursedMod:DemonSword","TheCursedMod:HellsGateOpen","Deep Breath+1","TheCursedMod:CursedShiv","TheCursedMod:DemonicPact","TheCursedMod:OutForBlood","TheCursedMod:CursedSpellbook+1","TheCursedMod:CircleOfCorruption+1","TheCursedMod:BlessingInDisguise+1","Metamorphosis+1","Deep Breath+1","Finesse+1","TheCursedMod:CursedMace+1","TheCursedMod:NeowsMight+1","Pain","TheCursedMod:ReleasedStrength+1","TheCursedMod:CursedArmor+1","TheCursedMod:Torture+1","TheCursedMod:SpitefulStrike","TheCursedMod:CursedShiv","TheCursedMod:VoidForm"],"relics":["TheCursedMod:BlackMagic101","CaptainsWheel","Vajra","Toxic Egg 2","hubris:DisguiseKit","Cursed Key","Omamori","Anchor","hubris:TinFlute","Fusion Hammer","hubris:Towel","Kunai","Strawberry","Blood Vial","TheCursedMod:Tack","Orichalcum","Lee\u0027s Waffle","hubris:Metronome"],"acts_visited":["Exordium","TheCity","TheBeyond","TheEnding"],"potions_floor_usage":[6,14,18,18,22,31,33,40,42,42,53,54,55],"damage_taken":[{"damage":3,"enemies":"Jaw Worm","floor":1,"turns":5},{"damage":3,"enemies":"Small Slimes","floor":2,"turns":4},{"damage":0,"enemies":"Cultist","floor":3,"turns":4},{"damage":9,"enemies":"Red Slaver","floor":5,"turns":3},{"damage":26,"enemies":"3 Sentries","floor":6,"turns":16},{"damage":0,"enemies":"Large Slime","floor":8,"turns":6},{"damage":0,"enemies":"Looter","floor":12,"turns":3},{"damage":10,"enemies":"Lagavulin","floor":14,"turns":6},{"damage":34,"enemies":"Slime Boss","floor":16,"turns":12},{"damage":37,"enemies":"3 Byrds","floor":18,"turns":4},{"damage":2,"enemies":"Chosen","floor":19,"turns":4},{"damage":24,"enemies":"Snecko","floor":21,"turns":6},{"damage":14,"enemies":"Snake Plant","floor":22,"turns":3},{"damage":26,"enemies":"Book of Stabbing","floor":27,"turns":6},{"damage":11,"enemies":"Centurion and Healer","floor":30,"turns":5},{"damage":22,"enemies":"Slavers","floor":31,"turns":3},{"damage":25,"enemies":"hubris:MusketHawk","floor":33,"turns":7},{"damage":0,"enemies":"Orb Walker","floor":35,"turns":3},{"damage":3,"enemies":"3 Shapes","floor":36,"turns":5},{"damage":1,"enemies":"Writhing Mass","floor":37,"turns":5},{"damage":1,"enemies":"Reptomancer","floor":40,"turns":5},{"damage":65,"enemies":"Transient","floor":42,"turns":5},{"damage":5,"enemies":"Giant Head","floor":46,"turns":6},{"damage":14,"enemies":"Reptomancer","floor":48,"turns":4},{"damage":40,"enemies":"Donu and Deca","floor":50,"turns":7},{"damage":74,"enemies":"Shield and Spear","floor":54,"turns":7},{"damage":100,"enemies":"The Heart","floor":55,"turns":6}],"seed_played":"290644956445986806","potions_obtained":[{"floor":1,"key":"Explosive Potion"},{"floor":6,"key":"Block Potion"},{"floor":12,"key":"Explosive Potion"},{"floor":16,"key":"SkillPotion"},{"floor":19,"key":"TheCursedMod:DregsPotion"},{"floor":30,"key":"LiquidMemories"},{"floor":31,"key":"Weak Potion"},{"floor":35,"key":"PowerPotion"},{"floor":37,"key":"TheCursedMod:DregsPotion"},{"floor":40,"key":"Strength Potion"},{"floor":46,"key":"Fire Potion"},{"floor":54,"key":"SpeedPotion"}],"is_trial":false,"path_per_floor":["M","M","M","?","M","E","R","M","T","?","$","M","R","E","R","B",null,"M","M","?","M","M","R","?","R","T","E","R","$","M","E","R","B",null,"M","M","M","?","?","E","T","M","T","?","R","E","?","E","R","B",null,"R","$","E","B"],"character_chosen":"THE_CURSED","items_purchased":["TheCursedMod:SoulReap","TheCursedMod:Stigma","Toxic Egg 2","Anchor","TheCursedMod:DemonSword","TheCursedMod:HellsGateOpen","Deep Breath+1","Lee\u0027s Waffle","Fruit Juice","TheCursedMod:Torture+1","TheCursedMod:SpitefulStrike","TheCursedMod:CursedShiv"],"campfire_rested":8,"item_purchase_floors":[11,11,11,29,29,29,29,53,53,53,53,53],"current_hp_per_floor":[79,76,76,76,67,41,65,65,65,57,57,57,57,53,53,25,82,47,57,57,39,34,60,43,70,70,53,81,81,76,54,82,69,99,99,102,101,91,91,99,106,50,50,50,84,95,95,101,121,94,124,124,136,67,0,0],"gold":44,"neow_bonus":"TEN_PERCENT_HP_BONUS","is_daily":false,"chose_seed":false,"campfire_upgraded":1,"win_rate":0.0,"timestamp":1611498976,"path_taken":["M","M","M","?","M","E","R","M","T","?","$","M","R","E","R","BOSS","M","M","?","?","M","R","?","R","T","E","R","$","M","E","R","BOSS","M","M","M","?","?","E","?","?","T","?","R","E","?","E","R","BOSS","R","$","E","BOSS"],"items_purchased_type":["Card","Card","Relic","Relic","Card","Card","Card","Relic","Potion","Card","Card","Card"],"build_version":"2020-12-22","purchased_purges":0,"victory":false,"max_hp_per_floor":[82,82,82,82,82,82,82,82,82,82,82,82,82,82,82,82,82,82,85,85,85,88,88,93,93,93,96,96,96,96,96,96,99,99,99,102,102,102,102,105,112,115,115,115,115,118,118,121,121,124,124,124,136,136,139,139],"card_choices":[{"not_picked":["TheCursedMod:BloodBarrier","TheCursedMod:CircleOfFlame"],"picked":"TheCursedMod:SmokeScreen","floor":1},{"not_picked":["TheCursedMod:VitalStrike","TheCursedMod:Mangle"],"picked":"TheCursedMod:Wield","floor":2},{"not_picked":["TheCursedMod:CircleOfFlame","TheCursedMod:TacticalStrike"],"picked":"TheCursedMod:SpitefulStrike","floor":3},{"not_picked":["TheCursedMod:DoubleShield","TheCursedMod:CursedAmulet"],"picked":"TheCursedMod:LuckyCharm","floor":5},{"not_picked":["TheCursedMod:VitalStrike","TheCursedMod:RavingStaff"],"picked":"TheCursedMod:CircleOfFlame","floor":6},{"not_picked":["TheCursedMod:SurpriseAttack","TheCursedMod:Hemoplague"],"picked":"TheCursedMod:CircleOfCorruption","floor":8},{"not_picked":["TheCursedMod:CursedShiv","TheCursedMod:SaltUponWound+1"],"picked":"TheCursedMod:Neurasthenia+1","floor":12},{"not_picked":["TheCursedMod:CursedArmor+1","TheCursedMod:Stigma"],"picked":"TheCursedMod:CircleOfCorruption+1","floor":14},{"not_picked":["TheCursedMod:UltimatePain+1","TheCursedMod:DarkBarrier+1","Bludgeon"],"picked":"TheCursedMod:AntiAging+1","floor":16},{"not_picked":["TheCursedMod:Stigma+1","TheCursedMod:BloodBarrier+1","Pommel Strike"],"picked":"TheCursedMod:SpreadPlague+1","floor":18},{"not_picked":["TheCursedMod:LuckyCharm","TheCursedMod:SoulCrush+1","Headbutt"],"picked":"TheCursedMod:HellfireBreathing","floor":19},{"not_picked":["TheCursedMod:RavingStaff+1","TheCursedMod:Hemoplague","Body Slam"],"picked":"TheCursedMod:AshesToAshes+1","floor":21},{"not_picked":["TheCursedMod:Obscuration+1","TheCursedMod:RapidMovement+1","Seeing Red"],"picked":"TheCursedMod:CursedBoomerang","floor":22},{"not_picked":["TheCursedMod:AshesToAshes+1","TheCursedMod:Stigma+1","Blood for Blood"],"picked":"TheCursedMod:TroublousMinions+1","floor":27},{"not_picked":["TheCursedMod:DoubleShield+1","TheCursedMod:Obscuration+1","Seeing Red"],"picked":"TheCursedMod:CursedShiv","floor":30},{"not_picked":["TheCursedMod:CircleOfAmplification+1","TheCursedMod:ReleasedKnowledge+1","Dual Wield"],"picked":"TheCursedMod:DemonicPact","floor":31},{"not_picked":["TheCursedMod:StunningStrike","TheCursedMod:CursedRelics","Fiend Fire"],"picked":"TheCursedMod:OutForBlood","floor":33},{"not_picked":["TheCursedMod:FleshFromBone+1","TheCursedMod:SmokeScreen+1","Heavy Blade"],"picked":"TheCursedMod:CursedSpellbook+1","floor":35},{"not_picked":["TheCursedMod:Stigma+1","TheCursedMod:TroublousMinions+1","Armaments"],"picked":"TheCursedMod:CircleOfCorruption+1","floor":36},{"not_picked":["TheCursedMod:CursedShiv+1","TheCursedMod:SaltUponWound+1","hubris:CleavingFinish"],"picked":"TheCursedMod:BlessingInDisguise+1","floor":37},{"not_picked":["Panache","hubris:Ssssneak+1"],"picked":"Metamorphosis+1","floor":38},{"not_picked":["Madness+1","Magnetism"],"picked":"Deep Breath+1","floor":38},{"not_picked":["Madness+1","Good Instincts+1"],"picked":"Finesse+1","floor":38},{"not_picked":["TheCursedMod:VitalStrike","TheCursedMod:DemonicPact","Perfected Strike"],"picked":"TheCursedMod:CursedMace+1","floor":40},{"not_picked":["TheCursedMod:SmokeScreen+1","TheCursedMod:SurpriseAttack+1","Rage"],"picked":"TheCursedMod:NeowsMight+1","floor":42},{"not_picked":["TheCursedMod:Evocation+1","TheCursedMod:Torture+1","Shockwave"],"picked":"TheCursedMod:ReleasedStrength+1","floor":46},{"not_picked":["TheCursedMod:CursedSpellbook+1","TheCursedMod:Obscuration+1","Clash"],"picked":"TheCursedMod:CursedArmor+1","floor":48},{"not_picked":["TheCursedMod:AbyssShockwave+1","TheCursedMod:CircleOfCorruption+1","Iron Wave"],"picked":"TheCursedMod:VoidForm","floor":54}],"player_experience":368531,"relics_obtained":[{"floor":6,"key":"CaptainsWheel"},{"floor":9,"key":"Vajra"},{"floor":14,"key":"hubris:DisguiseKit"},{"floor":27,"key":"Omamori"},{"floor":31,"key":"hubris:TinFlute"},{"floor":40,"key":"Kunai"},{"floor":41,"key":"Strawberry"},{"floor":43,"key":"Blood Vial"},{"floor":46,"key":"TheCursedMod:Tack"},{"floor":48,"key":"Orichalcum"},{"floor":54,"key":"hubris:Metronome"}],"event_choices":[{"damage_healed":0,"gold_gain":175,"player_choice":"AGREE","damage_taken":0,"max_hp_gain":0,"max_hp_loss":0,"event_name":"Liars Game","floor":4,"gold_loss":0,"cards_obtained":["Doubt"]},{"damage_healed":0,"gold_gain":75,"player_choice":"Touch","damage_taken":8,"max_hp_gain":0,"max_hp_loss":0,"event_name":"FaceTrader","floor":10,"gold_loss":0},{"cards_removed":["TheCursedMod:Strike_TheCursed"],"damage_healed":0,"gold_gain":0,"player_choice":"Purged","damage_taken":0,"max_hp_gain":0,"max_hp_loss":0,"event_name":"Purifier","floor":20,"gold_loss":0},{"damage_healed":0,"gold_gain":0,"player_choice":"Shed Blood","damage_taken":22,"max_hp_gain":5,"max_hp_loss":0,"event_name":"Forgotten Altar","floor":24,"gold_loss":0},{"damage_healed":0,"gold_gain":0,"player_choice":"Memory 3","damage_taken":10,"max_hp_gain":0,"max_hp_loss":0,"event_name":"SensoryStone","floor":38,"gold_loss":0},{"damage_healed":0,"gold_gain":0,"player_choice":"Ignored","damage_taken":0,"max_hp_gain":0,"max_hp_loss":0,"event_name":"The Moai Head","floor":44,"gold_loss":0},{"damage_healed":0,"gold_gain":0,"player_choice":"Ignored","damage_taken":0,"max_hp_gain":0,"max_hp_loss":0,"event_name":"Tomb of Lord Red Mask","floor":47,"gold_loss":0}],"is_beta":false,"boss_relics":[{"not_picked":["hubris:RunicObelisk","hubris:VirtuousBlindfold"],"picked":"Cursed Key"},{"not_picked":["Sozu","Calling Bell"],"picked":"Fusion Hammer"}],"items_purged_floors":[],"is_endless":false,"potions_floor_spawned":[1,6,12,16,19,30,31,35,37,40,46,54],"killed_by":"The Heart","ascension_level":2}}