{"host":"06h77atpgiec8kbk","time":1611489421,"event":{"mods":["Act Like it!","Alarm Clock","Arknights The Spire","Aspiration","Bard","BaseMod","CapriCore","Colored Powertips","Conspire","Downfall","Energized Spire","Hermit","Marisa£®ÏF”Í°°ƒß¿Ì…≥£©","Minty Spire (QoL Compilation)","Quick Restart","Reimu£®≤©¿ˆ¡È√Œ£©","Relic Stats","Replay The Spire","StSLib","The Construct","The Cursed","The Gatherer","The Hierophant","The Immortal","The Marked","The Runesmith","[GremlinLeader]The Maniac","°æ“≈ŒÔø®≈∆°øREMEMod"],"gold_per_floor":[118,205,222,287,267,267,296,306,306,340,355,374,73,73,73,90,90,90,90],"floor_reached":18,"language":"ZHS","playtime":459,"items_purged":[],"score":154,"play_id":"c60f3e95-9578-4ac0-9385-625de817764a","local_time":"20210124195701","is_ascension_mode":true,"campfire_choices":[{"data":"ats:Emotion Absorption","floor":6.0,"key":"SMITH"},{"data":"1","floor":17,"key":"LIFT"}],"circlet_count":0,"master_deck":["ats:Strike C","ats:Strike G","ats:Strike S","ats:Strike V","ats:Armor Crushing Shot","ats:Defend","ats:Defend","ats:Defend","ats:Defend","ats:Emotion Absorption+1","ats:Sword Rain","ats:Flexible Camouflage","ats:Flexible Camouflage","bard:MagnumOpus"],"relics":["ats:Sanity","REME_ComplimentaryCards","NeowsBlessing","ats:Originium","Bird Faced Urn","Frozen Egg 2","Regal Pillow","Girya"],"acts_visited":["Exordium"],"potions_floor_usage":[10,10],"damage_taken":[{"damage":0.0,"enemies":"conspire:RoseBush","floor":1.0,"turns":1.0},{"damage":0.0,"enemies":"Small Slimes","floor":3.0,"turns":1.0},{"damage":0.0,"enemies":"3 Sentries","floor":7.0,"turns":1.0},{"damage":1.0,"enemies":"2 Louse","floor":8.0,"turns":2.0},{"damage":42,"enemies":"Lagavulin","floor":10,"turns":9},{"damage":14,"enemies":"2 Fungi Beasts","floor":11,"turns":5},{"damage":0,"enemies":"Lots of Slimes","floor":12,"turns":1},{"damage":13,"enemies":"Red Slaver","floor":16,"turns":2},{"damage":0,"enemies":"The Guardian","floor":18,"turns":1}],"seed_played":"7298090307886505657","potions_obtained":[{"floor":1.0,"key":"Dexterity Potion"},{"floor":5.0,"key":"Slimebound:ThreeZeroPotion"},{"floor":8.0,"key":"Block Potion"},{"floor":16,"key":"ZuzhouPotion:ReiMu"}],"is_trial":false,"path_per_floor":["M","?","M","?","?","R","E","M","T","E","M","M","$","PTL","PTL","M","R","B"],"character_chosen":"DOCTOR_CLASS","items_purchased":["Girya"],"campfire_rested":0,"item_purchase_floors":[13],"current_hp_per_floor":[72,72,72,72,72,72,72,71,71,29,15,15,15,15,15,2,2,2,2],"gold":90,"neow_bonus":"THREE_ENEMY_KILL","is_daily":false,"chose_seed":false,"campfire_upgraded":1,"win_rate":0.0,"timestamp":1611489421,"path_taken":["M","?","M","?","?","R","E","M","T","E","M","?","?","PTL","PTL","M","R","BOSS"],"items_purchased_type":["Relic"],"build_version":"2020-12-22","purchased_purges":0,"victory":false,"max_hp_per_floor":[72,72,72,72,72,72,72,72,72,72,72,72,72,72,72,72,72,72,72],"relic_stats":{"Regal Pillow":0,"counters":[9,23],"Bird Faced Urn":[0],"obtain_stats":[{"Girya":13,"Regal Pillow":10,"NeowsBlessing":0,"ats:Originium":7,"Bird Faced Urn":7,"ats:Sanity":0,"Frozen Egg 2":9,"REME_ComplimentaryCards":0},{"Girya":7,"Regal Pillow":5,"NeowsBlessing":0,"ats:Originium":3,"Bird Faced Urn":3,"ats:Sanity":0,"Frozen Egg 2":4,"REME_ComplimentaryCards":0},{"Girya":20,"Regal Pillow":14,"NeowsBlessing":0,"ats:Originium":3,"Bird Faced Urn":3,"ats:Sanity":0,"Frozen Egg 2":5,"REME_ComplimentaryCards":0}]},"card_choices":[{"not_picked":["ats:Curse Doll","ats:Consecutive Shot Auto"],"picked":"ats:Sword Rain","floor":1.0},{"not_picked":["ats:Magnetic Hammer","ats:Consecutive Shot Auto"],"picked":"ats:Flexible Camouflage","floor":2.0},{"not_picked":["ats:Spore Proliferation","ats:Consecutive Shot Auto"],"picked":"ats:Flexible Camouflage","floor":3.0},{"not_picked":["ats:Mental Burst","ats:Magnetic Hammer","ats:Revitalization"],"picked":"SKIP","floor":7.0},{"not_picked":["ats:Mental Burst","ats:Magnetic Hammer","ats:Revitalization"],"picked":"SKIP","floor":7.0},{"not_picked":["ats:Mental Burst","ats:Magnetic Hammer","ats:Revitalization"],"picked":"SKIP","floor":7.0},{"not_picked":["ats:Guard Mode","ats:Healing Drone","ats:Powerful Strike"],"picked":"SKIP","floor":8.0},{"not_picked":["ats:Curse Doll","ats:Absolute Focus","ats:Steam Pump"],"picked":"SKIP","floor":10},{"not_picked":["ats:Closed Bolt Burst Fire","ats:Volcano","ats:Flexible Camouflage"],"picked":"SKIP","floor":11},{"not_picked":["ats:Consecutive Shot Auto","ats:Assault Order","ats:Flexible Camouflage"],"picked":"SKIP","floor":12},{"not_picked":["ats:Encircling Forest","ats:Curse Doll","ats:Hammer On"],"picked":"SKIP","floor":16}],"player_experience":833240,"relics_obtained":[{"floor":7.0,"key":"ats:Originium"},{"floor":7.0,"key":"Bird Faced Urn"},{"floor":9.0,"key":"Frozen Egg 2"},{"floor":10,"key":"ats:Originium"},{"floor":10,"key":"Regal Pillow"}],"event_choices":[{"damage_healed":0.0,"max_hp_gain":0.0,"max_hp_loss":0.0,"gold_gain":65.0,"event_name":"Golden Wing","player_choice":"Gained Gold","floor":4.0,"gold_loss":0.0,"damage_taken":0.0},{"damage_healed":0.0,"max_hp_gain":0.0,"max_hp_loss":0.0,"gold_gain":0.0,"event_name":"The Woman in Blue","player_choice":"Bought 1 Potion","floor":5.0,"gold_loss":0.0,"damage_taken":0.0}],"is_beta":false,"boss_relics":[],"items_purged_floors":[],"is_endless":false,"potions_floor_spawned":[1,8,16],"killed_by":"The Guardian","ascension_level":1}}