{"host":"Ringo","time":1611464542,"event":{"mods":["BaseMod","Colored Map","Conspire","Dota2Spire","Minty Spire (QoL Compilation)","Replay The Spire","StSLib","[IsaacMod]ÒÔÈö¼âËþ","¡¾ÒÅÎï¿¨ÅÆ¡¿REMEMod"],"gold_per_floor":[109,129,139,153,171,227,239,278,316,363,406,446,492,518,530,613,625,652,664,688,725,151,183,215,250,250,283,332,357,32,60,60,226,226,270,288,349,424,264,297,297,361,361,394,394,438,405,462,462,373,82],"floor_reached":52,"language":"ZHS","playtime":2013,"items_purged":[],"score":4263,"play_id":"bd9a5dec-c5b0-47bd-9ccf-648988a3a425","local_time":"20210124130222","daily_mods":["SealedDeck","Vintage","Heirloom","Time Dilation","Flight","DeadlyEvents","Elite Swarm","Lethality","Binary"],"is_ascension_mode":true,"campfire_choices":[{"data":"Storm","floor":7,"key":"SMITH"},{"data":"White Noise","floor":15,"key":"SMITH"},{"data":"Electrodynamics","floor":15,"key":"SMITH"},{"floor":32,"key":"DIG"},{"floor":41,"key":"DIG"},{"data":"conspire:SharedLibrary","floor":45,"key":"SMITH"},{"data":"Go for the Eyes","floor":45,"key":"SMITH"},{"data":"Gash","floor":49,"key":"SMITH"},{"data":"Go for the Eyes","floor":49,"key":"SMITH"}],"circlet_count":0,"master_deck":["AscendersBane","BettingIsNotGood","Compile Driver","Cold Snap","Gash+1","Go for the Eyes+1","BootSequence","Rebound","conspire:SharedLibrary+1","Storm+1","Go for the Eyes+1","White Noise+1","Electrodynamics+1","Capacitor","Sunder","Heatsinks"],"relics":["Cracked Core","Busted Crown","HushsDoor","REME_ComplimentaryCards","Dota2Spire:Butterfly","BookOfRevelations","conspire:Flyswatter","Dota2Spire:UrnOfShadows","TuHaoJin","Strawberry","MawBank","conspire:GlowingRock","Letter Opener","Dota2Spire:MaskOfMadness","Replay:Arrowhead","PunchingBag","Dota2Spire:ShadowBlade","Dota2Spire:EchoSabre","Dota2Spire:Mjollnir","REME_DuelDisc","conspire:DeflatedDodgeball","Red Mask","Replay:Frozen Program","GuppysTail","Dota2Spire:Satanic","Ginger","Meat on the Bone","PokeGo","Dota2Spire:MantaStyle","PreservedInsect","Dota2Spire:OctarineCore","Replay:Multitool","REME_ArchaeologicalTools","Iron Hammer","conspire:RunicOctahedron","SatanicBible","RottenBaby","Gremlin Horn","Pantograph","StoneCalendar","Ice Cream","REME_OnlineShoppingPlatform","SharpPlug","Smiling Mask","conspire:IceCreamScoop","GuppysHead","Dota2Spire:Dagon","Replay:Baseball","Dota2Spire:MonkeyKingBar","Dota2Spire:ArmletOfMordiggian"],"acts_visited":["Exordium","TheCity","TheBeyond"],"potions_floor_usage":[6,6,16,40,47,47,47,47,50,50,50,50,50,50,51,51,51,51,51,51,51,51,51,51,51,51,51,51,51],"damage_taken":[{"damage":0,"enemies":"Jaw Worm","floor":1,"turns":2},{"damage":0,"enemies":"Small Slimes","floor":2,"turns":2},{"damage":0,"enemies":"Cultist","floor":3,"turns":2},{"damage":0,"enemies":"Blue Slaver","floor":4,"turns":2},{"damage":0,"enemies":"Large Slime","floor":5,"turns":3},{"damage":0,"enemies":"Gremlin Nob","floor":6,"turns":3},{"damage":0,"enemies":"3 Sentries","floor":8,"turns":2},{"damage":0,"enemies":"Gremlin Nob","floor":10,"turns":3},{"damage":0,"enemies":"3 Sentries","floor":11,"turns":3},{"damage":0,"enemies":"Lagavulin","floor":12,"turns":3},{"damage":0,"enemies":"3 Sentries","floor":13,"turns":3},{"damage":0,"enemies":"Lots of Slimes","floor":14,"turns":1},{"damage":0,"enemies":"Hexaghost","floor":16,"turns":4},{"damage":0,"enemies":"Shell Parasite","floor":18,"turns":2},{"damage":0,"enemies":"Chosen","floor":20,"turns":2},{"damage":0,"enemies":"Masked Bandits","floor":21,"turns":2},{"damage":0,"enemies":"REME_1_Revenger","floor":23,"turns":3},{"damage":0,"enemies":"Book of Stabbing","floor":24,"turns":3},{"damage":0,"enemies":"Gremlin Leader","floor":25,"turns":3},{"damage":0,"enemies":"Book of Stabbing","floor":27,"turns":3},{"damage":0,"enemies":"Gremlin Leader","floor":28,"turns":3},{"damage":0,"enemies":"Book of Stabbing","floor":29,"turns":2},{"damage":0,"enemies":"Centurion and Healer","floor":31,"turns":2},{"damage":1,"enemies":"Pondfish","floor":33,"turns":4},{"damage":0,"enemies":"3 Darklings","floor":35,"turns":1},{"damage":0,"enemies":"3 Shapes","floor":36,"turns":1},{"damage":0,"enemies":"2 Orb Walkers","floor":37,"turns":2},{"damage":0,"enemies":"R_Hoarder","floor":38,"turns":3},{"damage":0,"enemies":"Giant Head","floor":40,"turns":2},{"damage":0,"enemies":"Reptomancer","floor":42,"turns":1},{"damage":0,"enemies":"Nemesis","floor":44,"turns":1},{"damage":0,"enemies":"R_Hoarder","floor":46,"turns":2},{"damage":0,"enemies":"Maw","floor":47,"turns":1},{"damage":0,"enemies":"Giant Head","floor":48,"turns":2},{"damage":0,"enemies":"Donu and Deca","floor":50,"turns":1},{"damage":0,"enemies":"Awakened One","floor":51,"turns":2}],"seed_played":"6977713871797611262","potions_obtained":[{"floor":2,"key":"Block Potion"},{"floor":3,"key":"Languid Potion"},{"floor":8,"key":"Dota2Spire:HealingSalve"},{"floor":14,"key":"DuplicationPotion"},{"floor":16,"key":"Dota2Spire:HealingSalve"}],"is_trial":true,"path_per_floor":["M","M","M","M","M","E","R","E","T","E","E","E","E","M","R","B",null,"M","?","M","?","$","E","E","E","T","E","E","E","$","M","R","B",null,"M","M","?","E","$","E","R","E","T","E","R","E","M","E","R","B","B",null],"character_chosen":"DEFECT","items_purchased":["Capacitor","Sunder","Replay:Frozen Program","Heatsinks","GuppysTail","Replay:Multitool","SatanicBible","RottenBaby","REME_OnlineShoppingPlatform"],"campfire_rested":0,"item_purchase_floors":[17,17,22,22,22,30,34,34,39],"current_hp_per_floor":[64,64,64,71,71,71,71,74,74,74,78,78,78,78,78,78,73,73,73,73,73,73,73,73,73,73,73,73,73,73,73,73,72,47,47,47,47,47,47,47,47,47,47,47,47,47,52,52,52,52,52],"gold":82,"neow_bonus":"","is_daily":false,"chose_seed":false,"campfire_upgraded":7,"win_rate":0.0,"timestamp":1611464542,"path_taken":["M","M","M","M","M","E","R","E","T","E","E","E","E","M","R","BOSS","M","?","M","?","$","E","E","E","T","?","E","E","$","M","R","BOSS","M","M","?","?","$","E","R","E","T","E","R","E","?","E","R","BOSS","BOSS"],"items_purchased_type":["Card","Card","Relic","Card","Relic","Relic","Relic","Relic","Relic"],"build_version":"2020-12-18","purchased_purges":0,"victory":true,"max_hp_per_floor":[71,71,71,78,78,78,78,78,78,78,78,78,78,78,78,78,73,73,73,73,73,73,73,73,73,73,73,73,73,73,73,73,73,47,47,47,47,47,47,47,47,47,47,47,47,47,52,52,52,52,52],"card_choices":[{"not_picked":[],"picked":"BettingIsNotGood","floor":0}],"player_experience":553801,"relics_obtained":[{"floor":1,"key":"conspire:Flyswatter"},{"floor":2,"key":"Dota2Spire:UrnOfShadows"},{"floor":3,"key":"TuHaoJin"},{"floor":4,"key":"Strawberry"},{"floor":5,"key":"MawBank"},{"floor":6,"key":"conspire:GlowingRock"},{"floor":8,"key":"Letter Opener"},{"floor":9,"key":"Dota2Spire:MaskOfMadness"},{"floor":10,"key":"Replay:Arrowhead"},{"floor":11,"key":"PunchingBag"},{"floor":12,"key":"Dota2Spire:ShadowBlade"},{"floor":13,"key":"Dota2Spire:EchoSabre"},{"floor":14,"key":"Dota2Spire:Mjollnir"},{"floor":18,"key":"conspire:DeflatedDodgeball"},{"floor":21,"key":"Red Mask"},{"floor":23,"key":"Dota2Spire:Satanic"},{"floor":24,"key":"Ginger"},{"floor":25,"key":"Meat on the Bone"},{"floor":26,"key":"PokeGo"},{"floor":27,"key":"Dota2Spire:MantaStyle"},{"floor":28,"key":"PreservedInsect"},{"floor":29,"key":"Dota2Spire:OctarineCore"},{"floor":31,"key":"REME_ArchaeologicalTools"},{"floor":32,"key":"Iron Hammer"},{"floor":35,"key":"Gremlin Horn"},{"floor":36,"key":"Pantograph"},{"floor":37,"key":"StoneCalendar"},{"floor":38,"key":"Ice Cream"},{"floor":40,"key":"SharpPlug"},{"floor":41,"key":"Smiling Mask"},{"floor":42,"key":"conspire:IceCreamScoop"},{"floor":43,"key":"GuppysHead"},{"floor":44,"key":"Dota2Spire:Dagon"},{"floor":46,"key":"Replay:Baseball"},{"floor":47,"key":"Dota2Spire:MonkeyKingBar"},{"floor":48,"key":"Dota2Spire:ArmletOfMordiggian"}],"event_choices":[{"damage_healed":0,"gold_gain":0,"player_choice":"Ignored","damage_taken":0,"max_hp_gain":0,"max_hp_loss":0,"event_name":"Vampires","floor":19,"gold_loss":0},{"damage_healed":0,"gold_gain":0,"player_choice":"Fought Bandits","damage_taken":0,"max_hp_gain":0,"max_hp_loss":0,"event_name":"Masked Bandits","floor":21,"gold_loss":0},{"damage_healed":0,"gold_gain":0,"player_choice":"Fight","damage_taken":0,"max_hp_gain":0,"max_hp_loss":0,"event_name":"Mysterious Sphere","floor":37,"gold_loss":0}],"is_beta":true,"boss_relics":[{"not_picked":["Empty Cage","ChewingGum"],"picked":"REME_DuelDisc"},{"not_picked":[]},{"not_picked":["Coffee Dripper","Replay:Drink Me"],"picked":"conspire:RunicOctahedron"},{"not_picked":[]}],"items_purged_floors":[],"is_endless":false,"potions_floor_spawned":[2,3,5,8,14,16,24,25,28,31,33,38,40,44,46,47],"ascension_level":20}}