{"host":"v3mpq6flurzldi5g","time":1611519296,"event":{"mods":["AchievementEnabler","BaseMod","Colored Powertips","Highlight Path","Minty Spire (QoL Compilation)","StSLib"],"gold_per_floor":[118,136,147,147,223,223,255,255,279,279,293,293,310,96,96,201,201,219,219,232,246,301,301,3,13,13,13,32,32,57,70,70,182,182,209,236,236,64,73,108,120,120],"floor_reached":41,"language":"ENG","playtime":2181,"items_purged":[],"score":606,"play_id":"37f7ec3c-6482-42c1-a586-324acec6d03d","local_time":"20210124151456","is_ascension_mode":true,"campfire_choices":[{"data":"Defend_P","floor":6.0,"key":"SMITH"},{"data":"Defend_P","floor":8.0,"key":"SMITH"},{"data":"Defend_P","floor":10.0,"key":"SMITH"},{"data":"BattleHymn","floor":15.0,"key":"SMITH"},{"floor":23,"key":"REST"},{"data":"Defend_P","floor":27,"key":"SMITH"},{"data":"TalkToTheHand","floor":29,"key":"SMITH"},{"floor":32,"key":"REST"}],"circlet_count":0,"master_deck":["Strike_P","Strike_P","Defend_P+1","Defend_P+1","Defend_P+1","Defend_P+1","Eruption+1","Vigilance","Wallop","LikeWater+1","WheelKick","FearNoEvil","SashWhip","Crescendo","BattleHymn+1","Alpha","WaveOfTheHand","Protect+1","InnerPeace+1","TalkToTheHand+1","MasterReality","Conclude+1","FlurryOfBlows+1","Adaptation","Dramatic Entrance","DeceiveReality"],"relics":["HolyWater","Happy Flower","Boot","Tiny Chest","Orichalcum","Nunchaku","Lizard Tail","Eternal Feather","CeramicFish","Black Star","Lee\u0027s Waffle","Pantograph","MawBank"],"acts_visited":["Exordium","TheCity","TheBeyond"],"potions_floor_usage":[28,30,30],"damage_taken":[{"damage":3.0,"enemies":"Jaw Worm","floor":1.0,"turns":5.0},{"damage":0.0,"enemies":"Small Slimes","floor":2.0,"turns":3.0},{"damage":0.0,"enemies":"2 Louse","floor":3.0,"turns":3.0},{"damage":0.0,"enemies":"Gremlin Nob","floor":7.0,"turns":3.0},{"damage":7.0,"enemies":"Exordium Thugs","floor":11.0,"turns":3.0},{"damage":0.0,"enemies":"Lots of Slimes","floor":13.0,"turns":4.0},{"damage":10.0,"enemies":"The Guardian","floor":16.0,"turns":10.0},{"damage":11.0,"enemies":"Shell Parasite","floor":18.0,"turns":5.0},{"damage":6.0,"enemies":"Chosen","floor":20.0,"turns":3.0},{"damage":5,"enemies":"Shelled Parasite and Fungi","floor":21,"turns":5},{"damage":9,"enemies":"Sentry and Sphere","floor":25,"turns":4},{"damage":13,"enemies":"Snake Plant","floor":28,"turns":4},{"damage":54,"enemies":"Slavers","floor":30,"turns":5},{"damage":25,"enemies":"Cultist and Chosen","floor":31,"turns":7},{"damage":46,"enemies":"Collector","floor":33,"turns":10},{"damage":17,"enemies":"Orb Walker","floor":35,"turns":5},{"damage":21,"enemies":"3 Shapes","floor":36,"turns":5},{"damage":115,"enemies":"Giant Head","floor":40,"turns":10},{"damage":39,"enemies":"Sphere and 2 Shapes","floor":41,"turns":5}],"seed_played":"3115439502714911814","potions_obtained":[{"floor":1.0,"key":"AttackPotion"},{"floor":3.0,"key":"Explosive Potion"},{"floor":11.0,"key":"Dexterity Potion"},{"floor":16.0,"key":"FairyPotion"},{"floor":21,"key":"DistilledChaos"},{"floor":25,"key":"LiquidBronze"},{"floor":28,"key":"SkillPotion"}],"is_trial":false,"path_per_floor":["M","M","M","?","?","R","E","R","T","R","M","?","M","$","R","B",null,"M","?","M","M","T","R","$","M","T","R","M","R","E","M","R","B",null,"M","M","?","$","?","E","M"],"character_chosen":"WATCHER","items_purchased":["BattleHymn","Orichalcum","Lizard Tail","Lee\u0027s Waffle","Adaptation"],"campfire_rested":2,"item_purchase_floors":[14,14,24,38,38],"current_hp_per_floor":[62,62,62,62,62,62,62,62,62,62,55,55,55,55,55,45,65,54,54,48,43,43,64,64,55,55,67,54,66,12,21,54,8,56,39,18,18,79,79,39,0,0],"gold":120,"neow_bonus":"RANDOM_COMMON_RELIC","is_daily":false,"chose_seed":false,"campfire_upgraded":6,"win_rate":0.0,"timestamp":1611519296,"path_taken":["M","M","M","?","?","R","E","R","T","R","M","?","M","$","R","BOSS","M","?","M","?","?","R","$","M","T","R","M","R","E","M","R","BOSS","M","M","?","$","?","E","M"],"items_purchased_type":["Card","Relic","Relic","Relic","Card"],"build_version":"2020-12-22","purchased_purges":0,"victory":false,"max_hp_per_floor":[72,72,72,72,72,72,72,72,72,72,72,72,72,72,72,72,72,72,72,72,72,72,72,72,72,72,72,72,72,72,72,72,72,72,72,72,72,79,79,79,79,79],"card_choices":[{"not_picked":["EmptyMind","Conclude"],"picked":"Wallop","floor":1.0},{"not_picked":["Prostrate","EmptyBody"],"picked":"LikeWater","floor":2.0},{"not_picked":["CrushJoints","Nirvana"],"picked":"WheelKick","floor":3.0},{"not_picked":["BowlingBash","PathToVictory"],"picked":"FearNoEvil","floor":7.0},{"not_picked":["BowlingBash","Prostrate"],"picked":"SashWhip","floor":11.0},{"not_picked":["WreathOfFlame","SignatureMove"],"picked":"Crescendo","floor":13.0},{"not_picked":["Vault","DeusExMachina"],"picked":"Alpha","floor":16.0},{"not_picked":["ClearTheMind+1","FlurryOfBlows"],"picked":"WaveOfTheHand","floor":18.0},{"not_picked":["PathToVictory","FollowUp+1"],"picked":"Protect+1","floor":20.0},{"not_picked":["BowlingBash","ClearTheMind"],"picked":"InnerPeace+1","floor":21},{"not_picked":["WheelKick","PathToVictory"],"picked":"TalkToTheHand","floor":25},{"not_picked":["BowlingBash+1","ThirdEye","Halt"],"picked":"SKIP","floor":28},{"not_picked":["FollowUp","CutThroughFate","Weave+1"],"picked":"SKIP","floor":30},{"not_picked":["WreathOfFlame","PathToVictory","FlyingSleeves+1"],"picked":"SKIP","floor":31},{"not_picked":["LessonLearned","Alpha"],"picked":"MasterReality","floor":33},{"not_picked":["Consecrate","BattleHymn+1"],"picked":"Conclude+1","floor":35},{"not_picked":["TalkToTheHand","Halt"],"picked":"FlurryOfBlows+1","floor":36},{"not_picked":["Jack Of All Trades","Secret Technique"],"picked":"Dramatic Entrance","floor":39},{"not_picked":["ClearTheMind","Nirvana"],"picked":"DeceiveReality","floor":40}],"player_experience":1033832,"relics_obtained":[{"floor":7.0,"key":"Boot"},{"floor":9.0,"key":"Tiny Chest"},{"floor":22,"key":"Nunchaku"},{"floor":26,"key":"Eternal Feather"},{"floor":30,"key":"CeramicFish"},{"floor":40,"key":"Pantograph"},{"floor":40,"key":"MawBank"}],"event_choices":[{"damage_healed":0.0,"max_hp_gain":0.0,"max_hp_loss":0.0,"gold_gain":0.0,"event_name":"Living Wall","player_choice":"Grow","floor":4.0,"gold_loss":0.0,"damage_taken":0.0,"cards_upgraded":["Eruption"]},{"damage_healed":0.0,"max_hp_gain":0.0,"max_hp_loss":0.0,"gold_gain":76.0,"event_name":"Golden Wing","player_choice":"Gained Gold","floor":5.0,"gold_loss":0.0,"damage_taken":0.0},{"cards_removed":["Strike_P"],"damage_healed":0.0,"max_hp_gain":0.0,"max_hp_loss":0.0,"gold_gain":0.0,"event_name":"Bonfire Elementals","player_choice":"Offered Basic","floor":12.0,"gold_loss":0.0,"damage_taken":0.0},{"damage_healed":0.0,"max_hp_gain":0.0,"max_hp_loss":0.0,"gold_gain":0.0,"event_name":"Upgrade Shrine","player_choice":"Upgraded","floor":19.0,"gold_loss":0.0,"damage_taken":0.0,"cards_upgraded":["LikeWater"]},{"cards_removed":["Strike_P"],"damage_healed":0,"gold_gain":0,"player_choice":"Removed Attack","damage_taken":0,"max_hp_gain":0,"max_hp_loss":0,"event_name":"Falling","floor":37,"gold_loss":0},{"damage_healed":0,"gold_gain":0,"player_choice":"Memory 1","damage_taken":0,"max_hp_gain":0,"max_hp_loss":0,"event_name":"SensoryStone","floor":39,"gold_loss":0}],"is_beta":false,"boss_relics":[{"not_picked":["Cursed Key","SacredBark"],"picked":"HolyWater"},{"not_picked":["Calling Bell","Velvet Choker"],"picked":"Black Star"}],"items_purged_floors":[],"is_endless":false,"potions_floor_spawned":[1,3,11,16,21,25,28],"killed_by":"Sphere and 2 Shapes","ascension_level":6}}