{"host":"2ica2wc1gg7guzbw","time":1611498046,"event":{"mods":["BaseMod","Colored Map","Minty Spire (QoL Compilation)","Replay The Spire","Shop Mod","StSLib"],"gold_per_floor":[367,313,331,34,47,74,88,88,112,112,92,125,125,158,158,158,158],"floor_reached":16,"language":"RUS","playtime":656,"items_purged":[],"score":236,"play_id":"b0faae9f-0614-4570-bf77-616e127faf24","local_time":"20210124182046","is_ascension_mode":true,"campfire_choices":[{"data":"Magnetism","floor":10.0,"key":"SMITH"},{"floor":13,"key":"REST"},{"floor":15,"key":"REST"}],"circlet_count":0,"master_deck":["AscendersBane","Strike_B","Strike_B","Strike_B","Strike_B","Defend_B","Defend_B","Defend_B","Defend_B","Zap","Dualcast","Auto Shields","Cold Snap","Defragment","Magnetism+1","Glacier","Hyperbeam+1","Turbo","Ball Lightning"],"relics":["Cracked Core","Lantern","Boot","Blue Candle"],"acts_visited":["Exordium"],"potions_floor_usage":[16,16],"damage_taken":[{"damage":1.0,"enemies":"Cultist","floor":1.0,"turns":3.0},{"damage":2.0,"enemies":"Jaw Worm","floor":3.0,"turns":3.0},{"damage":2.0,"enemies":"Small Slimes","floor":5.0,"turns":4.0},{"damage":14.0,"enemies":"3 Sentries","floor":6.0,"turns":11.0},{"damage":0.0,"enemies":"Exordium Thugs","floor":7.0,"turns":1.0},{"damage":35,"enemies":"Gremlin Nob","floor":12,"turns":6},{"damage":12,"enemies":"3 Sentries","floor":14,"turns":3},{"damage":46,"enemies":"Fading Forest","floor":16,"turns":11}],"seed_played":"-5533429453101801028","potions_obtained":[{"floor":1.0,"key":"Venom Potion"},{"floor":6.0,"key":"BlessingOfTheForge"},{"floor":7.0,"key":"DistilledChaos"},{"floor":11.0,"key":"LiquidMemories"}],"is_trial":false,"path_per_floor":["M","$","M","$","M","E","M","?","T","R","?","E","R","E","R","B"],"character_chosen":"DEFECT","items_purchased":["Cold Snap","Magnetism","Glacier"],"campfire_rested":2,"item_purchase_floors":[2,4,4],"current_hp_per_floor":[63,63,61,61,59,45,45,45,45,45,45,10,29,17,36,0,0],"gold":158,"neow_bonus":"TWO_FIFTY_GOLD","is_daily":false,"chose_seed":false,"campfire_upgraded":1,"win_rate":0.0,"timestamp":1611498046,"path_taken":["M","$","M","$","M","E","?","?","T","R","?","E","R","E","R","BOSS"],"items_purchased_type":["Card","Card","Card"],"build_version":"2020-12-22","purchased_purges":0,"victory":false,"max_hp_per_floor":[64,64,64,64,64,64,64,64,64,64,64,64,64,64,64,64,64],"card_choices":[{"not_picked":["Redo","Gash"],"picked":"Auto Shields","floor":1.0},{"not_picked":["Stack","Conserve Battery"],"picked":"Defragment","floor":3.0},{"not_picked":["Rebound","Streamline"],"picked":"Hyperbeam","floor":5.0},{"not_picked":["Stack","ReplayTheSpireMod:Repulse","Reprogram"],"picked":"SKIP","floor":6.0},{"not_picked":["Gash","Streamline"],"picked":"Turbo","floor":7.0},{"not_picked":["Hologram","Aggregate","Compile Driver"],"picked":"SKIP","floor":12},{"not_picked":["Rebound","Sweeping Beam"],"picked":"Ball Lightning","floor":14}],"player_experience":930655,"relics_obtained":[{"floor":6.0,"key":"Lantern"},{"floor":12,"key":"Boot"},{"floor":14,"key":"Blue Candle"}],"event_choices":[{"damage_healed":0.0,"max_hp_gain":0.0,"max_hp_loss":0.0,"gold_gain":0.0,"event_name":"Living Wall","player_choice":"Grow","floor":8.0,"gold_loss":0.0,"damage_taken":0.0,"cards_upgraded":["Hyperbeam"]},{"damage_healed":0.0,"max_hp_gain":0.0,"max_hp_loss":0.0,"gold_gain":0.0,"event_name":"The Woman in Blue","player_choice":"Bought 1 Potion","floor":11.0,"gold_loss":0.0,"damage_taken":0.0}],"is_beta":false,"boss_relics":[],"items_purged_floors":[],"is_endless":false,"potions_floor_spawned":[1,6,7,12],"killed_by":"Fading Forest","ascension_level":20}}