{"host":"Krakhan","time":1611514452,"event":{"mods":["AchievementEnabler","BaseMod","Colored Map","Colored Powertips","Faster Ascension Climbing","Highlight Path","Minty Spire (QoL Compilation)","Rare Cards Sparkle","Relic Stats","StSLib"],"gold_per_floor":[111,111,131,141,141,166,166,191,191,208,232,232,259,334,334,407,407,418,17,27,47,67,67,67],"floor_reached":23,"language":"ENG","playtime":1814,"items_purged":["Defend_B"],"score":422,"play_id":"2a4018a6-d351-4317-9d80-ec5840a7f752","local_time":"20210124135412","is_ascension_mode":true,"campfire_choices":[{"floor":7.0,"key":"REST"},{"floor":12.0,"key":"REST"},{"floor":15.0,"key":"REST"}],"circlet_count":0,"master_deck":["AscendersBane","Strike_B","Strike_B","Strike_B","Defend_B","Defend_B","Defend_B","Zap","Dualcast","Apotheosis+1","Gash","Hologram","Melter","Chaos","Redo","Conserve Battery","Electrodynamics","Fission","Reinforced Body","Coolheaded","Go for the Eyes","Barrage+1","Sweeping Beam+1"],"relics":["Cracked Core","Orichalcum","Gambling Chip","StrikeDummy","Happy Flower","InkBottle","Inserter","ClockworkSouvenir"],"acts_visited":["Exordium","TheCity"],"potions_floor_usage":[23],"damage_taken":[{"damage":0.0,"enemies":"2 Louse","floor":1.0,"turns":3.0},{"damage":2.0,"enemies":"Jaw Worm","floor":3.0,"turns":2.0},{"damage":1.0,"enemies":"Cultist","floor":4.0,"turns":4.0},{"damage":25.0,"enemies":"3 Sentries","floor":6.0,"turns":7.0},{"damage":25.0,"enemies":"Gremlin Nob","floor":8.0,"turns":4.0},{"damage":5.0,"enemies":"Exordium Wildlife","floor":10.0,"turns":3.0},{"damage":7.0,"enemies":"Lagavulin","floor":13.0,"turns":6.0},{"damage":10.0,"enemies":"The Guardian","floor":16.0,"turns":10.0},{"damage":10.0,"enemies":"Chosen","floor":18.0,"turns":5.0},{"damage":13.0,"enemies":"Shell Parasite","floor":20.0,"turns":4.0},{"damage":13.0,"enemies":"Shelled Parasite and Fungi","floor":21.0,"turns":4.0},{"damage":0.0,"enemies":"Sentry and Sphere","floor":22.0,"turns":3.0},{"damage":34,"enemies":"Gremlin Leader","floor":23,"turns":2}],"seed_played":"2842624715598584150","potions_obtained":[{"floor":1.0,"key":"FocusPotion"},{"floor":6.0,"key":"EssenceOfSteel"},{"floor":8.0,"key":"PotionOfCapacity"},{"floor":22.0,"key":"Dexterity Potion"}],"is_trial":false,"path_per_floor":["M","?","M","M","?","E","R","E","T","M","T","R","E","?","R","B",null,"M","$","M","M","M","E"],"character_chosen":"DEFECT","items_purchased":["ClockworkSouvenir","Fruit Juice","Coolheaded"],"campfire_rested":3,"item_purchase_floors":[19,19,19],"current_hp_per_floor":[46,46,44,43,43,18,39,14,14,9,9,30,23,12,33,23,59,49,49,36,28,28,0,0],"gold":67,"neow_bonus":"RANDOM_COLORLESS_2","is_daily":false,"chose_seed":false,"campfire_upgraded":0,"win_rate":0.0,"timestamp":1611514452,"path_taken":["M","?","M","M","?","E","R","E","T","?","?","R","E","?","R","BOSS","M","$","M","M","M","E"],"items_purchased_type":["Relic","Potion","Card"],"build_version":"2020-12-18","purchased_purges":1,"victory":false,"max_hp_per_floor":[71,71,71,71,71,71,71,71,71,71,71,71,71,71,71,71,71,71,71,71,76,76,76,76],"relic_stats":{"Inserter":[9],"Happy Flower":[11],"counters":[13,57],"Gambling Chip":[33],"Orichalcum":[54],"obtain_stats":[{"Inserter":17,"Happy Flower":11,"Gambling Chip":8,"Orichalcum":6,"Cracked Core":0,"StrikeDummy":9,"InkBottle":13,"ClockworkSouvenir":19},{"Inserter":8,"Happy Flower":6,"Gambling Chip":5,"Orichalcum":4,"Cracked Core":0,"StrikeDummy":5,"InkBottle":7,"ClockworkSouvenir":9},{"Inserter":39,"Happy Flower":23,"Gambling Chip":20,"Orichalcum":16,"Cracked Core":0,"StrikeDummy":20,"InkBottle":29,"ClockworkSouvenir":44}],"InkBottle":[10]},"card_choices":[{"not_picked":["Violence","Thinking Ahead"],"picked":"Apotheosis","floor":0.0},{"not_picked":["Conserve Battery","Coolheaded"],"picked":"Gash","floor":1.0},{"not_picked":["Leap","Steam"],"picked":"Hologram","floor":3.0},{"not_picked":["Hello World","Darkness"],"picked":"Melter","floor":4.0},{"not_picked":["BootSequence","Stack"],"picked":"Chaos","floor":6.0},{"not_picked":["Leap","Tempest"],"picked":"Redo","floor":8.0},{"not_picked":["Hologram","White Noise"],"picked":"Conserve Battery","floor":10.0},{"not_picked":["Turbo","Reprogram"],"picked":"Electrodynamics","floor":13.0},{"not_picked":["Machine Learning","Hyperbeam"],"picked":"Fission","floor":16.0},{"not_picked":["Static Discharge","Turbo"],"picked":"Reinforced Body","floor":18.0},{"not_picked":["Hologram","Conserve Battery"],"picked":"Go for the Eyes","floor":20.0},{"not_picked":["Undo","Beam Cell"],"picked":"Barrage+1","floor":21.0},{"not_picked":["Ball Lightning","Rebound"],"picked":"Sweeping Beam+1","floor":22.0}],"player_experience":1360870,"relics_obtained":[{"floor":6.0,"key":"Orichalcum"},{"floor":8.0,"key":"Gambling Chip"},{"floor":9.0,"key":"StrikeDummy"},{"floor":11.0,"key":"Happy Flower"},{"floor":13.0,"key":"InkBottle"}],"event_choices":[{"damage_healed":0.0,"max_hp_gain":0.0,"max_hp_loss":0.0,"gold_gain":0.0,"event_name":"Living Wall","player_choice":"Grow","floor":2.0,"gold_loss":0.0,"damage_taken":0.0,"cards_upgraded":["Apotheosis"]},{"cards_removed":["Strike_B"],"damage_healed":0.0,"max_hp_gain":0.0,"max_hp_loss":0.0,"gold_gain":0.0,"event_name":"Wheel of Change","player_choice":"Card Removal","floor":5.0,"gold_loss":0.0,"damage_taken":0.0},{"damage_healed":0.0,"max_hp_gain":0.0,"max_hp_loss":0.0,"gold_gain":75.0,"event_name":"World of Goop","player_choice":"Gather Gold","floor":14.0,"gold_loss":0.0,"damage_taken":11.0}],"is_beta":true,"boss_relics":[{"not_picked":["Snecko Eye","Tiny House"],"picked":"Inserter"}],"items_purged_floors":[19],"is_endless":false,"potions_floor_spawned":[1,6,8,22],"killed_by":"Gremlin Leader","ascension_level":20}}