{"host":"haq22x9zdvtvc76a","time":1611499193,"event":{"mods":["BaseMod","Downfall","Minty Spire (QoL Compilation)","StSLib"],"gold_per_floor":[99,117,117,129,149,169,169,69,89,100,100,113,17,48,63,158,158,58,76,76,76,76,61,110,120,130,30,65,65,99,9,22,22,22,22],"floor_reached":33,"language":"ENG","playtime":2582,"items_purged":["bronze:Strike"],"score":345,"play_id":"e95024de-1329-4252-9b9a-2f62310c0290","local_time":"20210124093953","is_ascension_mode":true,"campfire_choices":[{"data":"bronze:HardenedForm","floor":1,"key":"SMITH"},{"data":"bronze:SpaghettiCode","floor":8,"key":"SMITH"},{"floor":18,"key":"RECALL"},{"data":"bronze:Return","floor":27,"key":"SMITH"},{"data":"bronze:Assembly","floor":29,"key":"SMITH"}],"circlet_count":0,"master_deck":["bronze:Strike","bronze:Strike","bronze:Strike","bronze:Defend","bronze:Defend","bronze:Defend","bronze:Defend","bronze:Replicate","bronze:Goto+1","bronze:HardenedForm+1","bronze:Separator","bronze:Philosophize","bronze:Branch","bronze:SpaghettiCode+1","bronze:Overheat","bronze:InfiniteBeams","bronze:SpaghettiCode+1","bronze:Return+1","bronze:Assembly+1","bronze:Constructor","bronze:Verify","RitualDagger","bronze:Terminator+1","bronze:ForceShield+1","bronze:ChildClass+1","bronze:Library","bronze:Repulsor+1"],"relics":["bronze:BronzeCore","downfall:HeartBlessingBlue","Eternal Feather","Sozu","downfall:HeartBlessingGreen","downfall:RedIOU","bronze:ProtectiveGoggles","downfall:HeartBlessingRed","Question Card","Toy Ornithopter"],"acts_visited":["Exordium","TheCity"],"potions_floor_usage":[16,32],"damage_taken":[{"damage":9,"enemies":"Jaw Worm","floor":2,"turns":5},{"damage":0,"enemies":"Cultist","floor":4,"turns":2},{"damage":7,"enemies":"Small Slimes","floor":5,"turns":5},{"damage":12,"enemies":"Exordium Wildlife","floor":6,"turns":5},{"damage":0,"enemies":"Blue Slaver","floor":9,"turns":1},{"damage":0,"enemies":"Red Slaver","floor":10,"turns":1},{"damage":29,"enemies":"Exordium Thugs","floor":12,"turns":6},{"damage":3,"enemies":"downfall:FleeingMerchant","floor":13,"turns":4},{"damage":0,"enemies":"Gremlin Nob","floor":14,"turns":3},{"damage":0,"enemies":"Blue Slaver","floor":15,"turns":2},{"damage":2,"enemies":"WA_ARCHETYPE_RETAIN","floor":16,"turns":6},{"damage":0,"enemies":"3 Byrds","floor":19,"turns":4},{"damage":15,"enemies":"downfall:FleeingMerchant","floor":23,"turns":4},{"damage":0,"enemies":"Spheric Guardian","floor":25,"turns":3},{"damage":34,"enemies":"Snake Plant","floor":26,"turns":5},{"damage":14,"enemies":"Gremlin Leader","floor":28,"turns":6},{"damage":32,"enemies":"Slavers","floor":30,"turns":6},{"damage":1,"enemies":"downfall:FleeingMerchant","floor":31,"turns":4},{"damage":0,"enemies":"Chosen and Byrds","floor":32,"turns":4},{"damage":14,"enemies":"SI_MIRROR_ARCHETYPE","floor":33,"turns":2}],"seed_played":"-7688677326913391240","potions_obtained":[{"floor":9,"key":"Guardian:BlockOnCardUsePotion"},{"floor":10,"key":"bronze:CleanCodePotion"},{"floor":14,"key":"Regen Potion"},{"floor":15,"key":"Ancient Potion"},{"floor":16,"key":"champ:CounterPotion"}],"is_trial":false,"path_per_floor":["R","M","?","M","M","M","T","R","M","M","?","M","$","E","M","B",null,"R","M","?","?","?","$","T","M","M","R","E","R","E","$","M","B"],"character_chosen":"THE_AUTOMATON","items_purchased":["bronze:Assembly"],"campfire_rested":0,"item_purchase_floors":[13],"current_hp_per_floor":[70,61,61,61,54,42,42,52,52,52,52,23,20,20,20,33,80,80,80,74,74,74,59,59,59,25,40,26,41,9,8,13,0,0,0],"gold":22,"neow_bonus":"ONE_RANDOM_RARE_CARD","is_daily":false,"chose_seed":false,"campfire_upgraded":4,"win_rate":0.0,"timestamp":1611499193,"path_taken":["R","M","?","M","M","M","T","R","M","?","?","M","?","E","M","BOSS","R","M","?","?","?","?","T","M","M","R","E","R","E","$","M","BOSS"],"items_purchased_type":["Card"],"build_version":"2020-12-22","purchased_purges":1,"victory":false,"max_hp_per_floor":[70,70,70,70,70,70,70,80,80,80,80,80,80,80,80,80,80,80,80,80,80,80,80,80,80,80,80,80,80,80,80,80,80,80,80],"card_choices":[{"not_picked":["bronze:Shield","bronze:Overheat"],"picked":"bronze:Separator","floor":2},{"not_picked":["bronze:Invalidate","bronze:NullPointer"],"picked":"bronze:Philosophize","floor":4},{"not_picked":["bronze:Deprecate","bronze:BitShift"],"picked":"bronze:Branch","floor":5},{"not_picked":["bronze:ItsAFeature","bronze:OilSpill"],"picked":"bronze:SpaghettiCode","floor":6},{"not_picked":["bronze:WildBeam","bronze:Boost"],"picked":"bronze:Overheat","floor":9},{"not_picked":["bronze:DarkDash","bronze:WhirlingStrike"],"picked":"bronze:InfiniteBeams","floor":10},{"not_picked":["bronze:Frontload","bronze:BitShift"],"picked":"bronze:Return","floor":12},{"not_picked":["bronze:BitShift","bronze:Boost","bronze:Frontload"],"picked":"SKIP","floor":13},{"not_picked":["bronze:BitShift","bronze:Fortify"],"picked":"bronze:Constructor","floor":14},{"not_picked":["bronze:ClassDefault","bronze:Separator","bronze:WhirlingStrike"],"picked":"SKIP","floor":15},{"not_picked":["bronze:SpaghettiCode","bronze:Format"],"picked":"bronze:Verify","floor":16},{"not_picked":["bronze:Frontload+1","bronze:Overload+1","bronze:Branch"],"picked":"SKIP","floor":19},{"not_picked":["bronze:Overheat+1","bronze:DelayedGuard"],"picked":"bronze:Terminator+1","floor":23},{"not_picked":["bronze:Frontload+1","bronze:Fortify","bronze:WhirlingStrike+1"],"picked":"SKIP","floor":25},{"not_picked":["bronze:OilSpill","bronze:Overheat+1"],"picked":"bronze:ForceShield+1","floor":26},{"not_picked":["bronze:BronzeArmor","bronze:Return"],"picked":"bronze:ChildClass+1","floor":28},{"not_picked":["bronze:DelayedSlice","bronze:BuggyMess","bronze:FineTuning","bronze:ThunderWave"],"picked":"SKIP","floor":30},{"not_picked":["bronze:BuggyMess","bronze:NullPointer+1","bronze:Frontload"],"picked":"bronze:Library","floor":31},{"not_picked":["bronze:BugBarrage+1","bronze:DigitalCarnage","bronze:Constructor+1"],"picked":"bronze:Repulsor+1","floor":32}],"player_experience":1675049,"relics_obtained":[{"floor":14,"key":"Eternal Feather"},{"floor":24,"key":"bronze:ProtectiveGoggles"},{"floor":28,"key":"Question Card"},{"floor":30,"key":"Toy Ornithopter"}],"event_choices":[],"is_beta":false,"boss_relics":[{"not_picked":["SlaversCollar","SacredBark"],"picked":"Sozu"}],"items_purged_floors":[31],"is_endless":false,"potions_floor_spawned":[9,10,14,15,16,19,28,30,32],"killed_by":"SI_MIRROR_ARCHETYPE","ascension_level":2}}