{"host":"d9tpyi6mde8z2n96","time":1611529668,"event":{"mods":["100% Spire Juice","2.2 Compatiblity","A Penny For Your Troubles","AchievementEnabler","Act Like it!","AlwaysNeverKeys","Aspiration","BaseMod","Beaked The Cultist","Better Altar","Better Note","CapriCore","Challenge The Spire","Colored Map","Colored Powertips","Conspire","Dark Map","Defuse TimeMaze Blight","Dota2Spire","Elementarium","Energized Spire","Fox Events","Friendly Minions","Gensokyo","GifTheSpireLib","Gold Saver","Halation","Hermit","HololiveMod","Hubris","Hyrulean Relics","Infinite Spire","Jess\u0027s Bottle","Jorbs\u0027s Wanderer Trilogy","Marisa????????","Melee Mod","Minty Spire (QoL Compilation)","MostiFishMod","Pale of the Ancients","Permanent Neow","Potionbrewer","Quick Restart","Railgun Mod","Reliquary","Replay The Spire","Robot Space Explorer","RumiaBox-????????","Shop Mod","Spikes Relics","StS++","StSLib","SuperFastMode","TestMod","The Alterego","The Animator","The Blue Laboratory","The Death Knight","The Fake Hero","The Marked","The Servant 0.9.4","The Spell Scribe","Trackpad","Transform Curses","Uncapped","Virulent Crown","Waifu the Spire","Wandering Minibosses","WarShipGirlsR/????R mod","Wide Potions","Yakumo Yukari mod"],"gold_per_floor":[117,17,17,64,78,108,108,126,126,126,126,11,11,29,29,131,131,157,157,157,157,185,185,224,250,250,273,381,423,423,451,451,456,456],"floor_reached":33,"language":"ENG","playtime":7666,"items_purged":[],"score":383,"play_id":"164c24f0-fc07-4198-aebc-b48e670701e7","local_time":"20210124180748","is_ascension_mode":false,"campfire_choices":[{"data":"Dagger Spray","floor":7,"key":"SMITH"},{"data":"MostiFishMod:VineMother","floor":10,"key":"SMITH"},{"data":"Draining Mist","floor":23,"key":"SMITH"},{"data":"MostiFishMod:PoisonShield","floor":30,"key":"SMITH"},{"data":"Replay:Poison Smokescreen","floor":32,"key":"SMITH"}],"circlet_count":0,"master_deck":["Strike_G","Strike_G","Strike_G","Strike_G","Strike_G","Defend_G","Defend_G","Defend_G","Defend_G","Defend_G","Ghostly","Poisoned Stab","MostiFishMod:VineMother+1","Deadly Poison","Injury","MostiFishMod:VineMother+1","Deadly Poison","Die Die Die+1","Draining Mist+1","Deadly Poison","Crippling Poison","MostiFishMod:PoisonShield+1","Bane+1","Pain","Poisoned Stab+1","MostiFishMod:Wind","InfectiousVector+1","Poisoned Stab+1","Poisoned Stab+1","conspire:PoisonWeapons","Replay:Poison Smokescreen+1"],"relics":["testmod-TestBox","DaveBox","testmod-Acrobat","Brimstone","SynthV:TestCard","ReplayTheSpireMod:Ring of Exchange","Ring of Peace","Centennial Puzzle","MiniBlackHole","testmod-Déjàvu","Molten Egg 2","Sizzling Blood","Orrery","WarpedTongs","testmod-Nyarlathotep","wanderingMiniBosses:AbyssPearl","Dota2Spire:LinkenSphere","conspire:GlowingRock","reliquary:FeatherDuster","DeathKnight:PutricidesVial"],"acts_visited":["Exordium","TheCity"],"potions_floor_usage":[18,22,24,24,33],"damage_taken":[{"damage":0,"enemies":"Jaw Worm","floor":1,"turns":3},{"damage":0,"enemies":"Cultist","floor":5,"turns":4},{"damage":0,"enemies":"Lagavulin","floor":6,"turns":4},{"damage":0,"enemies":"conspire:RoseBush","floor":8,"turns":3},{"damage":0,"enemies":"Blue Slaver","floor":14,"turns":3},{"damage":0,"enemies":"Slime Boss","floor":16,"turns":5},{"damage":0,"enemies":"Shell Parasite","floor":18,"turns":6},{"damage":24,"enemies":"Spheric Guardian","floor":22,"turns":4},{"damage":9,"enemies":"Book of Stabbing","floor":24,"turns":4},{"damage":7,"enemies":"Chosen and Byrds","floor":25,"turns":5},{"damage":25,"enemies":"Centurion and Healer","floor":27,"turns":5},{"damage":9,"enemies":"Colosseum Slavers","floor":28,"turns":3},{"damage":5,"enemies":"Colosseum Nobs","floor":28,"turns":4},{"damage":8,"enemies":"conspire:SneckoGhost","floor":29,"turns":5},{"damage":15,"enemies":"conspire:HollyBat","floor":31,"turns":6},{"damage":11,"enemies":"conspire:MysteriousRune","floor":33,"turns":4}],"seed_played":"-4584123180943362746","potions_obtained":[{"floor":6,"key":"potionbrewer:BarricadePotion"},{"floor":14,"key":"PowerPotion"},{"floor":18,"key":"PowerPotion"},{"floor":22,"key":"infinitespire:BlackPotion"},{"floor":31,"key":"testmod-TestPotion"}],"is_trial":false,"path_per_floor":["M","?","?","T","M","E","R","M","T","R","?","$","?","M","R_BF","B",null,"M","?","?","$","M","R","E","M","T","M","?","E","R","M","R","B"],"character_chosen":"THE_SILENT","items_purchased":["MostiFishMod:VineMother+1"],"campfire_rested":0,"item_purchase_floors":[12],"current_hp_per_floor":[77,77,77,77,77,77,77,77,77,77,77,77,81,81,81,81,81,81,81,81,81,61,61,56,53,53,32,26,22,22,11,11,0,0],"gold":456,"neow_bonus":"TEN_PERCENT_HP_BONUS","is_daily":false,"chose_seed":false,"campfire_upgraded":5,"win_rate":0.0,"timestamp":1611529668,"path_taken":["M","?","?","?","M","E","R","?","T","R","?","$","?","M","R_BF","BOSS","M","?","?","$","M","R","E","M","T","?","?","E","R","M","R","BOSS"],"items_purchased_type":["Card"],"build_version":"2020-12-22","purchased_purges":0,"victory":false,"max_hp_per_floor":[77,77,77,77,77,77,77,77,77,77,77,77,81,81,81,81,81,81,81,81,81,81,81,81,81,81,81,81,81,81,81,81,81,81],"card_choices":[{"not_picked":["hubris:SlightOfHand","Sucker Punch"],"picked":"Dagger Spray","floor":1},{"not_picked":["PiercingWail","Acrobatics","Deadly Poison","Noxious Fumes"],"picked":"Poisoned Stab","floor":5},{"not_picked":["conspire:DoublingDagger","Poisoned Stab","Toxin Wave","conspire:PoisonWeapons"],"picked":"MostiFishMod:VineMother","floor":6},{"not_picked":["Predator","Sucker Punch","Underhanded Strike","Blade Dance"],"picked":"Deadly Poison","floor":8},{"not_picked":["Expertise","hubris:SlightOfHand","Prepared","Tactician"],"picked":"Deadly Poison","floor":14},{"not_picked":["Atom Bomb+1","Unload+1","StSpp:AbandonFlesh","MostiFishMod:Dislodge"],"picked":"Die Die Die+1","floor":16},{"not_picked":["Prepared","Dash+1","ShadowRift+1","Blade Dance"],"picked":"Draining Mist","floor":17},{"not_picked":["ReplayTheSpireMod:The Works","Acrobatics","Outmaneuver","Blade Dance"],"picked":"Deadly Poison","floor":17},{"not_picked":["StSpp:Dive","Underhanded Strike+1","Flying Knee+1","Caltrops"],"picked":"Crippling Poison","floor":17},{"not_picked":["Sneak Up","ReplayTheSpireMod:Scrap Shanks","Bane+1","PiercingWail"],"picked":"MostiFishMod:PoisonShield","floor":17},{"not_picked":["conspire:DoublingDagger","Sneak Up","Quick Slash+1","hubris:TrickCloak"],"picked":"Sucker Punch+1","floor":17},{"not_picked":["StSpp:Dive+1","MostiFishMod:Dislodge","Hidden Blade+1","conspire:DoublingDagger"],"picked":"Bane+1","floor":18},{"not_picked":["hubris:SlightOfHand","Hidden Blade","Outmaneuver","Prepared"],"picked":"Poisoned Stab+1","floor":22},{"not_picked":["Accuracy","PiercingWail+1","Riddle With Holes+1","Concentrate+1"],"picked":"MostiFishMod:Wind","floor":24},{"not_picked":["Prepared","Quick Slash+1","PiercingWail+1","Dash+1"],"picked":"InfectiousVector+1","floor":25},{"not_picked":["StSpp:Dive+1","MostiFishMod:PerfectParry","Blur","Sucker Punch+1"],"picked":"Poisoned Stab+1","floor":27},{"not_picked":["Deadly Poison+1","Dodge and Roll","Hidden Blade","hubris:SlightOfHand"],"picked":"Poisoned Stab+1","floor":28},{"not_picked":["Prepared+1","StSpp:TimeParadox","StSpp:StrikeFirst+1","StSpp:Throw"],"picked":"conspire:PoisonWeapons","floor":29},{"not_picked":["Poisoned Stab+1","Toxin Wave","Dash+1","Cloak And Dagger"],"picked":"Replay:Poison Smokescreen","floor":31}],"player_experience":1110132,"relics_obtained":[{"floor":1,"key":"SynthV:TestCard"},{"floor":3,"key":"ReplayTheSpireMod:Ring of Exchange"},{"floor":3,"key":"Ring of Peace"},{"floor":4,"key":"Centennial Puzzle"},{"floor":6,"key":"MiniBlackHole"},{"floor":9,"key":"testmod-Déjàvu"},{"floor":24,"key":"testmod-Nyarlathotep"},{"floor":25,"key":"wanderingMiniBosses:AbyssPearl"},{"floor":26,"key":"Dota2Spire:LinkenSphere"},{"floor":28,"key":"conspire:GlowingRock"},{"floor":28,"key":"reliquary:FeatherDuster"},{"floor":29,"key":"DeathKnight:PutricidesVial"}],"event_choices":[{"damage_healed":0,"gold_gain":0,"player_choice":"Argue","damage_taken":0,"max_hp_gain":0,"max_hp_loss":0,"event_name":"conspire:LoneGhost","floor":2,"gold_loss":0},{"cards_removed":["MostiFishMod:VineMother"],"damage_healed":0,"gold_gain":0,"player_choice":"Take \u0026 Give","damage_taken":0,"max_hp_gain":0,"max_hp_loss":0,"event_name":"betterNote:BetterNote","floor":19,"gold_loss":0,"cards_obtained":["BestPractice"]},{"damage_healed":0,"gold_gain":0,"player_choice":"Rummage","damage_taken":0,"relics_obtained":["WarpedTongs"],"max_hp_gain":0,"max_hp_loss":0,"event_name":"Accursed Blacksmith","floor":20,"gold_loss":0,"cards_obtained":["Pain"]},{"damage_healed":0,"gold_gain":0,"player_choice":"Fight","damage_taken":0,"max_hp_gain":0,"max_hp_loss":0,"event_name":"Colosseum","floor":28,"gold_loss":0},{"damage_healed":0,"gold_gain":0,"player_choice":"Fought Nobs","damage_taken":0,"max_hp_gain":0,"max_hp_loss":0,"event_name":"Colosseum","floor":28,"gold_loss":0}],"is_beta":false,"boss_relics":[{"not_picked":["JellyFishMachine","Abe\u0027s Treasure"],"picked":"Orrery"}],"items_purged_floors":[],"is_endless":false,"potions_floor_spawned":[6,14,18,22,29,31],"killed_by":"conspire:MysteriousRune","ascension_level":0}}