{"host":"89iuq2p5kwriuwfq","time":1611516737,"event":{"mods":["BaseMod","Curses Come First","Minty Spire (QoL Compilation)","Permanent Neow","StSLib"],"gold_per_floor":[119,137,137,196,7,7,24,59,59,94,94,94,94],"floor_reached":12,"language":"ENG","playtime":486,"items_purged":[],"score":120,"play_id":"9804f101-cbe6-44f7-8502-e32d20ad078c","local_time":"20210124193217","is_ascension_mode":true,"campfire_choices":[{"data":"Rip and Tear","floor":6,"key":"SMITH"}],"circlet_count":0,"master_deck":["Strike_B","Strike_B","Strike_B","Defend_B","Defend_B","Defend_B","Defend_B","Zap","Dualcast","Seek","Streamline","Rip and Tear+1","Capacitor","Steam Power","Scrape","Cold Snap","Electrodynamics","Leap","Storm"],"relics":["Cracked Core","Shuriken","Pantograph","Cables","Blue Candle"],"acts_visited":["Exordium"],"potions_floor_usage":[8,8],"damage_taken":[{"damage":1,"enemies":"Cultist","floor":1,"turns":4},{"damage":9,"enemies":"Small Slimes","floor":2,"turns":4},{"damage":7,"enemies":"Jaw Worm","floor":7,"turns":2},{"damage":14,"enemies":"Gremlin Nob","floor":8,"turns":3},{"damage":30,"enemies":"Lagavulin","floor":10,"turns":5},{"damage":10,"enemies":"3 Sentries","floor":12,"turns":2}],"seed_played":"-4733517444513404689","potions_obtained":[{"floor":2,"key":"BlessingOfTheForge"},{"floor":7,"key":"GamblersBrew"}],"is_trial":false,"path_per_floor":["M","M","T","?","$","R","M","E","T","E","?","E"],"character_chosen":"DEFECT","items_purchased":["Capacitor","Steam Power","Scrape"],"campfire_rested":0,"item_purchase_floors":[5,5,5],"current_hp_per_floor":[67,58,58,58,58,58,51,37,37,7,7,0,0],"gold":94,"neow_bonus":"THREE_RARE_CARDS","is_daily":false,"chose_seed":false,"campfire_upgraded":1,"win_rate":0.0,"timestamp":1611516737,"path_taken":["M","M","?","?","$","R","M","E","T","E","?","E"],"items_purchased_type":["Card","Card","Card"],"build_version":"2020-12-22","purchased_purges":0,"victory":false,"max_hp_per_floor":[68,68,68,68,68,68,68,68,68,68,68,68,68],"card_choices":[{"not_picked":["Thunder Strike","Reboot"],"picked":"Seek","floor":0},{"not_picked":["Go for the Eyes","Redo"],"picked":"Streamline","floor":1},{"not_picked":["Chaos","Sweeping Beam"],"picked":"Rip and Tear","floor":2},{"not_picked":["Tempest","Turbo"],"picked":"Cold Snap","floor":7},{"not_picked":["Recycle","Aggregate"],"picked":"Electrodynamics","floor":8},{"not_picked":["Sunder","Force Field"],"picked":"Leap","floor":10}],"player_experience":568575,"relics_obtained":[{"floor":3,"key":"Shuriken"},{"floor":8,"key":"Pantograph"},{"floor":9,"key":"Cables"},{"floor":10,"key":"Blue Candle"}],"event_choices":[{"damage_healed":0,"gold_gain":59,"player_choice":"Gained Gold","damage_taken":0,"max_hp_gain":0,"max_hp_loss":0,"event_name":"Golden Wing","floor":4,"gold_loss":0},{"damage_healed":0,"gold_gain":0,"cards_transformed":["Strike_B"],"player_choice":"Change","damage_taken":0,"max_hp_gain":0,"max_hp_loss":0,"event_name":"Living Wall","floor":11,"gold_loss":0,"cards_obtained":["Storm"]}],"is_beta":false,"boss_relics":[],"items_purged_floors":[],"is_endless":false,"potions_floor_spawned":[2,7],"killed_by":"3 Sentries","ascension_level":8}}