{"host":"mlczotyo8j5fj6lt","time":1611496163,"event":{"mods":["AchievementEnabler","Aspiration","BaseMod","Bestiary","Better Third Choice","BetterRewards","Colored Powertips","Defective Defect","Good Game Mod","Googly Eyes","Highlight Path","Minty Spire (QoL Compilation)","Quick Restart","StSLib","everything is the same but u backflip on backflip"],"gold_per_floor":[118,137,150,100,100,100,100,100,100,25,25,41,68,81,81,184,184,197,197,43,63,78,78,78,113,113,113,123,133,157,157,157,252,252,270,282,282,294,294,326,344,169,169,23,23,23,76,76,76,76],"floor_reached":51,"language":"ENG","playtime":2565,"items_purged":["Regret","Parasite"],"score":870,"play_id":"05ad67f3-818c-4a95-8663-508b81890ac4","local_time":"20210124144923","is_ascension_mode":false,"campfire_choices":[{"data":"Electrodynamics","floor":6.0,"key":"SMITH"},{"data":"Zap","floor":8.0,"key":"SMITH"},{"data":"Venomology","floor":15.0,"key":"SMITH"},{"data":"Ghostly","floor":24,"key":"SMITH"},{"data":"Ghostly","floor":27,"key":"SMITH"},{"floor":32,"key":"REST"},{"data":"Ghostly","floor":46,"key":"SMITH"},{"data":"Echo Form","floor":49,"key":"SMITH"}],"circlet_count":0,"master_deck":["Strike_B","Strike_B","Strike_B","Defend_B","Defend_B","Defend_B","Defend_B","Zap+1","Dualcast","Core Surge","Venomology+1","Steam","Double Energy+1","Electrodynamics+1","Leap","Ball Lightning","Ball Lightning","Glacier","Ghostly+1","Ghostly+1","Ghostly+1","Ghostly","Ghostly","Judgement","Gash+1","Melter","Echo Form+1","Prostrate+1","Ghostly+1","Madness","Madness","Good Instincts"],"relics":["Cracked Core","REME:ComplimentaryCards","Singing Bowl","FossilizedHelix","StoneCalendar","aspiration:WatcherSkillbook","Runic Capacitor","Letter Opener","Pantograph","Centennial Puzzle","Nloth\u0027s Gift","Runic Pyramid","Sundial","Symbiotic Virus","Lee\u0027s Waffle","Pocketwatch"],"acts_visited":["Exordium","TheCity","TheBeyond"],"potions_floor_usage":[25,33,33,33,36,40,40,47,48,50,50,50],"damage_taken":[{"damage":0.0,"enemies":"Cultist","floor":1.0,"turns":3.0},{"damage":2.0,"enemies":"2 Louse","floor":2.0,"turns":2.0},{"damage":1.0,"enemies":"Jaw Worm","floor":3.0,"turns":3.0},{"damage":7.0,"enemies":"3 Louse","floor":12.0,"turns":2.0},{"damage":0.0,"enemies":"Gremlin Nob","floor":13.0,"turns":4.0},{"damage":0.0,"enemies":"Large Slime","floor":14.0,"turns":4.0},{"damage":33.0,"enemies":"Hexaghost","floor":16.0,"turns":8.0},{"damage":27.0,"enemies":"Shell Parasite","floor":18.0,"turns":6.0},{"damage":0.0,"enemies":"Chosen","floor":21.0,"turns":4.0},{"damage":9.0,"enemies":"Snecko","floor":22.0,"turns":4.0},{"damage":0,"enemies":"Book of Stabbing","floor":25,"turns":7},{"damage":14,"enemies":"Shelled Parasite and Fungi","floor":28,"turns":7},{"damage":1,"enemies":"Centurion and Healer","floor":29,"turns":5},{"damage":43,"enemies":"Collector","floor":33,"turns":10},{"damage":0,"enemies":"Orb Walker","floor":35,"turns":4},{"damage":1,"enemies":"3 Shapes","floor":36,"turns":2},{"damage":1,"enemies":"3 Darklings","floor":38,"turns":3},{"damage":0,"enemies":"Giant Head","floor":40,"turns":11},{"damage":7,"enemies":"Writhing Mass","floor":41,"turns":7},{"damage":10,"enemies":"2 Orb Walkers","floor":47,"turns":5},{"damage":0,"enemies":"Transient","floor":48,"turns":1},{"damage":0,"enemies":"Donu and Deca","floor":50,"turns":10}],"seed_played":"6791444471169289264","potions_obtained":[{"floor":1.0,"key":"FairyPotion"},{"floor":12.0,"key":"Weak Potion"},{"floor":14.0,"key":"FocusPotion"},{"floor":16.0,"key":"FearPotion"},{"floor":22,"key":"GamblersBrew"},{"floor":25,"key":"Regen Potion"},{"floor":40,"key":"Ancient Potion"}],"is_trial":false,"path_per_floor":["M","M","M","?","?","R","T","R","T","$","?","M","E","M","R","B",null,"M","?","$","M","M","?","R","E","T","R","M","M","T","?","R","B",null,"M","M","?","M","?","E","M","$","T","$","?","R","?","M","R","B",null],"character_chosen":"DEFECT","items_purchased":["Runic Capacitor","PotionOfCapacity","Lee\u0027s Waffle"],"campfire_rested":1,"item_purchase_floors":[20,42,44],"current_hp_per_floor":[75,73,72,72,72,72,72,72,72,72,72,65,65,65,65,44,77,52,79,79,81,72,40,40,40,40,40,26,25,25,25,37,4,40,40,41,41,42,36,38,33,33,33,52,52,52,44,44,44,54],"gold":76,"neow_bonus":"ONE_RANDOM_RARE_CARD","is_daily":false,"chose_seed":false,"campfire_upgraded":7,"win_rate":0.0,"timestamp":1611496163,"path_taken":["M","M","M","?","?","R","?","R","T","$","?","M","E","M","R","BOSS","M","?","$","?","M","?","R","E","T","R","M","M","?","?","R","BOSS","M","?","?","?","?","E","M","$","T","$","?","R","?","M","R","BOSS"],"items_purchased_type":["Relic","Potion","Relic"],"build_version":"2020-12-22","purchased_purges":2,"victory":true,"max_hp_per_floor":[75,75,75,75,75,75,75,75,75,75,75,75,75,75,75,77,77,79,79,79,81,81,40,40,40,40,40,40,40,40,40,40,40,40,40,42,42,44,44,46,48,45,45,52,52,52,54,54,54,54],"card_choices":[{"not_picked":["Redo","Streamline"],"picked":"Steam","floor":1.0},{"not_picked":["Recycle","Sweeping Beam"],"picked":"Double Energy","floor":2.0},{"not_picked":["Redo","Force Field"],"picked":"Electrodynamics","floor":3.0},{"not_picked":["Double Energy","Rip and Tear"],"picked":"Leap","floor":12.0},{"not_picked":["Conserve Battery","Redo"],"picked":"Ball Lightning","floor":13.0},{"not_picked":["Redo","Leap"],"picked":"Ball Lightning","floor":14.0},{"not_picked":["Hyperbeam","Machine Learning","Meteor Strike"],"picked":"Singing Bowl","floor":16.0},{"not_picked":["Cold Snap+1","Double Energy+1","Conclude+1","Streamline"],"picked":"Singing Bowl","floor":18.0},{"not_picked":["Halt","Redo","Storm","Turbo+1"],"picked":"Singing Bowl","floor":21.0},{"not_picked":["Turbo","BattleHymn","Hologram"],"picked":"Glacier","floor":22},{"not_picked":["Core Surge","Cold Snap","Vengeance"],"picked":"Judgement","floor":25},{"not_picked":["Go for the Eyes+1","Sweeping Beam","EmptyFist"],"picked":"Gash+1","floor":28},{"not_picked":["WindmillStrike+1","Aggregate","Doom and Gloom"],"picked":"Melter","floor":29},{"not_picked":["Electrodynamics","Machine Learning","Devotion"],"picked":"Echo Form","floor":33},{"not_picked":["Blizzard+1","Melter+1","Force Field"],"picked":"Prostrate+1","floor":35},{"not_picked":["Sanctity","FlurryOfBlows","Vengeance+1","Lockon+1"],"picked":"Singing Bowl","floor":36},{"not_picked":["EmptyMind","CutThroughFate","Melter+1","Sweeping Beam+1"],"picked":"Singing Bowl","floor":38},{"not_picked":["Melter","WindmillStrike+1","Cold Snap+1","Double Energy"],"picked":"Singing Bowl","floor":40},{"not_picked":["Ragnarok","Loop+1","Aggregate+1","Turbo+1"],"picked":"Singing Bowl","floor":41},{"not_picked":["Impatience","Finesse","Jack Of All Trades"],"picked":"Good Instincts","floor":45},{"not_picked":["Compile Driver","JustLucky","SashWhip","Rebound"],"picked":"Singing Bowl","floor":47}],"player_experience":235337,"relics_obtained":[{"floor":7.0,"key":"FossilizedHelix"},{"floor":9.0,"key":"StoneCalendar"},{"floor":13.0,"key":"Toy Ornithopter"},{"floor":25,"key":"Letter Opener"},{"floor":26,"key":"Pantograph"},{"floor":30,"key":"Centennial Puzzle"},{"floor":40,"key":"Sundial"},{"floor":43,"key":"Symbiotic Virus"},{"floor":47,"key":"Pocketwatch"}],"event_choices":[{"cards_removed":["Strike_B"],"damage_healed":0.0,"max_hp_gain":0.0,"max_hp_loss":0.0,"gold_gain":0.0,"event_name":"The Cleric","player_choice":"Card Removal","floor":4.0,"gold_loss":50.0,"damage_taken":0.0},{"damage_healed":0.0,"max_hp_gain":0.0,"max_hp_loss":0.0,"gold_gain":0.0,"event_name":"Big Fish","player_choice":"Box","floor":5.0,"gold_loss":0.0,"damage_taken":0.0,"relics_obtained":["Singing Bowl"],"cards_obtained":["Regret"]},{"damage_healed":0.0,"max_hp_gain":0.0,"max_hp_loss":0.0,"gold_gain":0.0,"event_name":"Living Wall","player_choice":"Grow","floor":11.0,"gold_loss":0.0,"damage_taken":0.0,"cards_upgraded":["Double Energy"]},{"damage_healed":27.0,"max_hp_gain":0.0,"max_hp_loss":0.0,"gold_gain":0.0,"event_name":"Wheel of Change","player_choice":"Full Heal","floor":19.0,"gold_loss":0.0,"damage_taken":0.0},{"damage_healed":0,"gold_gain":0,"player_choice":"Became a Ghost","damage_taken":0,"max_hp_gain":0,"max_hp_loss":41,"event_name":"Ghosts","floor":23,"gold_loss":0,"cards_obtained":["Ghostly","Ghostly","Ghostly","Ghostly","Ghostly"]},{"damage_healed":0,"gold_gain":0,"player_choice":"Traded Relic","damage_taken":0,"relics_obtained":["Nloth\u0027s Gift"],"max_hp_gain":0,"max_hp_loss":0,"event_name":"N\u0027loth","floor":31,"relics_lost":["Toy Ornithopter"],"gold_loss":0},{"damage_healed":0,"gold_gain":0,"player_choice":"Copied","damage_taken":0,"max_hp_gain":0,"max_hp_loss":0,"event_name":"Duplicator","floor":37,"gold_loss":0,"cards_obtained":["Ghostly"]},{"damage_healed":0,"gold_gain":0,"player_choice":"Embrace Madness","damage_taken":6,"max_hp_gain":0,"max_hp_loss":0,"event_name":"Winding Halls","floor":39,"gold_loss":0,"cards_obtained":["Madness","Madness"]},{"damage_healed":0,"gold_gain":0,"player_choice":"Memory 1","damage_taken":0,"max_hp_gain":0,"max_hp_loss":0,"event_name":"SensoryStone","floor":45,"gold_loss":0},{"damage_healed":0,"gold_gain":0,"player_choice":"Fight","damage_taken":0,"max_hp_gain":0,"max_hp_loss":0,"event_name":"Mysterious Sphere","floor":47,"gold_loss":0}],"is_beta":false,"boss_relics":[{"not_picked":["Calling Bell","Philosopher\u0027s Stone"],"picked":"aspiration:WatcherSkillbook"},{"not_picked":["Tiny House","Busted Crown"],"picked":"Runic Pyramid"}],"items_purged_floors":[10,42],"is_endless":false,"potions_floor_spawned":[1,12,14,16,22,25,29,40,41],"ascension_level":0}}