{"host":"3zb3nk4wvq0dtbuh","time":1611485924,"event":{"mods":["AchievementEnabler","BaseMod","Lobotomy","Minty Spire (QoL Compilation)","Quick Restart","StSLib","SuperFastMode","The Blackbeard"],"gold_per_floor":[113,133,133,150,325,325,344,344,344,361,361,361,361,373,373,477,477,487,506,506,529,548,548,559,574,574,574,574,574],"floor_reached":28,"language":"ZHS","playtime":638,"items_purged":[],"score":212,"play_id":"8c369b13-5694-4ddc-b7fd-c8d2fb03a243","local_time":"20210124185844","is_ascension_mode":false,"campfire_choices":[{"data":"Conserve Battery","floor":6.0,"key":"SMITH"},{"data":"Leap","floor":8.0,"key":"SMITH"},{"data":"Sunder","floor":12.0,"key":"SMITH"},{"data":"Static Discharge","floor":15.0,"key":"SMITH"},{"data":"Glacier","floor":23.0,"key":"SMITH"},{"data":"Hologram","floor":27.0,"key":"SMITH"}],"circlet_count":0,"master_deck":["Strike_B+1","Strike_B+1","Strike_B+1","Strike_B+1","Defend_B+1","Defend_B+1","Defend_B+1","Defend_B+1","Zap","Dualcast","Ball Lightning","Static Discharge+1","Conserve Battery+1","Doubt","Leap+1","Sunder+1","Seek","Melter","Hyperbeam","Undo","Glacier+1","Hologram+1","Conserve Battery+1"],"relics":["Snecko Eye"],"acts_visited":["Exordium","TheCity"],"potions_floor_usage":[],"damage_taken":[{"damage":2.0,"enemies":"Jaw Worm","floor":1.0,"turns":4.0},{"damage":0.0,"enemies":"Cultist","floor":2.0,"turns":2.0},{"damage":0.0,"enemies":"Small Slimes","floor":4.0,"turns":2.0},{"damage":9.0,"enemies":"Blue Slaver","floor":7.0,"turns":3.0},{"damage":0.0,"enemies":"3 Louse","floor":10.0,"turns":3.0},{"damage":6.0,"enemies":"Lots of Slimes","floor":14.0,"turns":4.0},{"damage":11.0,"enemies":"Slime Boss","floor":16.0,"turns":7.0},{"damage":9.0,"enemies":"Chosen","floor":18.0,"turns":5.0},{"damage":0.0,"enemies":"2 Thieves","floor":19.0,"turns":3.0},{"damage":8.0,"enemies":"Centurion and Healer","floor":22.0,"turns":7.0},{"damage":4.0,"enemies":"Chosen and Byrds","floor":24.0,"turns":6.0},{"damage":0.0,"enemies":"Sentry and Sphere","floor":25.0,"turns":3.0},{"damage":0,"enemies":"Cultist and Chosen","floor":28,"turns":2}],"seed_played":"-5456973142985471183","potions_obtained":[{"floor":1.0,"key":"Fire Potion"},{"floor":10.0,"key":"Ancient Potion"},{"floor":14.0,"key":"FocusPotion"},{"floor":16.0,"key":"DistilledChaos"}],"is_trial":false,"path_per_floor":["M","M","?","M","?","R","M","R","T","M","?","R","?","M","R","B",null,"M","M","?","T","M","R","M","M","T","R","M"],"character_chosen":"DEFECT","items_purchased":[],"campfire_rested":0,"item_purchase_floors":[],"current_hp_per_floor":[73,73,66,66,66,66,57,57,57,57,57,57,57,51,51,40,75,66,66,66,66,58,58,54,54,54,54,54,54],"gold":574,"neow_bonus":"BOSS_RELIC","is_daily":false,"chose_seed":false,"campfire_upgraded":6,"win_rate":0.0,"timestamp":1611485924,"path_taken":["M","M","?","?","?","R","M","R","T","M","?","R","?","?","R","BOSS","M","M","?","?","M","R","M","M","T","R","M"],"items_purchased_type":[],"build_version":"2020-12-22","purchased_purges":0,"victory":false,"max_hp_per_floor":[75,75,75,75,75,75,75,75,75,75,75,75,75,75,75,75,75,75,75,75,75,75,75,75,75,75,75,75,75],"card_choices":[{"not_picked":["Reprogram","Gash"],"picked":"Ball Lightning","floor":1.0},{"not_picked":["Lockon","Barrage"],"picked":"Static Discharge","floor":2.0},{"not_picked":["Consume","Hello World"],"picked":"Conserve Battery","floor":4.0},{"not_picked":["Double Energy","Compile Driver"],"picked":"Leap","floor":7.0},{"not_picked":["Cold Snap","Tempest"],"picked":"Sunder","floor":10.0},{"not_picked":["Coolheaded","Stack","Turbo"],"picked":"SKIP","floor":14.0},{"not_picked":["Amplify","Seek"],"picked":"Hyperbeam","floor":16.0},{"not_picked":["Leap","Ball Lightning"],"picked":"Undo","floor":18.0},{"not_picked":["Lockon","Aggregate","Steam"],"picked":"SKIP","floor":19.0},{"not_picked":["Hello World","Scrape+1"],"picked":"Glacier","floor":22.0},{"not_picked":["Sweeping Beam","Redo"],"picked":"Hologram","floor":24.0},{"not_picked":["Self Repair+1","Static Discharge"],"picked":"Conserve Battery+1","floor":25.0}],"player_experience":16477,"relics_obtained":[],"event_choices":[{"damage_healed":0.0,"max_hp_gain":0.0,"max_hp_loss":0.0,"gold_gain":0.0,"event_name":"Wheel of Change","player_choice":"Damaged","floor":3.0,"gold_loss":0.0,"damage_taken":7.0},{"damage_healed":0.0,"max_hp_gain":0.0,"max_hp_loss":0.0,"gold_gain":175.0,"event_name":"Liars Game","player_choice":"AGREE","floor":5.0,"gold_loss":0.0,"damage_taken":0.0,"cards_obtained":["Doubt"]},{"damage_healed":0.0,"max_hp_gain":0.0,"max_hp_loss":0.0,"gold_gain":0.0,"event_name":"Dead Adventurer","player_choice":"Searched \u00270\u0027 times","floor":11.0,"gold_loss":0.0,"damage_taken":0.0},{"damage_healed":0.0,"max_hp_gain":0.0,"max_hp_loss":0.0,"gold_gain":0.0,"event_name":"Match and Keep!","player_choice":"2 cards matched","floor":13.0,"gold_loss":0.0,"damage_taken":0.0,"cards_obtained":["Seek","Melter"]},{"damage_healed":0.0,"max_hp_gain":0.0,"max_hp_loss":0.0,"gold_gain":0.0,"event_name":"Back to Basics","player_choice":"Simplicity","floor":20.0,"gold_loss":0.0,"damage_taken":0.0,"cards_upgraded":["Strike_B","Strike_B","Strike_B","Strike_B","Defend_B","Defend_B","Defend_B","Defend_B"]}],"is_beta":false,"boss_relics":[{"not_picked":["Runic Dome","Fusion Hammer","Pandora\u0027s Box"]}],"items_purged_floors":[],"is_endless":false,"potions_floor_spawned":[1,10,14,16,18,25],"killed_by":"Cultist and Chosen","ascension_level":0}}