{"host":"7f01flv6y0vhl3vt","time":1611528155,"event":{"mods":["Act Like it!","BaseMod","Downfall","Minty Spire (QoL Compilation)","StSLib"],"gold_per_floor":[99,99,99,99,99,99,99,99,99,17,44,70,70,70,70],"floor_reached":13,"language":"ENG","playtime":2592,"items_purged":["hexamod:Defend"],"score":69,"play_id":"50445c86-82b3-433e-9440-5ea9c4261918","local_time":"20210124174235","is_ascension_mode":false,"campfire_choices":[{"floor":1,"key":"RECALL"},{"data":"hexamod:PhantomFireball","floor":6,"key":"SMITH"},{"data":"hexamod:PhantomCloak","floor":8,"key":"SMITH"}],"circlet_count":0,"master_deck":["hexamod:Strike","hexamod:Strike","hexamod:Strike","hexamod:Defend","hexamod:Defend","hexamod:Defend","hexamod:Sear","hexamod:Float","hexamod:PhantomFireball+1","hexamod:PhantomCloak+1","hexamod:SecondSeal","hexamod:ThirdSeal","hexamod:SoulSteal","hexamod:SecondSeal","hexamod:ParanormalForm","hexamod:Rewind"],"relics":["hexamod:SpiritBrand","downfall:HeartsMalice","Blue Candle"],"acts_visited":["Exordium"],"potions_floor_usage":[13,13],"damage_taken":[{"damage":0,"enemies":"Small Slimes","floor":2,"turns":1},{"damage":0,"enemies":"2 Louse","floor":3,"turns":1},{"damage":0,"enemies":"Cultist","floor":9,"turns":1},{"damage":0,"enemies":"downfall:FleeingMerchant","floor":10,"turns":4},{"damage":12,"enemies":"Gremlin Gang","floor":11,"turns":6},{"damage":17,"enemies":"2 Fungi Beasts","floor":12,"turns":5},{"damage":37,"enemies":"3 Sentries","floor":13,"turns":4}],"seed_played":"-9208123576938825251","potions_obtained":[{"floor":11,"key":"sneckomod:MuddlingPotion"},{"floor":12,"key":"Dexterity Potion"}],"is_trial":false,"path_per_floor":["R","M","M","?","?","R","T","R","M","$","M","M","E"],"character_chosen":"THE_SPIRIT","items_purchased":[],"campfire_rested":0,"item_purchase_floors":[],"current_hp_per_floor":[70,70,70,65,65,65,65,65,65,65,53,36,0,0,0],"gold":70,"neow_bonus":"THREE_ENEMY_KILL","is_daily":false,"chose_seed":false,"campfire_upgraded":2,"win_rate":0.0,"timestamp":1611528155,"path_taken":["R","M","M","?","?","R","T","R","M","$","M","?","E"],"items_purchased_type":[],"build_version":"2020-12-22","purchased_purges":1,"victory":false,"max_hp_per_floor":[70,70,70,70,70,70,70,70,70,70,70,70,70,70,70],"card_choices":[{"not_picked":["hexamod:FastForward","hexamod:HauntingEcho"],"picked":"hexamod:PhantomFireball","floor":2},{"not_picked":["hexamod:ShieldOfDarkness","hexamod:BurningTouch"],"picked":"hexamod:PhantomCloak","floor":3},{"not_picked":["hexamod:NecessarySacrifice","hexamod:HauntingEcho"],"picked":"hexamod:SecondSeal","floor":9},{"not_picked":["hexamod:SwordOfDarkness","hexamod:ThermalTransfer"],"picked":"hexamod:ThirdSeal","floor":10},{"not_picked":["hexamod:SwordOfDarkness","hexamod:HauntingEcho"],"picked":"hexamod:SoulSteal","floor":11},{"not_picked":["hexamod:HeatMetal","hexamod:BurningTouch"],"picked":"hexamod:SecondSeal","floor":11},{"not_picked":["hexamod:PhantomCloak","hexamod:AdvancingGuard"],"picked":"hexamod:ParanormalForm","floor":12},{"not_picked":["hexamod:FirstSeal","hexamod:PhantomFireball"],"picked":"hexamod:Rewind","floor":12}],"player_experience":1385309,"relics_obtained":[],"event_choices":[{"cards_removed":["hexamod:Strike"],"damage_healed":0,"gold_gain":0,"player_choice":"Card Removal","damage_taken":0,"max_hp_gain":0,"max_hp_loss":0,"event_name":"Wheel of Change","floor":5,"gold_loss":0}],"is_beta":false,"boss_relics":[],"items_purged_floors":[10],"is_endless":false,"potions_floor_spawned":[11,12],"killed_by":"3 Sentries","ascension_level":0}}