{"host":"lnnm69al9x392px5","time":1611467841,"event":{"mods":["BaseMod","Downfall","Minty Spire (QoL Compilation)","Replay The Spire","StSLib"],"gold_per_floor":[111,186,186,203,216,216,250,263,342,342,401,411,411,429,429,526,526,537,537,537,9,9,9,26,26,26],"floor_reached":25,"language":"ENG","playtime":1011,"items_purged":["downfall:Bewildered"],"score":211,"play_id":"e6ff7baa-3662-46ed-adab-e48df4bf9bd2","local_time":"20210123215721","is_ascension_mode":true,"campfire_choices":[{"data":"Underhanded Strike","floor":6,"key":"SMITH"},{"floor":10,"key":"REST"},{"floor":13,"key":"REST"},{"floor":15,"key":"REST"},{"floor":23,"key":"REST"}],"circlet_count":0,"master_deck":["Strike_G+1","Strike_G+1","Strike_G","Defend_G","Defend_G","Defend_G","Defend_G","Defend_G","Survivor","Neutralize","Sneak Up","Noxious Fumes","Underhanded Strike+1","Catalyst","Backflip","Malaise","Prepared","Die Die Die","Quick Slash+1","Well Laid Plans","Calculated Gamble","Dagger Spray","Jack Of All Trades","ReplayTheSpireMod:Brewmster","Sickly","Quick Slash"],"relics":["Philosopher\u0027s Stone","Juzu Bracelet","Onion Ring","ReplayTheSpireMod:Lightbulb","Empty Cage","sneckomod:BabySnecko","BargainBundle","Chameleon Ring","TungstenRod"],"acts_visited":["Exordium","TheCity"],"potions_floor_usage":[12,12,16,24,25,25],"damage_taken":[{"damage":0,"enemies":"2 Louse","floor":1,"turns":3},{"damage":0,"enemies":"Small Slimes","floor":4,"turns":5},{"damage":0,"enemies":"Jaw Worm","floor":5,"turns":4},{"damage":42,"enemies":"Lagavulin","floor":7,"turns":8},{"damage":1,"enemies":"Blue Slaver","floor":8,"turns":6},{"damage":0,"enemies":"Lots of Slimes","floor":12,"turns":3},{"damage":0,"enemies":"Exordium Wildlife","floor":14,"turns":5},{"damage":41,"enemies":"Slime Boss","floor":16,"turns":10},{"damage":52,"enemies":"3 Byrds","floor":18,"turns":9},{"damage":0,"enemies":"Spheric Guardian","floor":24,"turns":3},{"damage":45,"enemies":"Gremlin Leader","floor":25,"turns":4}],"seed_played":"1817083565570028978","potions_obtained":[{"floor":5,"key":"Poison Potion"},{"floor":8,"key":"LiquidMemories"},{"floor":11,"key":"Flashbang"},{"floor":18,"key":"Explosive Potion"},{"floor":19,"key":"AttackPotion"},{"floor":19,"key":"Languid Potion"}],"is_trial":false,"path_per_floor":["M","?","?","M","M","R","E","M","T","R","?","M","R","M","R","B",null,"M","?","?","$","?","R","M","E"],"character_chosen":"THE_SILENT","items_purchased":["BargainBundle","Well Laid Plans","Calculated Gamble","Dagger Spray","Jack Of All Trades","Chameleon Ring","ReplayTheSpireMod:Brewmster"],"campfire_rested":4,"item_purchase_floors":[21,21,21,21,21,21,21],"current_hp_per_floor":[70,59,45,45,45,45,3,2,2,23,6,6,27,27,48,7,70,18,18,18,18,18,39,39,0,0],"gold":26,"neow_bonus":"BOSS_RELIC","is_daily":false,"chose_seed":false,"campfire_upgraded":1,"win_rate":0.0,"timestamp":1611467841,"path_taken":["M","?","?","M","M","R","E","M","T","R","?","M","R","M","R","BOSS","M","?","?","$","?","R","M","E"],"items_purchased_type":["Relic","Card","Card","Card","Card","Relic","Card"],"build_version":"2020-12-22","purchased_purges":1,"victory":false,"max_hp_per_floor":[70,70,70,70,70,70,70,70,70,70,70,70,70,70,70,70,70,70,70,70,70,70,70,70,70,70],"card_choices":[{"not_picked":["Deflect","Heel Hook"],"picked":"Sneak Up","floor":1},{"not_picked":["Deflect","Backflip"],"picked":"Noxious Fumes","floor":4},{"not_picked":["PiercingWail","Slice"],"picked":"Underhanded Strike","floor":5},{"not_picked":["Outmaneuver","Underhanded Strike"],"picked":"Catalyst","floor":7},{"not_picked":["Outmaneuver","Concentrate","Setup"],"picked":"SKIP","floor":8},{"not_picked":["Acrobatics","Flying Knee"],"picked":"Backflip","floor":11},{"not_picked":["Terror","Riddle With Holes"],"picked":"Malaise","floor":12},{"not_picked":["Quick Slash","Underhanded Strike"],"picked":"Prepared","floor":14},{"not_picked":["Storm of Steel","ReplayTheSpireMod:Necrosis"],"picked":"Die Die Die","floor":16},{"not_picked":["Poisoned Stab","Outmaneuver"],"picked":"Quick Slash+1","floor":18},{"not_picked":["Underhanded Strike","Dagger Spray"],"picked":"Quick Slash","floor":24}],"player_experience":249661,"relics_obtained":[{"floor":7,"key":"Juzu Bracelet"},{"floor":9,"key":"Onion Ring"},{"floor":11,"key":"ReplayTheSpireMod:Lightbulb"}],"event_choices":[{"damage_healed":0,"gold_gain":75,"player_choice":"Gather Gold","damage_taken":11,"max_hp_gain":0,"max_hp_loss":0,"event_name":"World of Goop","floor":2,"gold_loss":0},{"damage_healed":0,"gold_gain":0,"player_choice":"Entered Light","damage_taken":14,"max_hp_gain":0,"max_hp_loss":0,"event_name":"Shining Light","floor":3,"gold_loss":0,"cards_upgraded":["Strike_G","Strike_G"]},{"damage_healed":0,"gold_gain":0,"player_choice":"Got Potions","damage_taken":0,"max_hp_gain":0,"max_hp_loss":0,"event_name":"Lab","floor":19,"gold_loss":0}],"is_beta":false,"boss_relics":[{"not_picked":["Sozu","ReplayTheSpireMod:DimensionalGlitch"],"picked":"Empty Cage"}],"items_purged_floors":[21],"is_endless":false,"potions_floor_spawned":[5,8,18],"killed_by":"Gremlin Leader","ascension_level":1}}