{"host":"hv7yb09uheo1d113","time":1611458941,"event":{"mods":["Act Like it!","Ascension Unlocker","BaseMod","Better Altar","Better Note","Colored Map","Colored Powertips","Downfall","GifTheSpireLib","Minty Spire (QoL Compilation)","Reworked Bosses","Shop Mod","StSLib","Synergy Search"],"gold_per_floor":[99,111,122,140,160,160,234,234,252,270,289,289,289,308,325,325,325,325],"floor_reached":16,"language":"ENG","playtime":2031,"items_purged":[],"score":147,"play_id":"d72dde32-bc2b-4e98-8451-315d9364fb40","local_time":"20210123212901","is_ascension_mode":true,"campfire_choices":[{"data":"champ:Execute","floor":1.0,"key":"SMITH"},{"data":"champ:Taunt","floor":8,"key":"SMITH"},{"data":"champ:CrookedStrike","floor":12,"key":"SMITH"}],"circlet_count":0,"master_deck":["AscendersBane","champ:Strike","champ:Strike","champ:Strike","champ:Defend","champ:Defend","champ:Defend","champ:Defend","champ:Execute+1","champ:Taunt+1","champ:GladiatorStyle","champ:CrookedStrike+1","champ:ShieldWall","champ:FaceSlap","champ:RisingSlash","champ:FancyFootwork+1"],"relics":["champ:ChampionCrown","champ:LiftRelic","Toxic Egg 2"],"acts_visited":["Exordium"],"potions_floor_usage":[16,16],"damage_taken":[{"damage":10.0,"enemies":"Cultist","floor":2.0,"turns":3.0},{"damage":24,"enemies":"2 Louse","floor":3,"turns":4},{"damage":32,"enemies":"Jaw Worm","floor":4,"turns":3},{"damage":31,"enemies":"Blue Slaver","floor":5,"turns":4},{"damage":32,"enemies":"Exordium Thugs","floor":9,"turns":4},{"damage":20,"enemies":"Large Slime","floor":10,"turns":4},{"damage":15,"enemies":"Exordium Wildlife","floor":11,"turns":3},{"damage":11,"enemies":"2 Fungi Beasts","floor":14,"turns":3},{"damage":19,"enemies":"Blue Slaver","floor":15,"turns":3},{"damage":98,"enemies":"SI_SHIV_ARCHETYPE","floor":16,"turns":8}],"seed_played":"6556488292774520252","potions_obtained":[{"floor":3,"key":"SkillPotion"},{"floor":4,"key":"sneckomod:MuddlingPotion"},{"floor":9,"key":"BlessingOfTheForge"},{"floor":10,"key":"FairyPotion"},{"floor":11,"key":"Fruit Juice"}],"is_trial":false,"path_per_floor":["R","M","M","M","M","?","T","R","M","M","M","R","?","M","M","B"],"character_chosen":"THE_CHAMP","items_purchased":[],"campfire_rested":0,"item_purchase_floors":[],"current_hp_per_floor":[90,90,86,74,63,63,63,63,51,51,51,51,51,50,41,0,0,0],"gold":325,"neow_bonus":"TEN_PERCENT_HP_BONUS","is_daily":false,"chose_seed":false,"campfire_upgraded":3,"win_rate":0.0,"timestamp":1611458941,"path_taken":["R","M","M","?","?","?","T","R","M","M","M","R","?","M","M","BOSS"],"items_purchased_type":[],"build_version":"2020-12-22","purchased_purges":0,"victory":false,"max_hp_per_floor":[99,99,99,99,99,99,99,99,99,99,99,99,99,99,99,104,104,104],"card_choices":[{"not_picked":["champ:AdrenalArmor","champ:RecklessLeap"],"picked":"champ:GladiatorStyle","floor":2.0},{"not_picked":["champ:StanceDance","champ:Shatter"],"picked":"champ:CrookedStrike","floor":3},{"not_picked":["champ:PreciseThrust","champ:DefensiveShout","champ:IronFortress"],"picked":"SKIP","floor":4},{"not_picked":["champ:FlashCut","champ:PreciseThrust","champ:EnGarde"],"picked":"SKIP","floor":5},{"not_picked":["champ:BerserkersShout+1","champ:EndlessRage"],"picked":"champ:ShieldWall","floor":9},{"not_picked":["champ:GutPunch","champ:PerfectedStrike"],"picked":"champ:FaceSlap","floor":10},{"not_picked":["champ:SkillfulDodge+1","champ:Devastate"],"picked":"champ:RisingSlash","floor":11},{"not_picked":["champ:Shatter","champ:Haymaker","champ:EndlessRage"],"picked":"SKIP","floor":14},{"not_picked":["champ:Duel","champ:Circumvent+1"],"picked":"champ:FancyFootwork+1","floor":15}],"player_experience":251178,"relics_obtained":[{"floor":7,"key":"Toxic Egg 2"}],"event_choices":[],"is_beta":false,"boss_relics":[],"items_purged_floors":[],"is_endless":false,"potions_floor_spawned":[3,4,9,10,11,14],"killed_by":"SI_SHIV_ARCHETYPE","ascension_level":10}}