{"host":"tl0b88l9y23ozpkp","time":1611453579,"event":{"mods":["BaseMod","Colored Map","Downfall","Minty Spire (QoL Compilation)","Permanent Neow","Relic Stats","StSLib"],"gold_per_floor":[0,10,25,44,55,55,80,98,112,138,138,138,151,161,174,274,274,274,287,287,304,48,59,59,44,44,70,80,95,95,95,110,211,211,111,124,134,119,219,238,238,273,323,472,472,472,272,287,303,303,303,303,303,303],"floor_reached":52,"language":"ENG","playtime":6749,"items_purged":["Slimebound:Defend_Slimebound","downfall:Aged"],"score":760,"play_id":"c9d6c1fb-8481-4862-8028-d021be951cc3","local_time":"20210123175939","is_ascension_mode":false,"campfire_choices":[{"data":"Slimebound:Split","floor":1,"key":"SMITH"},{"data":"Slimebound:FirmFortitude","floor":6,"key":"SMITH"},{"data":"Slimebound:Teamwork","floor":12,"key":"SMITH"},{"floor":18,"key":"RECALL"},{"data":"Slimebound:SlimeBarrage","floor":26,"key":"SMITH"},{"data":"Slimebound:MinionMaster","floor":35,"key":"SMITH"},{"data":"expansioncontent:DashGenerateEvil","floor":45,"key":"SMITH"},{"data":"Slimebound:Repurpose","floor":47,"key":"SMITH"}],"circlet_count":0,"master_deck":["Slimebound:Strike_Slimebound+1","Slimebound:Strike_Slimebound+1","Slimebound:Tackle","Slimebound:Defend_Slimebound","Slimebound:Defend_Slimebound","Slimebound:Split+1","Slimebound:CorrosiveSpit","Slimebound:SlimeTap","Slimebound:FirmFortitude+1","Slimebound:LivingWall","Slimebound:SplitBruiser","Slimebound:MegaLick","Slimebound:RollThrough","Slimebound:SplitLeeching","Slimebound:Teamwork+1","Slimebound:SplitLeeching","Slimebound:Repurpose+1","Slimebound:SplitMire","Slimebound:WasteNot","Slimebound:HauntingLick","Slimebound:Repurpose","expansioncontent:DashGenerateEvil+1","Slimebound:SplitAcid+1","Slimebound:SlimeBarrage+1","Slimebound:MegaLick+1","Slimebound:FormOfPuddle+1","Slimebound:PressTheAttack+1","Slimebound:MinionMaster+1","Slimebound:PressTheAttack+1","Slimebound:LeechEnergy+1","CurseOfTheBell","CurseOfTheBell","Slimebound:ForwardTackle+1","Slimebound:HauntingLick+1","Slimebound:SamplingLick+1"],"relics":["Slimebound:AbsorbEndCombat","Dream Catcher","NlothsMask","SacredBark","downfall:RedIOU","Blue Candle","Coffee Dripper","downfall:HeartBlessingRed","downfall:ExtraCursedBell","Smiling Mask","Frozen Egg 2","Gambling Chip","Nunchaku","Thread and Needle","Slimebound:SelfDamagePreventRelic","downfall:HeartBlessingBlue","downfall:HeartBlessingGreen"],"acts_visited":["Exordium","TheCity","TheBeyond","TheEnding"],"potions_floor_usage":[10,27,33,40,48,50,50,52],"damage_taken":[{"damage":9,"enemies":"Cultist","floor":2,"turns":4},{"damage":8,"enemies":"Small Slimes","floor":3,"turns":3},{"damage":0,"enemies":"Jaw Worm","floor":4,"turns":3},{"damage":0,"enemies":"Blue Slaver","floor":5,"turns":4},{"damage":0,"enemies":"Large Slime","floor":8,"turns":4},{"damage":2,"enemies":"Blue Slaver","floor":9,"turns":3},{"damage":35,"enemies":"Gremlin Nob","floor":10,"turns":4},{"damage":0,"enemies":"Red Slaver","floor":13,"turns":2},{"damage":0,"enemies":"Exordium Wildlife","floor":14,"turns":3},{"damage":0,"enemies":"2 Fungi Beasts","floor":15,"turns":3},{"damage":0,"enemies":"SI_SHIV_ARCHETYPE","floor":16,"turns":7},{"damage":0,"enemies":"3 Byrds","floor":19,"turns":3},{"damage":4,"enemies":"Chosen","floor":21,"turns":4},{"damage":0,"enemies":"downfall:FleeingMerchant","floor":22,"turns":4},{"damage":6,"enemies":"Shelled Parasite and Fungi","floor":23,"turns":5},{"damage":0,"enemies":"downfall:FleeingMerchant","floor":25,"turns":4},{"damage":28,"enemies":"Slavers","floor":27,"turns":4},{"damage":3,"enemies":"Snake Plant","floor":28,"turns":3},{"damage":0,"enemies":"Snecko","floor":29,"turns":3},{"damage":13,"enemies":"Shelled Parasite and Fungi","floor":32,"turns":5},{"damage":2,"enemies":"DF_ARCHETYPE_CLAW","floor":33,"turns":6},{"damage":0,"enemies":"3 Shapes","floor":36,"turns":5},{"damage":21,"enemies":"3 Darklings","floor":37,"turns":5},{"damage":0,"enemies":"downfall:FleeingMerchant","floor":38,"turns":4},{"damage":6,"enemies":"Writhing Mass","floor":40,"turns":6},{"damage":20,"enemies":"Reptomancer","floor":42,"turns":5},{"damage":0,"enemies":"Reptomancer","floor":43,"turns":3},{"damage":1,"enemies":"downfall:FleeingMerchant","floor":44,"turns":3},{"damage":0,"enemies":"Jaw Worm Horde","floor":48,"turns":4},{"damage":2,"enemies":"3 Darklings","floor":49,"turns":3},{"damage":43,"enemies":"IC_BLOCK_ARCHETYPE","floor":50,"turns":9},{"damage":90,"enemies":"downfall:CharBossMerchant","floor":52,"turns":7}],"seed_played":"4332194132748644840","potions_obtained":[{"floor":2,"key":"ColorlessPotion"},{"floor":8,"key":"SpeedPotion"},{"floor":13,"key":"Weak Potion"},{"floor":15,"key":"Slimebound:SlimedPotion"},{"floor":16,"key":"GamblersBrew"},{"floor":21,"key":"Block Potion"},{"floor":23,"key":"CultistPotion"},{"floor":32,"key":"PowerPotion"},{"floor":33,"key":"PowerPotion"},{"floor":40,"key":"ColorlessPotion"},{"floor":48,"key":"Explosive Potion"}],"is_trial":false,"path_per_floor":["R","M","M","M","M","R","T","M","M","E","?","R","M","M","M","B",null,"R","M","?","M","$","M","T","$","R","E","M","M","?","?","M","B",null,"R","M","M","$","?","M","T","E","?","$","R","?","R","M","M","B",null,"E"],"character_chosen":"SLIMEBOUND","items_purchased":["expansioncontent:DashGenerateEvil","Slimebound:SelfDamagePreventRelic"],"campfire_rested":0,"item_purchase_floors":[22,44],"current_hp_per_floor":[65,56,50,54,56,56,56,64,64,32,32,32,32,32,36,42,65,65,65,65,61,65,63,63,65,65,39,38,42,42,42,33,39,65,65,65,48,52,52,54,54,40,46,49,49,49,59,65,71,36,75,0,0,0],"gold":303,"neow_bonus":"TRANSFORM_TWO_CARDS","is_daily":false,"chose_seed":false,"campfire_upgraded":7,"win_rate":0.0,"timestamp":1611453579,"path_taken":["R","M","M","M","M","R","T","M","M","E","?","R","?","M","M","BOSS","R","M","?","M","$","M","T","$","R","E","M","M","?","?","M","BOSS","R","M","M","$","?","M","T","E","?","$","R","?","R","M","M","BOSS","E"],"items_purchased_type":["Card","Relic"],"build_version":"2020-12-22","purchased_purges":2,"victory":false,"max_hp_per_floor":[65,65,65,65,65,65,65,65,65,65,65,65,65,65,65,65,65,65,65,65,65,65,65,65,65,65,65,65,65,65,65,65,65,65,65,65,65,65,65,65,65,65,65,65,65,65,75,75,75,75,75,75,75,75],"relic_stats":{"Dream Catcher":0,"Nunchaku":[4],"counters":[32,131],"Blue Candle":[7],"Gambling Chip":[23],"Smiling Mask":50,"obtain_stats":[{"Slimebound:SelfDamagePreventRelic":44,"downfall:HeartBlessingRed":35,"SacredBark":17,"Blue Candle":27,"Thread and Needle":43,"downfall:HeartBlessingGreen":47,"Whetstone":7,"Frozen Egg 2":39,"Smiling Mask":39,"Dream Catcher":10,"Nunchaku":42,"downfall:HeartBlessingBlue":47,"Gambling Chip":39,"downfall:RedIOU":20,"Slimebound:AbsorbEndCombat":0,"Coffee Dripper":34,"downfall:ExtraCursedBell":39,"NlothsMask":11},{"Slimebound:SelfDamagePreventRelic":28,"downfall:HeartBlessingRed":21,"SacredBark":11,"Blue Candle":17,"Thread and Needle":27,"downfall:HeartBlessingGreen":28,"Whetstone":4,"Frozen Egg 2":24,"Smiling Mask":24,"Dream Catcher":7,"Nunchaku":26,"downfall:HeartBlessingBlue":28,"Gambling Chip":24,"downfall:RedIOU":12,"Slimebound:AbsorbEndCombat":0,"Coffee Dripper":21,"downfall:ExtraCursedBell":24,"NlothsMask":7},{"Slimebound:SelfDamagePreventRelic":108,"downfall:HeartBlessingRed":77,"SacredBark":37,"Blue Candle":60,"Thread and Needle":105,"downfall:HeartBlessingGreen":108,"Whetstone":12,"Frozen Egg 2":91,"Smiling Mask":91,"Dream Catcher":22,"Nunchaku":102,"downfall:HeartBlessingBlue":108,"Gambling Chip":91,"downfall:RedIOU":40,"Slimebound:AbsorbEndCombat":0,"Coffee Dripper":77,"downfall:ExtraCursedBell":91,"NlothsMask":22}]},"card_choices":[{"not_picked":["Slimebound:ProtectTheBoss","Slimebound:ViciousTackle","Slimebound:DisruptingSlam"],"picked":"SKIP","floor":2},{"not_picked":["Slimebound:GoopTackle","Slimebound:ForwardTackle"],"picked":"Slimebound:LivingWall","floor":3},{"not_picked":["Slimebound:Nibble","Slimebound:RejuvenatingLick"],"picked":"Slimebound:SplitBruiser","floor":4},{"not_picked":["Slimebound:Prepare","Slimebound:PressTheAttack"],"picked":"Slimebound:MegaLick","floor":5},{"not_picked":["Slimebound:Schlurp","Slimebound:DisruptingSlam"],"picked":"Slimebound:RollThrough","floor":8},{"not_picked":["Slimebound:SlimeBrawl","Slimebound:Prepare"],"picked":"Slimebound:SplitLeeching","floor":9},{"not_picked":["Slimebound:LeechEnergy","Slimebound:RollThrough"],"picked":"Slimebound:Teamwork","floor":10},{"not_picked":["Slimebound:GoopSpray","Slimebound:LivingWall"],"picked":"Slimebound:SplitLeeching","floor":13},{"not_picked":["Slimebound:ComboTackle","Slimebound:ForwardTackle"],"picked":"Slimebound:Repurpose","floor":14},{"not_picked":["Slimebound:Chomp","Slimebound:Schlurp"],"picked":"Slimebound:SplitMire","floor":15},{"not_picked":["Slimebound:OneTwoCombo","Slimebound:SlimeSlap"],"picked":"Slimebound:WasteNot","floor":16},{"not_picked":["Slimebound:Schlurp","Slimebound:ItLooksTasty"],"picked":"Slimebound:HauntingLick","floor":19},{"not_picked":["Slimebound:TongueLash","Slimebound:SplitMire"],"picked":"Slimebound:Repurpose","floor":21},{"not_picked":["Slimebound:FlameTackle+1","Slimebound:GoopTackle+1","Slimebound:ItLooksTasty"],"picked":"SKIP","floor":22},{"not_picked":["Slimebound:ViciousTackle","Slimebound:ItLooksTasty"],"picked":"Slimebound:SplitAcid+1","floor":23},{"not_picked":["Slimebound:SpikyOuterGoop","Slimebound:LeadByExample"],"picked":"Slimebound:SlimeBarrage","floor":25},{"not_picked":["Slimebound:ItLooksTasty+1","Slimebound:OozeBath"],"picked":"Slimebound:MegaLick+1","floor":27},{"not_picked":["Slimebound:SplitBruiser+1","Slimebound:SlimeSpikes","Slimebound:Equalize"],"picked":"SKIP","floor":28},{"not_picked":["Slimebound:PressTheAttack+1","Slimebound:GoopSpray"],"picked":"Slimebound:FormOfPuddle+1","floor":29},{"not_picked":["Slimebound:SlimeSpikes","Slimebound:Schlurp"],"picked":"Slimebound:PressTheAttack+1","floor":32},{"not_picked":["Slimebound:Overexert","Slimebound:RallyTheTroops"],"picked":"Slimebound:MinionMaster","floor":33},{"not_picked":["Slimebound:ItLooksTasty+1","Slimebound:RejuvenatingLick"],"picked":"Slimebound:PressTheAttack+1","floor":36},{"not_picked":["Slimebound:SplitMire","Slimebound:Repurpose"],"picked":"Slimebound:LeechEnergy+1","floor":37},{"not_picked":["Slimebound:ViciousTackle+1","Slimebound:RainOfGoop","Slimebound:FinishingTackle"],"picked":"SKIP","floor":38},{"not_picked":["Slimebound:LeechEnergy+1","Slimebound:SplitLeeching+1"],"picked":"Slimebound:ForwardTackle+1","floor":40},{"not_picked":["Slimebound:SlimeBrawl","Slimebound:RejuvenatingLick+1"],"picked":"Slimebound:HauntingLick+1","floor":42},{"not_picked":["Slimebound:GrowthPunch","Slimebound:HauntingLick","Slimebound:SplitMire+1"],"picked":"SKIP","floor":44},{"not_picked":["Slimebound:LeechingTouch","Slimebound:GoopTackle+1"],"picked":"Slimebound:SamplingLick+1","floor":48},{"not_picked":["Slimebound:DisruptingSlam","Slimebound:LivingWall+1","Slimebound:HauntingLick"],"picked":"SKIP","floor":49}],"player_experience":235086,"relics_obtained":[{"floor":7,"key":"Whetstone"},{"floor":10,"key":"Dream Catcher"},{"floor":27,"key":"Blue Candle"},{"floor":39,"key":"Smiling Mask"},{"floor":39,"key":"Frozen Egg 2"},{"floor":39,"key":"Gambling Chip"},{"floor":42,"key":"Nunchaku"},{"floor":43,"key":"Thread and Needle"}],"event_choices":[{"damage_healed":0,"gold_gain":0,"player_choice":"Trade","damage_taken":0,"relics_obtained":["NlothsMask"],"max_hp_gain":0,"max_hp_loss":0,"event_name":"FaceTrader","floor":11,"gold_loss":0}],"is_beta":false,"boss_relics":[{"not_picked":["Runic Dome","Runic Pyramid"],"picked":"SacredBark"},{"not_picked":["bronze:MakeshiftBattery","Busted Crown"],"picked":"Coffee Dripper"}],"items_purged_floors":[22,44],"is_endless":false,"potions_floor_spawned":[2,8,13,15,16,21,23,32,33,36,40,48],"killed_by":"downfall:CharBossMerchant","ascension_level":0}}