{"host":"nnt34ungdh9fkcmy","time":1611460949,"event":{"mods":["BaseMod","Downfall","Minty Spire (QoL Compilation)","StSLib","SuperFastMode"],"gold_per_floor":[99,111,21,41,59,73,120,151,164,192,204,247,269,313,344,456,468,380,410,422,444,295,313,336,362,362,362,380,280,299,331,349,445,445,445,456,476,491,491,119,170,186,86,102,114,141,30,83,94,94,94,125,46,46,46,46],"floor_reached":57,"language":"ENG","playtime":4005,"items_purged":["Regret","bronze:Defend","bronze:Defend","bronze:Defend"],"score":1283,"play_id":"caba4d55-2b5e-4df6-bde3-6c213440467a","local_time":"20210123210229","is_ascension_mode":true,"campfire_choices":[{"data":"bronze:Library","floor":1.0,"key":"SMITH"},{"data":"bronze:Mutator","floor":18.0,"key":"SMITH"},{"floor":29.0,"key":"REST"},{"floor":35.0,"key":"RECALL"},{"data":"bronze:Library","floor":43.0,"key":"SMITH"},{"data":"bronze:OilSpill","floor":54.0,"key":"SMITH"}],"circlet_count":0,"master_deck":["bronze:Defend","bronze:Replicate","bronze:Goto","bronze:Deprecate","bronze:Library+1","bronze:ForceShield","bronze:WhirlingStrike","bronze:Fortify","bronze:BronzeArmor","bronze:Library+1","bronze:Mutator+1","bronze:ChosenStrike","bronze:AlphaBuild","bronze:OilSpill+1","Injury","bronze:FineTuning+1","bronze:Constructor","bronze:Shell","bronze:InfiniteLoop+1"],"relics":["bronze:BronzeCore","Anchor","bronze:SilverBullet","MawBank","Letter Opener","Bag of Preparation","Centennial Puzzle","Cursed Key","downfall:HeartBlessingGreen","CaptainsWheel","downfall:HeartBlessingBlue","Toy Ornithopter","Busted Crown","Omamori","PreservedInsect","downfall:HeartBlessingRed","Molten Egg 2","Ice Cream","Unceasing Top","Blood Vial"],"acts_visited":["Exordium","TheCity","TheBeyond","TheEnding"],"potions_floor_usage":[56,56,56],"damage_taken":[{"damage":3.0,"enemies":"2 Louse","floor":2.0,"turns":3.0},{"damage":7.0,"enemies":"downfall:FleeingMerchant","floor":3.0,"turns":4.0},{"damage":0.0,"enemies":"Small Slimes","floor":4.0,"turns":4.0},{"damage":6.0,"enemies":"Jaw Worm","floor":5.0,"turns":4.0},{"damage":0.0,"enemies":"Blue Slaver","floor":6.0,"turns":5.0},{"damage":1.0,"enemies":"Lagavulin","floor":8.0,"turns":8.0},{"damage":14.0,"enemies":"Exordium Thugs","floor":9.0,"turns":5.0},{"damage":0.0,"enemies":"3 Sentries","floor":10.0,"turns":6.0},{"damage":1.0,"enemies":"Lagavulin","floor":12.0,"turns":7.0},{"damage":0.0,"enemies":"3 Louse","floor":13.0,"turns":1.0},{"damage":14.0,"enemies":"Gremlin Nob","floor":14.0,"turns":3.0},{"damage":4.0,"enemies":"2 Fungi Beasts","floor":15.0,"turns":3.0},{"damage":2.0,"enemies":"WA_ARCHETYPE_RETAIN","floor":16.0,"turns":7.0},{"damage":0.0,"enemies":"Spheric Guardian","floor":19.0,"turns":3.0},{"damage":0.0,"enemies":"Shell Parasite","floor":21.0,"turns":4.0},{"damage":2.0,"enemies":"downfall:FleeingMerchant","floor":22.0,"turns":4.0},{"damage":20.0,"enemies":"Centurion and Healer","floor":23.0,"turns":6.0},{"damage":23.0,"enemies":"Book of Stabbing","floor":25.0,"turns":7.0},{"damage":12.0,"enemies":"3 Cultists","floor":28.0,"turns":4.0},{"damage":0.0,"enemies":"Chosen and Byrds","floor":30.0,"turns":4.0},{"damage":6.0,"enemies":"Slavers","floor":31.0,"turns":3.0},{"damage":0.0,"enemies":"Cultist and Chosen","floor":32.0,"turns":4.0},{"damage":30.0,"enemies":"SI_MIRROR_ARCHETYPE","floor":33.0,"turns":9.0},{"damage":2.0,"enemies":"3 Darklings","floor":36.0,"turns":5.0},{"damage":0.0,"enemies":"Orb Walker","floor":37.0,"turns":3.0},{"damage":2.0,"enemies":"Sphere and 2 Shapes","floor":38.0,"turns":4.0},{"damage":0.0,"enemies":"downfall:FleeingMerchant","floor":40.0,"turns":4.0},{"damage":0.0,"enemies":"Spire Growth","floor":42.0,"turns":5.0},{"damage":0.0,"enemies":"Jaw Worm Horde","floor":44.0,"turns":4.0},{"damage":3.0,"enemies":"Transient","floor":45.0,"turns":5.0},{"damage":5.0,"enemies":"Giant Head","floor":46.0,"turns":5.0},{"damage":0.0,"enemies":"downfall:FleeingMerchant","floor":47.0,"turns":1.0},{"damage":2.0,"enemies":"2 Orb Walkers","floor":48.0,"turns":4.0},{"damage":5.0,"enemies":"Writhing Mass","floor":49.0,"turns":4.0},{"damage":24.0,"enemies":"IC_BLOCK_ARCHETYPE","floor":50.0,"turns":8.0},{"damage":10.0,"enemies":"downfall:CharBossMerchant","floor":52.0,"turns":7.0},{"damage":38,"enemies":"downfall:NeowBoss","floor":55,"turns":10},{"damage":1,"enemies":"downfall:NeowBossFinal","floor":56,"turns":8}],"seed_played":"-8029984805015043001","potions_obtained":[{"floor":2.0,"key":"AttackPotion"},{"floor":5.0,"key":"Swift Potion"},{"floor":9.0,"key":"LiquidMemories"},{"floor":10.0,"key":"GamblersBrew"},{"floor":12.0,"key":"PowerPotion"},{"floor":14.0,"key":"bronze:FreeFunctionsPotion"},{"floor":19.0,"key":"bronze:FreeFunctionsPotion"},{"floor":21.0,"key":"LiquidBronze"},{"floor":26.0,"key":"CultistPotion"},{"floor":28.0,"key":"LiquidMemories"},{"floor":32.0,"key":"SkillPotion"},{"floor":33.0,"key":"Fire Potion"},{"floor":45.0,"key":"bronze:BurnAndBuffPotion"},{"floor":49.0,"key":"PowerPotion"}],"is_trial":false,"path_per_floor":["R","M","$","M","M","M","T","E","M","E","?","E","M","E","M","B",null,"R","M","?","M","$","M","T","E","?","?","M","R","M","E","M","B",null,"R","M","M","M","?","$","T","M","R","M","M","E","$","?","M","B",null,"E","$","R","B","B",null],"character_chosen":"THE_AUTOMATON","items_purchased":["bronze:OilSpill","Omamori","bronze:Shell","Ice Cream","bronze:InfiniteLoop+1"],"campfire_rested":1,"item_purchase_floors":[22,40,40,47,53],"current_hp_per_floor":[70,67,60,60,54,54,54,53,39,39,36,35,35,21,17,15,70,70,70,70,70,68,48,48,25,25,25,13,47,47,41,41,16,80,80,78,78,76,76,76,76,76,76,76,78,73,73,71,66,42,80,70,70,70,34,50],"gold":46,"neow_bonus":"TRANSFORM_TWO_CARDS","is_daily":false,"chose_seed":false,"campfire_upgraded":4,"win_rate":0.0,"timestamp":1611460949,"path_taken":["R","M","$","M","M","M","T","E","M","E","?","E","M","E","M","BOSS","R","M","?","M","$","M","T","E","?","?","M","R","?","E","M","BOSS","R","M","M","M","?","?","T","M","R","M","M","E","$","?","M","BOSS","E","$","R","BOSS","BOSS"],"items_purchased_type":["Card","Relic","Card","Relic","Card"],"build_version":"2020-12-22","purchased_purges":4,"victory":true,"max_hp_per_floor":[70,70,70,70,70,70,70,70,70,70,70,70,70,70,70,70,70,70,70,70,70,70,70,70,70,70,70,70,80,80,80,80,80,80,80,80,80,80,80,80,80,80,80,80,80,80,80,80,80,80,80,80,80,80,80,80],"card_choices":[{"not_picked":["bronze:FollowUp","bronze:Shield","bronze:MaxOutput"],"picked":"SKIP","floor":2.0},{"not_picked":["bronze:CloningBeam","bronze:Frontload","bronze:DelayedGuard"],"picked":"SKIP","floor":3.0},{"not_picked":["bronze:Safeguard","bronze:DarkDash"],"picked":"bronze:ForceShield","floor":4.0},{"not_picked":["bronze:Shield","bronze:Flail","bronze:ItsAFeature"],"picked":"SKIP","floor":5.0},{"not_picked":["bronze:DelayedGuard","bronze:OilSpill"],"picked":"bronze:WhirlingStrike","floor":6.0},{"not_picked":["bronze:Frontload","bronze:Shield"],"picked":"bronze:Fortify","floor":8.0},{"not_picked":["bronze:BronzeArmor","bronze:Turbo","bronze:WildBeam"],"picked":"SKIP","floor":9.0},{"not_picked":["bronze:Turbo","bronze:WildBeam"],"picked":"bronze:BronzeArmor","floor":9.0},{"not_picked":["bronze:Turbo","bronze:BronzeArmor","bronze:DarkDash"],"picked":"SKIP","floor":10.0},{"not_picked":["bronze:DigitalCarnage","bronze:Turbo","bronze:DelayedSlice"],"picked":"SKIP","floor":12.0},{"not_picked":["bronze:Overload","bronze:Deprecate"],"picked":"bronze:Library","floor":13.0},{"not_picked":["bronze:Return","bronze:DarkDash"],"picked":"bronze:Mutator","floor":14.0},{"not_picked":["bronze:Deprecate","bronze:WhirlingStrike","bronze:ForLoop"],"picked":"SKIP","floor":15.0},{"not_picked":["bronze:Deprecate","bronze:OilSpill"],"picked":"bronze:ChosenStrike","floor":19.0},{"not_picked":["bronze:Boost","bronze:Deprecate","bronze:NullPointer+1"],"picked":"SKIP","floor":21.0},{"not_picked":["bronze:ForLoop","bronze:Return"],"picked":"bronze:AlphaBuild","floor":22.0},{"not_picked":["bronze:ChildClass","bronze:Frontload","bronze:Deprecate"],"picked":"SKIP","floor":23.0},{"not_picked":["bronze:DigitalCarnage","bronze:Flail"],"picked":"bronze:FineTuning+1","floor":25.0},{"not_picked":["bronze:FineTuning","bronze:ChosenStrike","bronze:Overload"],"picked":"SKIP","floor":28.0},{"not_picked":["bronze:Frontload","bronze:Branch","bronze:BugBarrage"],"picked":"SKIP","floor":30.0},{"not_picked":["bronze:DelayedGuard","bronze:DelayedSlice"],"picked":"bronze:Constructor","floor":31.0},{"not_picked":["bronze:Shield","bronze:WhirlingStrike+1","bronze:WildBeam"],"picked":"SKIP","floor":32.0},{"not_picked":["bronze:BugBarrage"],"picked":"SKIP","floor":36.0},{"not_picked":["bronze:Iterate+1"],"picked":"SKIP","floor":37.0},{"not_picked":["bronze:Turbo+1"],"picked":"SKIP","floor":38.0},{"not_picked":["bronze:Iterate"],"picked":"SKIP","floor":40.0},{"not_picked":["bronze:Separator"],"picked":"SKIP","floor":42.0},{"not_picked":["bronze:Philosophize+1"],"picked":"SKIP","floor":44.0},{"not_picked":["bronze:ForLoop+1"],"picked":"SKIP","floor":45.0},{"not_picked":["bronze:Assembly"],"picked":"SKIP","floor":46.0},{"not_picked":["bronze:MaxOutput"],"picked":"SKIP","floor":47.0},{"not_picked":["bronze:Safeguard"],"picked":"SKIP","floor":49.0},{"not_picked":["bronze:WildBeam+1"],"picked":"SKIP","floor":52.0}],"player_experience":249732,"relics_obtained":[{"floor":7.0,"key":"Anchor"},{"floor":8.0,"key":"bronze:SilverBullet"},{"floor":10.0,"key":"MawBank"},{"floor":12.0,"key":"Bag of Preparation"},{"floor":14.0,"key":"Centennial Puzzle"},{"floor":25.0,"key":"CaptainsWheel"},{"floor":31.0,"key":"Toy Ornithopter"},{"floor":41.0,"key":"PreservedInsect"},{"floor":46.0,"key":"Molten Egg 2"},{"floor":48.0,"key":"Unceasing Top"},{"floor":52.0,"key":"Blood Vial"}],"event_choices":[{"damage_healed":0.0,"max_hp_gain":0.0,"max_hp_loss":0.0,"gold_gain":0.0,"event_name":"Scrap Ooze","player_choice":"Success","floor":11.0,"gold_loss":0.0,"damage_taken":3.0,"relics_obtained":["Letter Opener"]},{"damage_healed":0.0,"max_hp_gain":0.0,"max_hp_loss":0.0,"gold_gain":0.0,"event_name":"Vampires","player_choice":"Ignored","floor":20.0,"gold_loss":0.0,"damage_taken":0.0},{"cards_removed":["bronze:Strike"],"damage_healed":0.0,"max_hp_gain":0.0,"max_hp_loss":0.0,"gold_gain":0.0,"event_name":"Bonfire Elementals","player_choice":"Offered Basic","floor":39.0,"gold_loss":0.0,"damage_taken":0.0},{"damage_healed":0.0,"max_hp_gain":0.0,"max_hp_loss":0.0,"gold_gain":0.0,"event_name":"Mysterious Sphere","player_choice":"Fight","floor":48.0,"gold_loss":0.0,"damage_taken":0.0}],"is_beta":false,"boss_relics":[{"not_picked":["Black Star","Coffee Dripper"],"picked":"Cursed Key"},{"not_picked":["SacredBark","Calling Bell"],"picked":"Busted Crown"}],"items_purged_floors":[3,22,40,47],"is_endless":false,"potions_floor_spawned":[2,5,9,10,12,14,15,19,21,25,28,32,33,37,38,42,45,48,49],"ascension_level":1}}