{"host":"vyjryxuuuxkt43k4","time":1611456381,"event":{"mods":["AchievementEnabler","BaseMod","Colored Map","DeckTracker","Keyboard Shortcuts","Minty Spire (QoL Compilation)","Permanent Neow","Quick Restart","StSLib","SuperFastMode","everything is the same but u backflip on backflip"],"gold_per_floor":[110,110,122,122,142,142,169,181,240,252,274,59,91,91,91,165,165,180,22,40,40,40,40,51,84,135,135,145,145,172,172,172],"floor_reached":31,"language":"KOR","playtime":1061,"items_purged":["Strike_R","Strike_R"],"score":762,"play_id":"6405d112-1e49-45bc-bc5d-8386b06f183c","local_time":"20210124114621","is_ascension_mode":true,"campfire_choices":[{"data":"Armaments","floor":6.0,"key":"SMITH"},{"floor":8.0,"key":"REST"},{"data":"Fire Breathing","floor":10.0,"key":"SMITH"},{"data":"Metallicize","floor":15.0,"key":"SMITH"},{"floor":23.0,"key":"REST"},{"floor":27,"key":"REST"},{"data":"Shrug It Off","floor":29,"key":"SMITH"}],"circlet_count":0,"master_deck":["AscendersBane","Strike_R","Strike_R","Strike_R","Defend_R","Defend_R","Defend_R+1","Defend_R","Bash","Offering+1","Body Slam+1","Second Wind","Armaments+1","Fire Breathing+1","Sentinel","Metallicize+1","Reckless Charge","Corruption+1","Shrug It Off+1","Demon Form","Body Slam","Intimidate"],"relics":["Burning Blood","MawBank","Akabeko","Membership Card","Matryoshka","Eternal Feather","Snecko Eye","OrangePellets","Enchiridion","Ancient Tea Set","Omamori","Strawberry","Magic Flower"],"acts_visited":["Exordium","TheCity"],"potions_floor_usage":[25,30,31],"damage_taken":[{"damage":15.0,"enemies":"Jaw Worm","floor":1.0,"turns":5.0},{"damage":6.0,"enemies":"2 Louse","floor":3.0,"turns":2.0},{"damage":7.0,"enemies":"Cultist","floor":5.0,"turns":3.0},{"damage":29.0,"enemies":"Lagavulin","floor":7.0,"turns":5.0},{"damage":13.0,"enemies":"Large Slime","floor":11.0,"turns":3.0},{"damage":6.0,"enemies":"Gremlin Nob","floor":13.0,"turns":2.0},{"damage":6.0,"enemies":"Slime Boss","floor":16.0,"turns":7.0},{"damage":36.0,"enemies":"Spheric Guardian","floor":18.0,"turns":6.0},{"damage":20.0,"enemies":"3 Byrds","floor":20.0,"turns":6.0},{"damage":31,"enemies":"Shelled Parasite and Fungi","floor":24,"turns":8},{"damage":6,"enemies":"Slavers","floor":25,"turns":4},{"damage":16,"enemies":"Centurion and Healer","floor":28,"turns":3},{"damage":62,"enemies":"Book of Stabbing","floor":30,"turns":6},{"damage":19,"enemies":"Sentry and Sphere","floor":31,"turns":3}],"seed_played":"-6177145904280417385","potions_obtained":[{"floor":5.0,"key":"Fire Potion"},{"floor":7.0,"key":"FearPotion"},{"floor":13.0,"key":"DuplicationPotion"},{"floor":18.0,"key":"Fruit Juice"},{"floor":25,"key":"Regen Potion"},{"floor":28,"key":"Block Potion"},{"floor":30,"key":"Dexterity Potion"}],"is_trial":false,"path_per_floor":["M","?","M","?","M","R","E","R","T","R","M","$","E","?","R","B",null,"M","$","M","?","?","R","M","E","T","R","M","R","E","M"],"character_chosen":"IRONCLAD","items_purchased":["Membership Card","Metallicize","Explosive Potion","OrangePellets"],"campfire_rested":3,"item_purchase_floors":[12,12,19,19],"current_hp_per_floor":[59,36,36,36,35,35,12,34,34,34,27,27,27,27,36,36,65,40,40,26,5,5,38,13,13,20,58,48,60,19,0,0],"gold":172,"neow_bonus":"ONE_RANDOM_RARE_CARD","is_daily":false,"chose_seed":false,"campfire_upgraded":4,"win_rate":0.0,"timestamp":1611456381,"path_taken":["M","?","M","?","?","R","E","R","T","R","M","$","E","?","R","BOSS","M","$","M","?","?","R","M","E","T","R","M","R","E","M"],"items_purchased_type":["Relic","Card","Potion","Relic"],"build_version":"2020-12-22","purchased_purges":2,"victory":false,"max_hp_per_floor":[75,75,75,75,75,75,75,75,75,75,75,75,75,75,75,75,75,80,80,80,80,80,80,80,80,87,87,87,87,87,87,87],"card_choices":[{"not_picked":["Twin Strike","Anger"],"picked":"Body Slam","floor":1.0},{"not_picked":["Disarm","Pommel Strike"],"picked":"Second Wind","floor":3.0},{"not_picked":["Twin Strike","Whirlwind"],"picked":"Armaments","floor":5.0},{"not_picked":["Inflame","Whirlwind"],"picked":"Fire Breathing","floor":7.0},{"not_picked":["Seeing Red","Havoc"],"picked":"Sentinel","floor":11.0},{"not_picked":["Dropkick","Combust","Reckless Charge"],"picked":"SKIP","floor":13.0},{"not_picked":["Dropkick","Combust"],"picked":"Reckless Charge","floor":13.0},{"not_picked":["Immolate","Berserk"],"picked":"Corruption","floor":16.0},{"not_picked":["Perfected Strike","Uppercut","Havoc"],"picked":"SKIP","floor":18.0},{"not_picked":["Cleave","Carnage+1"],"picked":"Shrug It Off","floor":20.0},{"not_picked":["Pommel Strike","Iron Wave","Sever Soul"],"picked":"SKIP","floor":24},{"not_picked":["Wild Strike","Sword Boomerang+1"],"picked":"Demon Form","floor":25},{"not_picked":["Dropkick","Shockwave"],"picked":"Body Slam","floor":28},{"not_picked":["Uppercut","Anger"],"picked":"Intimidate","floor":30}],"player_experience":280134,"relics_obtained":[{"floor":7.0,"key":"MawBank"},{"floor":9.0,"key":"Akabeko"},{"floor":13.0,"key":"Matryoshka"},{"floor":14.0,"key":"Eternal Feather"},{"floor":21.0,"key":"Enchiridion"},{"floor":25,"key":"Ancient Tea Set"},{"floor":26,"key":"Omamori"},{"floor":26,"key":"Strawberry"},{"floor":30,"key":"Magic Flower"}],"event_choices":[{"damage_healed":0.0,"max_hp_gain":0.0,"max_hp_loss":0.0,"gold_gain":0.0,"event_name":"Shining Light","player_choice":"Entered Light","floor":2.0,"gold_loss":0.0,"damage_taken":23.0,"cards_upgraded":["Body Slam","Defend_R"]},{"damage_healed":0.0,"max_hp_gain":0.0,"max_hp_loss":0.0,"gold_gain":0.0,"event_name":"Upgrade Shrine","player_choice":"Upgraded","floor":4.0,"gold_loss":0.0,"damage_taken":0.0,"cards_upgraded":["Offering"]},{"damage_healed":0.0,"max_hp_gain":0.0,"max_hp_loss":0.0,"gold_gain":0.0,"event_name":"Wheel of Change","player_choice":"Relic","floor":14.0,"gold_loss":0.0,"damage_taken":0.0},{"damage_healed":0.0,"max_hp_gain":0.0,"max_hp_loss":0.0,"gold_gain":0.0,"event_name":"Cursed Tome","player_choice":"Obtained Book","floor":21.0,"gold_loss":0.0,"damage_taken":21.0},{"damage_healed":0.0,"max_hp_gain":0.0,"max_hp_loss":0.0,"gold_gain":0.0,"event_name":"Upgrade Shrine","player_choice":"Upgraded","floor":22.0,"gold_loss":0.0,"damage_taken":0.0,"cards_upgraded":["Corruption"]}],"is_beta":false,"boss_relics":[{"not_picked":["SlaversCollar","Tiny House"],"picked":"Snecko Eye"}],"items_purged_floors":[12,19],"is_endless":false,"potions_floor_spawned":[5,7,13,18,25,28,30],"killed_by":"Sentry and Sphere","ascension_level":20}}