{"host":"6xsbn6ynqlzwllfm","time":1611519260,"event":{"mods":["2.2 Compatiblity","BaseMod","Bestiary","Colored Map","Colored Powertips","Curses Come First","Highlight Path","Keyboard Shortcuts","Minty Spire (QoL Compilation)","Relic Stats","Slay the Relics Exporter","StSLib","SuperFastMode"],"gold_per_floor":[119,44,119,131,92,126,126,156,180,180,198,198,198,269,269,352,352,374,374,116,129,20,49,73,73,73,110,110,110,110],"floor_reached":29,"language":"ENG","playtime":1212,"items_purged":["Defend_R","Strike_R"],"score":534,"play_id":"d871377e-4192-4dac-8b2f-53033370800f","local_time":"20210124151420","is_ascension_mode":true,"campfire_choices":[{"data":"Spot Weakness","floor":7,"key":"SMITH"},{"data":"Battle Trance","floor":10,"key":"SMITH"},{"data":"Burning Pact","floor":13,"key":"SMITH"},{"data":"Warcry","floor":15,"key":"SMITH"},{"floor":28,"key":"REST"}],"circlet_count":0,"master_deck":["AscendersBane","Defend_R","Defend_R","Defend_R","Bash","Anger+1","Ghostly Armor+1","Limit Break+1","Spot Weakness+1","Iron Wave","Battle Trance+1","Burning Pact+1","Seeing Red","Warcry+1","Bloodletting","Warcry","Reaper","Sword Boomerang","Dark Embrace","Feel No Pain","Shockwave"],"relics":["Astrolabe","Regal Pillow","Potion Belt","Art of War","CeramicFish","Velvet Choker","Toy Ornithopter","Omamori","Shuriken","Nunchaku"],"acts_visited":["Exordium","TheCity"],"potions_floor_usage":[8,8,23,23,23,23],"damage_taken":[{"damage":2,"enemies":"2 Louse","floor":1,"turns":4},{"damage":0,"enemies":"Small Slimes","floor":4,"turns":4},{"damage":12,"enemies":"3 Sentries","floor":6,"turns":7},{"damage":2,"enemies":"Lagavulin","floor":8,"turns":5},{"damage":2,"enemies":"Jaw Worm","floor":11,"turns":4},{"damage":12,"enemies":"3 Sentries","floor":14,"turns":7},{"damage":8,"enemies":"Hexaghost","floor":16,"turns":6},{"damage":44,"enemies":"Chosen","floor":18,"turns":6},{"damage":20,"enemies":"Shell Parasite","floor":21,"turns":4},{"damage":56,"enemies":"Slavers","floor":23,"turns":5},{"damage":40,"enemies":"Sentry and Sphere","floor":24,"turns":7},{"damage":63,"enemies":"Book of Stabbing","floor":27,"turns":6},{"damage":92,"enemies":"Slavers","floor":29,"turns":6}],"seed_played":"-5357611859547476044","potions_obtained":[{"floor":1,"key":"SpeedPotion"},{"floor":6,"key":"Strength Potion"},{"floor":11,"key":"BloodPotion"},{"floor":14,"key":"Fire Potion"},{"floor":21,"key":"LiquidMemories"}],"is_trial":false,"path_per_floor":["M","$","?","M","$","E","R","E","T","R","M","?","R","?","R","B",null,"M","?","$","M","$","E","M","?","T","E","R","E"],"character_chosen":"IRONCLAD","items_purchased":["Battle Trance","Toy Ornithopter","Dark Embrace","Regen Potion"],"campfire_rested":1,"item_purchase_floors":[5,20,22,22],"current_hp_per_floor":[66,66,55,55,55,43,43,41,41,41,39,39,39,27,27,19,61,17,17,17,15,15,53,27,42,42,7,44,0,0],"gold":110,"neow_bonus":"BOSS_RELIC","is_daily":false,"chose_seed":false,"campfire_upgraded":4,"win_rate":0.0,"timestamp":1611519260,"path_taken":["M","$","?","M","$","E","R","E","T","R","M","?","R","?","R","BOSS","M","?","$","M","$","E","M","?","T","E","R","E"],"items_purchased_type":["Card","Relic","Card","Potion"],"build_version":"2020-12-22","purchased_purges":2,"victory":false,"max_hp_per_floor":[75,75,75,75,75,75,75,75,75,75,75,75,75,75,75,75,75,75,75,75,75,75,75,75,75,75,75,75,75,75],"relic_stats":{"Regal Pillow":15,"Nunchaku":[0],"counters":[13,71],"Shuriken":[1],"Astrolabe":["Anger","Ghostly Armor","Limit Break"],"CeramicFish":54,"Art of War":[10],"obtain_stats":[{"Potion Belt":8,"Regal Pillow":6,"Nunchaku":27,"Shuriken":26,"Astrolabe":0,"CeramicFish":14,"Velvet Choker":17,"Art of War":9,"Omamori":23,"Burning Blood":0,"Toy Ornithopter":20},{"Potion Belt":4,"Regal Pillow":3,"Nunchaku":12,"Shuriken":11,"Astrolabe":0,"CeramicFish":6,"Velvet Choker":7,"Art of War":4,"Omamori":10,"Burning Blood":0,"Toy Ornithopter":8},{"Potion Belt":20,"Regal Pillow":15,"Nunchaku":65,"Shuriken":59,"Astrolabe":0,"CeramicFish":31,"Velvet Choker":37,"Art of War":20,"Omamori":52,"Burning Blood":0,"Toy Ornithopter":43}],"Toy Ornithopter":15},"card_choices":[{"not_picked":["Wild Strike","Dual Wield"],"picked":"Spot Weakness","floor":1},{"not_picked":["Ghostly Armor","Anger"],"picked":"Iron Wave","floor":4},{"not_picked":["Metallicize","Bloodletting"],"picked":"Burning Pact","floor":6},{"not_picked":["Flex","Blood for Blood"],"picked":"Seeing Red","floor":8},{"not_picked":["Havoc","True Grit"],"picked":"Warcry","floor":11},{"not_picked":["Clash","Carnage"],"picked":"Warcry","floor":14},{"not_picked":["Limit Break","Berserk"],"picked":"Reaper","floor":16},{"not_picked":["Rampage","Carnage"],"picked":"Sword Boomerang","floor":18},{"not_picked":["Reckless Charge+1","Sever Soul","Evolve"],"picked":"SKIP","floor":21},{"not_picked":["Dark Embrace","Reckless Charge","Anger+1"],"picked":"SKIP","floor":23},{"not_picked":["Rage+1","Intimidate"],"picked":"Feel No Pain","floor":24},{"not_picked":["Twin Strike+1","Sword Boomerang"],"picked":"Shockwave","floor":27}],"player_experience":1112402,"relics_obtained":[{"floor":6,"key":"Regal Pillow"},{"floor":8,"key":"Potion Belt"},{"floor":9,"key":"Art of War"},{"floor":14,"key":"CeramicFish"},{"floor":23,"key":"Omamori"},{"floor":26,"key":"Shuriken"},{"floor":27,"key":"Nunchaku"}],"event_choices":[{"damage_healed":0,"gold_gain":75,"player_choice":"Gather Gold","damage_taken":11,"max_hp_gain":0,"max_hp_loss":0,"event_name":"World of Goop","floor":3,"gold_loss":0},{"damage_healed":0,"gold_gain":0,"cards_transformed":["Strike_R"],"player_choice":"Change","damage_taken":0,"max_hp_gain":0,"max_hp_loss":0,"event_name":"Living Wall","floor":12,"gold_loss":0,"cards_obtained":["Bloodletting"]},{"damage_healed":0,"gold_gain":0,"player_choice":"Searched \u00272\u0027 times","damage_taken":0,"max_hp_gain":0,"max_hp_loss":0,"event_name":"Dead Adventurer","floor":14,"gold_loss":0},{"damage_healed":0,"gold_gain":0,"player_choice":"Ignored","damage_taken":0,"max_hp_gain":0,"max_hp_loss":0,"event_name":"Cursed Tome","floor":19,"gold_loss":0},{"damage_healed":15,"gold_gain":0,"player_choice":"Heal","damage_taken":0,"max_hp_gain":0,"max_hp_loss":0,"event_name":"The Library","floor":25,"gold_loss":0}],"is_beta":false,"boss_relics":[{"not_picked":["SlaversCollar","Snecko Eye"],"picked":"Velvet Choker"}],"items_purged_floors":[2,20],"is_endless":false,"potions_floor_spawned":[1,6,11,14,21],"killed_by":"Slavers","ascension_level":20}}