{"host":"n9lc5i44t98l6pio","time":1611526353,"event":{"mods":["BaseMod","Curses Come First","Downfall","Minty Spire (QoL Compilation)","Replay The Spire","Say the Spire","StSLib"],"gold_per_floor":[115,129,129,229,253,253,102,134,159,163,163],"floor_reached":10,"language":"ENG","playtime":307,"items_purged":[],"score":69,"play_id":"b3e920f6-b488-4731-b876-73df33d9529a","local_time":"20210124231233","is_ascension_mode":true,"campfire_choices":[{"floor":6,"key":"REST"}],"circlet_count":0,"master_deck":["Strike_B","Strike_B","Strike_B","Strike_B","Defend_B","Defend_B","Defend_B","Defend_B","Zap","Dualcast","Core Surge","Genetic Algorithm","Chill","Regret","Crystallizer","Capacitor","Cold Snap","Static Discharge","Rainbow","Stack","Consume","Conserve Battery","Coolheaded"],"relics":["Cracked Core","Lantern","Replay:Bandana","Orrery","Peace Pipe","Potion Belt"],"acts_visited":["Exordium"],"potions_floor_usage":[10],"damage_taken":[{"damage":0,"enemies":"Cultist","floor":1,"turns":2},{"damage":5,"enemies":"Jaw Worm","floor":2,"turns":3},{"damage":6,"enemies":"2 Louse","floor":5,"turns":3},{"damage":44,"enemies":"Gremlin Nob","floor":8,"turns":6},{"damage":31,"enemies":"Lagavulin","floor":10,"turns":3}],"seed_played":"3580192354617900751","potions_obtained":[{"floor":1,"key":"Milkshake"},{"floor":2,"key":"bronze:BurnAndBuffPotion"},{"floor":5,"key":"Dexterity Potion"}],"is_trial":false,"path_per_floor":["M","M","?","?","M","R","$","E","T","E"],"character_chosen":"DEFECT","items_purchased":["Orrery"],"campfire_rested":1,"item_purchase_floors":[7],"current_hp_per_floor":[75,70,70,52,46,68,68,24,24,0,0],"gold":163,"neow_bonus":"ONE_RANDOM_RARE_CARD","is_daily":false,"chose_seed":false,"campfire_upgraded":0,"win_rate":0.0,"timestamp":1611526353,"path_taken":["M","M","?","?","M","R","?","E","T","E"],"items_purchased_type":["Relic"],"build_version":"2020-12-22","purchased_purges":0,"victory":false,"max_hp_per_floor":[75,75,75,75,75,75,75,75,75,75,75],"card_choices":[{"not_picked":["Panic Button","Doom and Gloom"],"picked":"Genetic Algorithm","floor":1},{"not_picked":["Redo","Skim"],"picked":"Chill","floor":2},{"not_picked":["Rebound","Panic Button"],"picked":"Crystallizer","floor":4},{"not_picked":["Panic Button","Leap"],"picked":"Capacitor","floor":4},{"not_picked":["Streamline","ReplayTheSpireMod:System Scan"],"picked":"Cold Snap","floor":5},{"not_picked":["Gash","Aggregate"],"picked":"Static Discharge","floor":7},{"not_picked":["Cold Snap","Steam"],"picked":"Rainbow","floor":7},{"not_picked":["Rebound","Redo"],"picked":"Stack","floor":7},{"not_picked":["Rebound","Hologram"],"picked":"Consume","floor":7},{"not_picked":["Undo","Sweeping Beam"],"picked":"Conserve Battery","floor":7},{"not_picked":["Doom and Gloom","Steam"],"picked":"Coolheaded","floor":8}],"player_experience":188717,"relics_obtained":[{"floor":4,"key":"Replay:Bandana"},{"floor":8,"key":"Peace Pipe"},{"floor":9,"key":"Potion Belt"}],"event_choices":[{"damage_healed":0,"gold_gain":0,"player_choice":"Box","damage_taken":0,"relics_obtained":["Lantern"],"max_hp_gain":0,"max_hp_loss":0,"event_name":"Big Fish","floor":3,"gold_loss":0,"cards_obtained":["Regret"]}],"is_beta":false,"boss_relics":[],"items_purged_floors":[],"is_endless":false,"potions_floor_spawned":[1,2,5],"killed_by":"Lagavulin","ascension_level":1}}