{"host":"t4jsb5tuksjmo64s","time":1611512934,"event":{"mods":["AchievementEnabler","BaseMod","Block Reminder","Colored Map","Colored Powertips","Dark Map","Highlight Path","Minty Spire (QoL Compilation)","Quick Restart","Random Character Button","Rare Cards Sparkle","Relic Stats"],"gold_per_floor":[114,114,64,79,94,124,139,154,229,244,169,199,214,229,229,329,329,344,266,281,296,296,296,326,341,341,356,371,386,386,401,401,401,401],"floor_reached":33,"language":"ENG","playtime":3055,"items_purged":["Flying Knee"],"score":362,"play_id":"61c926bd-a819-428a-8359-ff596abd504c","local_time":"20210124132854","daily_mods":["Draft","Colorless Cards","Terminal"],"is_ascension_mode":false,"campfire_choices":[{"data":"Mayhem","floor":15,"key":"SMITH"},{"data":"A Thousand Cuts","floor":23,"key":"SMITH"},{"floor":32,"key":"REST"}],"circlet_count":0,"master_deck":["Acrobatics","Cloak And Dagger","Catalyst","Finisher","Dagger Spray","Prepared","Cloak And Dagger","Cloak And Dagger","Poisoned Stab","Cloak And Dagger","Escape Plan","Cloak And Dagger","Poisoned Stab","Outmaneuver","Mayhem+1","Escape Plan","Finisher","Cloak And Dagger","Secret Technique","A Thousand Cuts+1","Escape Plan+1","Infinite Blades","Outmaneuver","Noxious Fumes","Footwork","Trip+1","Accuracy"],"relics":["Ring of the Serpent","Bottled Flame","Mercury Hourglass","Oddly Smooth Stone","Bag of Marbles","Boot","Darkstone Periapt"],"acts_visited":["Exordium","TheCity"],"potions_floor_usage":[6,16,25,25,33],"damage_taken":[{"damage":0,"enemies":"Small Slimes","floor":1,"turns":3},{"damage":0,"enemies":"2 Louse","floor":4,"turns":2},{"damage":0,"enemies":"Jaw Worm","floor":5,"turns":2},{"damage":3,"enemies":"Lagavulin","floor":6,"turns":5},{"damage":6,"enemies":"Lots of Slimes","floor":7,"turns":3},{"damage":4,"enemies":"Gremlin Gang","floor":8,"turns":3},{"damage":0,"enemies":"2 Fungi Beasts","floor":10,"turns":3},{"damage":0,"enemies":"3 Sentries","floor":12,"turns":5},{"damage":0,"enemies":"Blue Slaver","floor":13,"turns":3},{"damage":0,"enemies":"Lots of Slimes","floor":14,"turns":1},{"damage":9,"enemies":"The Guardian","floor":16,"turns":7},{"damage":10,"enemies":"3 Byrds","floor":18,"turns":4},{"damage":0,"enemies":"Spheric Guardian","floor":20,"turns":5},{"damage":4,"enemies":"Centurion and Healer","floor":21,"turns":7},{"damage":0,"enemies":"Book of Stabbing","floor":24,"turns":5},{"damage":1,"enemies":"Snake Plant","floor":25,"turns":4},{"damage":0,"enemies":"3 Cultists","floor":27,"turns":3},{"damage":0,"enemies":"Snecko","floor":28,"turns":4},{"damage":0,"enemies":"Shelled Parasite and Fungi","floor":29,"turns":5},{"damage":23,"enemies":"Cultist and Chosen","floor":31,"turns":5},{"damage":27,"enemies":"Collector","floor":33,"turns":3}],"seed_played":"-992185634128019100","potions_obtained":[{"floor":4,"key":"GamblersBrew"},{"floor":5,"key":"LiquidMemories"},{"floor":12,"key":"SneckoOil"},{"floor":13,"key":"PowerPotion"},{"floor":18,"key":"Fire Potion"},{"floor":25,"key":"Strength Potion"},{"floor":29,"key":"FearPotion"}],"is_trial":false,"path_per_floor":["M","?","?","M","M","E","M","M","T","M","$","E","M","M","R","B",null,"M","$","M","M","?","R","E","M","T","M","M","M","?","M","R","B"],"character_chosen":"THE_SILENT","items_purchased":["Infinite Blades"],"campfire_rested":1,"item_purchase_floors":[19],"current_hp_per_floor":[68,67,66,65,64,61,55,51,51,51,51,51,51,51,51,42,52,42,42,42,38,38,38,38,37,37,37,37,37,37,14,25,0,0],"gold":401,"neow_bonus":"","is_daily":true,"chose_seed":false,"campfire_upgraded":2,"win_rate":0.0,"timestamp":1611512934,"path_taken":["M","?","?","M","M","E","M","M","T","M","?","E","?","?","R","BOSS","M","$","M","M","?","R","E","M","T","M","M","M","?","M","R","BOSS"],"items_purchased_type":["Card"],"build_version":"2020-12-22","purchased_purges":1,"victory":false,"max_hp_per_floor":[68,67,66,65,64,63,62,61,60,59,58,57,56,55,54,53,52,51,50,49,48,47,46,45,44,43,42,41,40,39,38,37,37,37],"relic_stats":{"Darkstone Periapt":0,"counters":[21,80],"Boot":[51],"obtain_stats":[{"Darkstone Periapt":26,"Bottled Flame":6,"Oddly Smooth Stone":12,"Bag of Marbles":22,"Boot":24,"Ring of the Serpent":17,"Ring of the Snake":0,"Mercury Hourglass":9},{"Darkstone Periapt":16,"Bottled Flame":4,"Oddly Smooth Stone":8,"Bag of Marbles":14,"Boot":15,"Ring of the Serpent":11,"Ring of the Snake":0,"Mercury Hourglass":6},{"Darkstone Periapt":60,"Bottled Flame":12,"Oddly Smooth Stone":26,"Bag of Marbles":52,"Boot":57,"Ring of the Serpent":37,"Ring of the Snake":0,"Mercury Hourglass":18}],"Mercury Hourglass":[275]},"card_choices":[{"not_picked":["Backflip","Slice"],"picked":"Acrobatics","floor":0},{"not_picked":["Quick Slash","Prepared"],"picked":"Cloak And Dagger","floor":0},{"not_picked":["PanicButton","Enlightenment"],"picked":"Underhanded Strike","floor":0},{"not_picked":["Trip","Impatience"],"picked":"Flying Knee","floor":0},{"not_picked":["Endless Agony","Finesse"],"picked":"Catalyst","floor":0},{"not_picked":["Acrobatics","PiercingWail"],"picked":"Finisher","floor":0},{"not_picked":["PiercingWail","Bane"],"picked":"Dagger Spray","floor":0},{"not_picked":["PiercingWail","Deadly Poison"],"picked":"Prepared","floor":0},{"not_picked":["Quick Slash","Expertise"],"picked":"Cloak And Dagger","floor":0},{"not_picked":["Quick Slash","Mind Blast"],"picked":"Cloak And Dagger","floor":0},{"not_picked":["Deadly Poison","Backflip"],"picked":"Poisoned Stab","floor":0},{"not_picked":["Dodge and Roll","Flying Knee"],"picked":"Cloak And Dagger","floor":0},{"not_picked":["Underhanded Strike","Acrobatics"],"picked":"Dodge and Roll","floor":0},{"not_picked":["Mind Blast","Predator"],"picked":"Escape Plan","floor":0},{"not_picked":["Caltrops","Flying Knee"],"picked":"Cloak And Dagger","floor":0},{"not_picked":["Bane","Dark Shackles"],"picked":"Poisoned Stab","floor":1},{"not_picked":["Sucker Punch","Bandage Up"],"picked":"Outmaneuver","floor":4},{"not_picked":["Panacea","PiercingWail","Underhanded Strike"],"picked":"SKIP","floor":5},{"not_picked":["Dagger Throw","Acrobatics"],"picked":"Mayhem","floor":6},{"not_picked":["Outmaneuver","Underhanded Strike"],"picked":"Escape Plan","floor":7},{"not_picked":["Dagger Throw","Prepared"],"picked":"Finisher","floor":8},{"not_picked":["Prepared","Deflect","Deep Breath"],"picked":"SKIP","floor":10},{"not_picked":["Quick Slash","PiercingWail"],"picked":"Cloak And Dagger","floor":12},{"not_picked":["Leg Sweep","Dagger Spray","Caltrops"],"picked":"SKIP","floor":13},{"not_picked":["Underhanded Strike","Masterful Stab"],"picked":"Secret Technique","floor":14},{"not_picked":["Die Die Die","Unload"],"picked":"A Thousand Cuts","floor":16},{"not_picked":["Bouncing Flask","Deflect"],"picked":"Escape Plan+1","floor":18},{"not_picked":["Heel Hook","Skewer+1","Mind Blast+1"],"picked":"SKIP","floor":20},{"not_picked":["Dagger Spray+1","Sucker Punch"],"picked":"Outmaneuver","floor":21},{"not_picked":["Mind Blast","Expertise","Dash"],"picked":"SKIP","floor":24},{"not_picked":["Tactician","Outmaneuver"],"picked":"Noxious Fumes","floor":25},{"not_picked":["Endless Agony","Heel Hook"],"picked":"Footwork","floor":27},{"not_picked":["Flying Knee+1","Deflect","Poisoned Stab"],"picked":"SKIP","floor":28},{"not_picked":["Poisoned Stab","Outmaneuver+1"],"picked":"Trip+1","floor":29},{"not_picked":["PiercingWail","Eviscerate"],"picked":"Accuracy","floor":31}],"player_experience":262411,"relics_obtained":[{"floor":6,"key":"Bottled Flame"},{"floor":9,"key":"Mercury Hourglass"},{"floor":12,"key":"Oddly Smooth Stone"},{"floor":24,"key":"Boot"},{"floor":26,"key":"Darkstone Periapt"}],"event_choices":[{"damage_healed":0,"gold_gain":0,"player_choice":"Ignored","damage_taken":0,"max_hp_gain":0,"max_hp_loss":0,"event_name":"Liars Game","floor":2,"gold_loss":0},{"cards_removed":["Underhanded Strike"],"damage_healed":0,"gold_gain":0,"player_choice":"Card Removal","damage_taken":0,"max_hp_gain":0,"max_hp_loss":0,"event_name":"The Cleric","floor":3,"gold_loss":50},{"damage_healed":0,"gold_gain":0,"player_choice":"Opened","damage_taken":0,"relics_obtained":["Bag of Marbles"],"max_hp_gain":0,"max_hp_loss":0,"event_name":"The Mausoleum","floor":22,"gold_loss":0},{"cards_removed":["Dodge and Roll"],"damage_healed":0,"gold_gain":0,"player_choice":"Purged","damage_taken":0,"max_hp_gain":0,"max_hp_loss":0,"event_name":"Purifier","floor":30,"gold_loss":0}],"is_beta":false,"boss_relics":[{"not_picked":["Philosopher\u0027s Stone","Tiny House"],"picked":"Ring of the Serpent"}],"items_purged_floors":[11],"is_endless":false,"potions_floor_spawned":[4,5,12,13,14,18,25,29],"killed_by":"Collector","ascension_level":0}}