{"host":"lte3xujvwediduij","time":1611517616,"event":{"mods":["Aspiration","BaseMod","Better-Laid Plans","Minty Spire (QoL Compilation)","Spicy Shops","StSLib","Wide Potions","¡¾ÒÅÎï¿¨ÅÆ¡¿REMEMod","óô»ðÖ¸ÄÏ"],"gold_per_floor":[109,127,143,68,68,68,87,118,118,132,132,132],"floor_reached":11,"language":"ZHS","playtime":618,"items_purged":["Strike_B"],"score":75,"play_id":"1afb0b7f-c0bf-46a3-8582-cecc8574f88d","local_time":"20210125034656","is_ascension_mode":false,"campfire_choices":[{"floor":6,"key":"RECALL"}],"circlet_count":0,"master_deck":["Strike_B","Strike_B","Strike_B","Defend_B","Defend_B","Defend_B","Defend_B","Zap","Dualcast","Thunder Strike","Heatsinks","Redo","Cold Snap","Consume","Capacitor","Redo"],"relics":["Cracked Core","REME_ComplimentaryCards","aspiration:Nostalgia","Ring of the Snake","aspiration:BabyByrd","Boot"],"acts_visited":["Exordium"],"potions_floor_usage":[1,10,11],"damage_taken":[{"damage":1,"enemies":"Jaw Worm","floor":1,"turns":4},{"damage":2,"enemies":"2 Louse","floor":2,"turns":3},{"damage":12,"enemies":"Small Slimes","floor":3,"turns":3},{"damage":15,"enemies":"3 Louse","floor":7,"turns":4},{"damage":38,"enemies":"Gremlin Nob","floor":8,"turns":5},{"damage":0,"enemies":"Looter","floor":10,"turns":1},{"damage":13,"enemies":"Lagavulin","floor":11,"turns":3}],"seed_played":"-1943800483563488912","potions_obtained":[{"floor":1,"key":"REME_GoldPotion"},{"floor":7,"key":"Swift Potion"},{"floor":8,"key":"Fire Potion"}],"is_trial":false,"path_per_floor":["M","M","M","$","?","R","M","E","T","M","E"],"character_chosen":"DEFECT","items_purchased":[],"campfire_rested":0,"item_purchase_floors":[],"current_hp_per_floor":[74,72,60,60,60,60,45,7,7,7,0,0],"gold":132,"neow_bonus":"NOSTALGIA","is_daily":false,"chose_seed":false,"campfire_upgraded":0,"win_rate":0.0,"timestamp":1611517616,"path_taken":["M","M","M","$","?","R","M","E","T","M","E"],"items_purchased_type":[],"build_version":"2020-12-22","purchased_purges":1,"victory":false,"max_hp_per_floor":[75,75,75,75,75,75,75,75,75,75,75,75],"card_choices":[{"not_picked":["Skim","Chill"],"picked":"Heatsinks","floor":1},{"not_picked":["Cold Snap","White Noise"],"picked":"Redo","floor":2},{"not_picked":["FTL","Steam"],"picked":"Cold Snap","floor":3},{"not_picked":["Go for the Eyes","Barrage"],"picked":"Consume","floor":7},{"not_picked":["Gash","Leap"],"picked":"Capacitor","floor":8},{"not_picked":["Ball Lightning","Streamline"],"picked":"Redo","floor":10}],"player_experience":11956,"relics_obtained":[{"floor":8,"key":"Boot"}],"event_choices":[],"is_beta":false,"boss_relics":[],"items_purged_floors":[4],"is_endless":false,"potions_floor_spawned":[1,7,8],"killed_by":"Lagavulin","ascension_level":0}}