{"host":"minbhrtlkaoly5f0","time":1611502964,"event":{"mods":["Act Like it!","Ascension Reborn","BaseMod","Colored Map","Colored Powertips","Lobotomy","LobotomyExtend","Minty Spire (QoL Compilation)","Quick Restart","StSLib"],"gold_per_floor":[110,128,146,157,82,82,82,114,139,139,151,151,164,174,174,277,277,288,288,288],"floor_reached":19,"language":"ZHS","playtime":661,"items_purged":["SpecialBullet"],"score":196,"play_id":"65749d5d-dba3-4e45-9ebb-c30b3b10116c","local_time":"20210124234244","is_ascension_mode":true,"campfire_choices":[],"circlet_count":0,"master_deck":["SpecialBullet","SpecialBullet","SpecialBullet","SpecialBullet","SecurityCode","InformationCode","DisciplinaryCode","GreedKing","Harmony+1","Heaven+1","CrumblingArmor","ParadiseLost","FeatherOfHonor","CentralCode","Woodsman","RecordCode","SpiderBud","TrainingCode","Variant"],"relics":["CogitoBucket","RabbitCall","LetterFromLob","Whetstone","Nunchaku","SkinProphecy","Philosopher\u0027s Stone"],"acts_visited":["Exordium","TheCity"],"potions_floor_usage":[],"damage_taken":[{"damage":11.0,"enemies":"Jaw Worm","floor":1.0,"turns":2.0},{"damage":6.0,"enemies":"Cultist","floor":2.0,"turns":3.0},{"damage":11.0,"enemies":"Small Slimes","floor":3.0,"turns":2.0},{"damage":26.0,"enemies":"Exordium Thugs","floor":4.0,"turns":4.0},{"damage":14.0,"enemies":"Gremlin Nob","floor":8.0,"turns":3.0},{"damage":20.0,"enemies":"Red Slaver","floor":11.0,"turns":3.0},{"damage":0.0,"enemies":"3 Louse","floor":13.0,"turns":2.0},{"damage":19.0,"enemies":"Blue Slaver","floor":14.0,"turns":4.0},{"damage":36.0,"enemies":"Slime Boss","floor":16.0,"turns":5.0},{"damage":32,"enemies":"Chosen","floor":18,"turns":4},{"damage":49,"enemies":"2 Thieves","floor":19,"turns":2}],"seed_played":"-271062302795115777","potions_obtained":[{"floor":1.0,"key":"SteroidPotion"},{"floor":4.0,"key":"Swift Potion"},{"floor":11.0,"key":"Ancient Potion"},{"floor":16.0,"key":"Dexterity Potion"}],"is_trial":false,"path_per_floor":["M","M","M","M","$","R","?","E","T","R","M","?","M","M","R","B",null,"M","M"],"character_chosen":"Angela","items_purchased":[],"campfire_rested":0,"item_purchase_floors":[],"current_hp_per_floor":[60,62,59,33,33,33,33,27,27,27,23,23,45,40,40,38,77,53,0,0],"gold":288,"neow_bonus":"REMOVE_TWO","is_daily":false,"chose_seed":false,"campfire_upgraded":0,"win_rate":0.0,"timestamp":1611502964,"path_taken":["M","M","M","M","$","R","?","E","T","R","?","?","M","M","R","BOSS","M","M"],"items_purchased_type":[],"build_version":"2020-12-22","purchased_purges":1,"victory":false,"max_hp_per_floor":[63,63,63,63,63,63,63,63,63,63,67,67,69,75,75,77,77,83,87,87],"card_choices":[{"not_picked":["VoidDream","MHz"],"picked":"GreedKing","floor":1.0},{"not_picked":["TodaysExpression"],"picked":"Harmony","floor":1.0},{"not_picked":["Loneliness"],"picked":"Heaven","floor":2.0},{"not_picked":["Wingbeat","FrostShard"],"picked":"SKIP","floor":3.0},{"not_picked":["ShyLook","FairyFestival"],"picked":"CrumblingArmor","floor":4.0},{"not_picked":["Beak"],"picked":"ParadiseLost","floor":4.0},{"not_picked":["Spore"],"picked":"FeatherOfHonor","floor":8.0},{"not_picked":["ShyLook","Laetitia"],"picked":"Woodsman","floor":11.0},{"not_picked":["Moonlight","CUTE"],"picked":"SKIP","floor":11.0},{"not_picked":["Lantern","ScreamingWedge"],"picked":"SKIP","floor":13.0},{"not_picked":["Murderer","Funeral"],"picked":"SpiderBud","floor":14.0},{"not_picked":["Regret_ego","FeatherOfHonor"],"picked":"SKIP","floor":14.0},{"not_picked":["RedShoes","UniverseFragment"],"picked":"Variant","floor":18},{"not_picked":["Penitence","CherryBlossom"],"picked":"SKIP","floor":18},{"not_picked":["Penitence","CherryBlossom"],"picked":"SKIP","floor":18}],"player_experience":45724,"relics_obtained":[{"floor":1.0,"key":"LetterFromLob"},{"floor":8.0,"key":"Whetstone"},{"floor":9.0,"key":"Nunchaku"}],"event_choices":[{"cards_removed":["SpecialBullet"],"damage_healed":0.0,"max_hp_gain":0.0,"max_hp_loss":0.0,"gold_gain":0.0,"event_name":"Purifier","player_choice":"Purged","floor":7.0,"gold_loss":0.0,"damage_taken":0.0}],"is_beta":false,"boss_relics":[{"not_picked":["Velvet Choker","Black Star"],"picked":"Philosopher\u0027s Stone"}],"items_purged_floors":[5],"is_endless":false,"potions_floor_spawned":[1,4,11,13,16],"killed_by":"2 Thieves","ascension_level":0}}