{"host":"qekv59dthhdg54sz","time":1611465071,"event":{"mods":["AchievementEnabler","BaseMod","Colored Map","DeckTracker","KOR Keyword Fix","Minty Spire (QoL Compilation)","Rare Cards Sparkle","StSLib","SuperFastMode"],"gold_per_floor":[111,126,25,35,110,110,140,140,163,181,10,10,39,49,49,124,124,138,188,206,106,106,106,106,106],"floor_reached":24,"language":"KOR","playtime":513,"items_purged":["Strike_B","Parasite"],"score":388,"play_id":"97a4ba35-9ea2-49f0-978d-e4cb4ae24325","local_time":"20210124141111","is_ascension_mode":true,"campfire_choices":[{"data":"Fusion","floor":6.0,"key":"SMITH"},{"data":"Chaos","floor":8.0,"key":"SMITH"},{"floor":15.0,"key":"REST"},{"floor":23,"key":"REST"}],"circlet_count":0,"master_deck":["AscendersBane","Strike_B","Strike_B","Strike_B","Defend_B","Defend_B","Defend_B","Defend_B","Zap","Dualcast","Chaos+1","Fusion+1","Coolheaded","Redo","Creative AI","Capacitor","Echo Form","White Noise","Turbo"],"relics":["Cracked Core","Boot","Art of War","OrangePellets","Pear","Nuclear Battery","The Courier"],"acts_visited":["Exordium","TheCity"],"potions_floor_usage":[20,24],"damage_taken":[{"damage":0.0,"enemies":"Small Slimes","floor":1.0,"turns":3.0},{"damage":12.0,"enemies":"Jaw Worm","floor":2.0,"turns":3.0},{"damage":4.0,"enemies":"Cultist","floor":4.0,"turns":4.0},{"damage":23.0,"enemies":"Lots of Slimes","floor":10.0,"turns":4.0},{"damage":25.0,"enemies":"Lagavulin","floor":13.0,"turns":6.0},{"damage":12.0,"enemies":"3 Louse","floor":14.0,"turns":4.0},{"damage":23,"enemies":"The Guardian","floor":16,"turns":14},{"damage":31,"enemies":"Shell Parasite","floor":18,"turns":7},{"damage":2,"enemies":"Chosen","floor":20,"turns":6},{"damage":48,"enemies":"Gremlin Leader","floor":24,"turns":4}],"seed_played":"-1126911289171491240","potions_obtained":[{"floor":10.0,"key":"PowerPotion"},{"floor":14.0,"key":"SteroidPotion"},{"floor":16,"key":"SneckoOil"},{"floor":20,"key":"DuplicationPotion"}],"is_trial":false,"path_per_floor":["M","M","$","M","?","R","?","R","T","M","$","?","E","M","R","B",null,"M","?","M","$","?","R","E"],"character_chosen":"DEFECT","items_purchased":["Coolheaded","OrangePellets"],"campfire_rested":2,"item_purchase_floors":[3,11],"current_hp_per_floor":[64,52,52,48,37,37,37,37,37,14,14,31,16,4,28,5,62,31,31,29,29,29,52,4,4],"gold":106,"neow_bonus":"RANDOM_COMMON_RELIC","is_daily":false,"chose_seed":false,"campfire_upgraded":2,"win_rate":0.0,"timestamp":1611465071,"path_taken":["M","M","$","M","?","R","?","R","T","M","$","?","E","M","R","BOSS","M","?","?","?","?","R","E"],"items_purchased_type":["Card","Relic"],"build_version":"2020-12-22","purchased_purges":2,"victory":false,"max_hp_per_floor":[71,71,71,71,71,71,71,71,71,71,71,71,81,81,81,81,81,81,81,81,78,78,78,78,78],"card_choices":[{"not_picked":["Stack","Steam Power"],"picked":"Chaos","floor":1.0},{"not_picked":["Rip and Tear","Storm"],"picked":"Fusion","floor":2.0},{"not_picked":["Sweeping Beam","Rebound"],"picked":"Redo","floor":4.0},{"not_picked":["Streamline","Auto Shields","Redo"],"picked":"SKIP","floor":10.0},{"not_picked":["Ball Lightning","Barrage"],"picked":"Creative AI","floor":13.0},{"not_picked":["Skim","Undo"],"picked":"Capacitor","floor":14.0},{"not_picked":["Core Surge","Fission"],"picked":"Echo Form","floor":16},{"not_picked":["Undo","Doom and Gloom"],"picked":"White Noise","floor":18},{"not_picked":["Barrage","Go for the Eyes+1"],"picked":"Turbo","floor":20}],"player_experience":818004,"relics_obtained":[{"floor":9.0,"key":"Art of War"},{"floor":13.0,"key":"Pear"},{"floor":22,"key":"The Courier"}],"event_choices":[{"damage_healed":0.0,"max_hp_gain":0.0,"max_hp_loss":0.0,"gold_gain":75.0,"event_name":"World of Goop","player_choice":"Gather Gold","floor":5.0,"gold_loss":0.0,"damage_taken":11.0},{"damage_healed":0.0,"max_hp_gain":0.0,"max_hp_loss":0.0,"gold_gain":30.0,"event_name":"Dead Adventurer","player_choice":"Searched \u00271\u0027 times","floor":7.0,"gold_loss":0.0,"damage_taken":0.0},{"damage_healed":17.0,"max_hp_gain":0.0,"max_hp_loss":0.0,"gold_gain":0.0,"event_name":"Mushrooms","player_choice":"Healed and dodged fight","floor":12.0,"gold_loss":0.0,"damage_taken":0.0,"cards_obtained":["Parasite"]},{"damage_healed":0,"gold_gain":50,"player_choice":"Pray","damage_taken":0,"max_hp_gain":0,"max_hp_loss":0,"event_name":"Golden Shrine","floor":19,"gold_loss":0},{"damage_healed":0,"gold_gain":0,"player_choice":"Relic","damage_taken":0,"max_hp_gain":0,"max_hp_loss":0,"event_name":"Wheel of Change","floor":22,"gold_loss":0}],"is_beta":false,"boss_relics":[{"not_picked":["Cursed Key","Calling Bell"],"picked":"Nuclear Battery"}],"items_purged_floors":[3,21],"is_endless":false,"potions_floor_spawned":[10,14,16,20],"killed_by":"Gremlin Leader","ascension_level":20}}