{"host":"1tl36azeqm6yhdgj","time":1611527840,"event":{"mods":["AchievementEnabler","BaseMod","Minty Spire (QoL Compilation)","StSLib","The IronCluck","everything is the same but u backflip on backflip"],"gold_per_floor":[109,127,146,71,86,121,121,148,148,162,162,176,191,216,216,292,292,303,317,317,267,0,28,28,53,80,98,98,111,122,142,142,142,142],"floor_reached":33,"language":"ENG","playtime":1502,"items_purged":[],"score":672,"play_id":"282cc1a7-a6c4-43e5-b561-7fdd7368e830","local_time":"20210124173720","is_ascension_mode":true,"campfire_choices":[{"floor":11.0,"key":"REST"},{"data":"Double Tap","floor":15.0,"key":"SMITH"},{"data":"Corruption","floor":24.0,"key":"SMITH"},{"floor":28.0,"key":"REST"},{"data":"Flame Barrier","floor":32.0,"key":"SMITH"}],"circlet_count":0,"master_deck":["AscendersBane","Bash","Spot Weakness","Rage","Infernal Blade","Flame Barrier+1","Double Tap+1","Shrug It Off","Inflame","Disarm","Rampage","Feed","Fire Breathing","Corruption+1","Sentinel","Sword Boomerang","Fiend Fire","Whirlwind","Carnage+1","Rupture","Immolate","Reckless Charge","Flex+1","True Grit+1","Shockwave","Dropkick","Burning Pact","Clothesline","Iron Wave+1"],"relics":["Burning Blood","Happy Flower","Orichalcum","HornCleat","Meat on the Bone","Toy Ornithopter","Pandora\u0027s Box","Gremlin Horn","Letter Opener","Charon\u0027s Ashes","Oddly Smooth Stone"],"acts_visited":["Exordium","TheCity"],"potions_floor_usage":[],"damage_taken":[{"damage":8.0,"enemies":"Small Slimes","floor":1.0,"turns":4.0},{"damage":1.0,"enemies":"Cultist","floor":2.0,"turns":3.0},{"damage":5.0,"enemies":"Jaw Worm","floor":3.0,"turns":3.0},{"damage":19.0,"enemies":"Gremlin Gang","floor":5.0,"turns":6.0},{"damage":43.0,"enemies":"Lagavulin","floor":6.0,"turns":7.0},{"damage":20.0,"enemies":"3 Sentries","floor":8.0,"turns":12.0},{"damage":5.0,"enemies":"Exordium Thugs","floor":10.0,"turns":5.0},{"damage":0.0,"enemies":"Large Slime","floor":12.0,"turns":5.0},{"damage":0.0,"enemies":"3 Louse","floor":13.0,"turns":4.0},{"damage":0.0,"enemies":"Gremlin Nob","floor":14.0,"turns":3.0},{"damage":9.0,"enemies":"Hexaghost","floor":16.0,"turns":9.0},{"damage":8.0,"enemies":"2 Thieves","floor":18.0,"turns":2.0},{"damage":7.0,"enemies":"3 Byrds","floor":19.0,"turns":5.0},{"damage":34.0,"enemies":"Slavers","floor":23.0,"turns":4.0},{"damage":37.0,"enemies":"Book of Stabbing","floor":25.0,"turns":5.0},{"damage":15.0,"enemies":"Centurion and Healer","floor":27.0,"turns":4.0},{"damage":19.0,"enemies":"Snake Plant","floor":29.0,"turns":4.0},{"damage":0.0,"enemies":"3 Cultists","floor":30.0,"turns":4.0},{"damage":0.0,"enemies":"Cultist and Chosen","floor":31.0,"turns":3.0},{"damage":89,"enemies":"Collector","floor":33,"turns":8}],"seed_played":"-3762204942415425738","potions_obtained":[{"floor":2.0,"key":"Weak Potion"},{"floor":3.0,"key":"GamblersBrew"},{"floor":6.0,"key":"GamblersBrew"},{"floor":10.0,"key":"Explosive Potion"},{"floor":14.0,"key":"ElixirPotion"},{"floor":27.0,"key":"LiquidMemories"},{"floor":29.0,"key":"SkillPotion"},{"floor":30.0,"key":"Explosive Potion"}],"is_trial":false,"path_per_floor":["M","M","M","?","M","E","?","E","T","M","R","M","M","E","R","B",null,"M","M","?","?","$","E","R","E","T","M","R","M","M","M","R","B"],"character_chosen":"IRONCLAD","items_purchased":["Gremlin Horn"],"campfire_rested":2,"item_purchase_floors":[22],"current_hp_per_floor":[66,71,72,72,59,22,22,8,8,21,43,49,55,61,61,66,75,76,78,78,78,78,53,53,34,34,37,62,54,65,76,76,0,0],"gold":142,"neow_bonus":"RANDOM_COMMON_RELIC","is_daily":false,"chose_seed":false,"campfire_upgraded":3,"win_rate":0.0,"timestamp":1611527840,"path_taken":["M","M","M","?","M","E","?","E","T","?","R","M","M","E","R","BOSS","M","M","?","?","$","E","R","E","T","M","R","M","?","M","R","BOSS"],"items_purchased_type":["Relic"],"build_version":"2020-12-22","purchased_purges":0,"victory":false,"max_hp_per_floor":[75,75,75,75,75,75,75,75,75,75,75,75,75,75,75,78,78,78,81,81,81,81,84,84,84,84,84,84,84,84,84,84,84,84],"card_choices":[{"not_picked":["Cleave","Headbutt"],"picked":"Spot Weakness","floor":1.0},{"not_picked":["Perfected Strike","Warcry"],"picked":"Rage","floor":2.0},{"not_picked":["Warcry","Iron Wave"],"picked":"Infernal Blade","floor":3.0},{"not_picked":["Sword Boomerang","Dark Embrace","Havoc"],"picked":"SKIP","floor":5.0},{"not_picked":["Combust","Clothesline"],"picked":"Flame Barrier","floor":6.0},{"not_picked":["Clash","Perfected Strike"],"picked":"Inflame","floor":8.0},{"not_picked":["Body Slam","Second Wind"],"picked":"Disarm","floor":10.0},{"not_picked":["Thunderclap","Wild Strike"],"picked":"Rampage","floor":12.0},{"not_picked":["Wild Strike","Clash"],"picked":"Feed","floor":13.0},{"not_picked":["Evolve","Anger"],"picked":"Fire Breathing","floor":14.0},{"not_picked":["Reaper","Barricade"],"picked":"Corruption","floor":16.0},{"not_picked":["Sword Boomerang","Flame Barrier"],"picked":"Flex","floor":18.0},{"not_picked":["Power Through+1","Reckless Charge"],"picked":"True Grit+1","floor":19.0},{"not_picked":["Flex","Dual Wield","Havoc"],"picked":"SKIP","floor":23.0},{"not_picked":["Combust","Iron Wave"],"picked":"Shockwave","floor":25.0},{"not_picked":["Body Slam","Flex"],"picked":"Dropkick","floor":27.0},{"not_picked":["Shrug It Off","Entrench+1"],"picked":"Burning Pact","floor":29.0},{"not_picked":["Iron Wave","Cleave"],"picked":"Clothesline","floor":30.0},{"not_picked":["Spot Weakness","Power Through+1"],"picked":"Iron Wave+1","floor":31.0}],"player_experience":2027697,"relics_obtained":[{"floor":6.0,"key":"Orichalcum"},{"floor":8.0,"key":"HornCleat"},{"floor":9.0,"key":"Meat on the Bone"},{"floor":14.0,"key":"Toy Ornithopter"},{"floor":23.0,"key":"Letter Opener"},{"floor":25.0,"key":"Charon\u0027s Ashes"},{"floor":26.0,"key":"Oddly Smooth Stone"}],"event_choices":[{"cards_removed":["Strike_R"],"damage_healed":0.0,"max_hp_gain":0.0,"max_hp_loss":0.0,"gold_gain":0.0,"event_name":"The Cleric","player_choice":"Card Removal","floor":4.0,"gold_loss":75.0,"damage_taken":0.0},{"damage_healed":0.0,"max_hp_gain":0.0,"max_hp_loss":0.0,"gold_gain":0.0,"event_name":"Match and Keep!","player_choice":"2 cards matched","floor":7.0,"gold_loss":0.0,"damage_taken":0.0,"cards_obtained":["Double Tap","Shrug It Off"]},{"damage_healed":0.0,"max_hp_gain":0.0,"max_hp_loss":0.0,"gold_gain":0.0,"event_name":"Vampires","player_choice":"Ignored","floor":20.0,"gold_loss":0.0,"damage_taken":0.0},{"damage_healed":0.0,"max_hp_gain":0.0,"max_hp_loss":0.0,"gold_gain":0.0,"event_name":"Designer","player_choice":"Upgraded Two","floor":21.0,"gold_loss":50.0,"damage_taken":0.0,"cards_upgraded":["Carnage","Flex"]}],"is_beta":false,"boss_relics":[{"not_picked":["Ectoplasm","Tiny House"],"picked":"Pandora\u0027s Box"}],"items_purged_floors":[],"is_endless":false,"potions_floor_spawned":[2,3,6,10,14,27,29,30],"killed_by":"Collector","ascension_level":20}}