{"host":"zxkjcgzis4pm3za5","time":1611514370,"event":{"mods":["AchievementEnabler","Act Like it!","BaseMod","Colored Map","Colored Powertips","Friendly Minions","GifTheSpireLib","Minty Spire (QoL Compilation)","Quick Restart","RNG Fix","Random Character Button","Relic Sorter","Relic Stats","StSLib"],"gold_per_floor":[111,127,141,155,155,187,216,216,216,216,13,13,28,62,62,134,134,147,147,147,165,41,41,41],"floor_reached":23,"language":"ENG","playtime":960,"items_purged":["Strike_P"],"score":414,"play_id":"fcb1cb44-cc1d-461a-a6a8-76412e17628a","local_time":"20210125002250","is_ascension_mode":true,"campfire_choices":[{"data":"DevaForm","floor":8.0,"key":"SMITH"},{"data":"Tantrum","floor":10.0,"key":"SMITH"},{"data":"SashWhip","floor":15.0,"key":"SMITH"}],"circlet_count":0,"master_deck":["AscendersBane","Strike_P","Defend_P","Defend_P","Defend_P","Eruption","Vigilance","SashWhip+1","FlyingSleeves","Protect","Tantrum+1","DevaForm+1","EmptyBody","Conclude","CutThroughFate","FollowUp","Wish","Study","BattleHymn"],"relics":["Black Star","Pen Nib","Incense Burner","Odd Mushroom","Membership Card","Letter Opener","Centennial Puzzle","Empty Cage","Sling"],"acts_visited":["Exordium","TheCity"],"potions_floor_usage":[],"damage_taken":[{"damage":2.0,"enemies":"2 Louse","floor":1.0,"turns":4.0},{"damage":10.0,"enemies":"Cultist","floor":2.0,"turns":5.0},{"damage":2.0,"enemies":"Jaw Worm","floor":3.0,"turns":3.0},{"damage":4.0,"enemies":"Lots of Slimes","floor":4.0,"turns":5.0},{"damage":0.0,"enemies":"Lagavulin","floor":6.0,"turns":4.0},{"damage":13.0,"enemies":"The Mushroom Lair","floor":7.0,"turns":4.0},{"damage":5.0,"enemies":"2 Fungi Beasts","floor":13.0,"turns":3.0},{"damage":6.0,"enemies":"Gremlin Nob","floor":14.0,"turns":3.0},{"damage":10.0,"enemies":"Hexaghost","floor":16.0,"turns":8.0},{"damage":4.0,"enemies":"3 Byrds","floor":18.0,"turns":3.0},{"damage":16.0,"enemies":"Shell Parasite","floor":21.0,"turns":5.0},{"damage":32,"enemies":"Book of Stabbing","floor":23,"turns":5}],"seed_played":"-5301386086191872493","potions_obtained":[{"floor":3.0,"key":"SneckoOil"},{"floor":4.0,"key":"FearPotion"},{"floor":13.0,"key":"BottledMiracle"},{"floor":14.0,"key":"SpeedPotion"},{"floor":16.0,"key":"DuplicationPotion"},{"floor":21.0,"key":"LiquidMemories"}],"is_trial":false,"path_per_floor":["M","M","M","M","?","E","?","R","T","R","$","?","M","E","R","B",null,"M","?","?","M","$","E"],"character_chosen":"WATCHER","items_purchased":["Membership Card","Conclude","Sling"],"campfire_rested":0,"item_purchase_floors":[11,11,22],"current_hp_per_floor":[59,49,47,43,36,36,23,23,23,23,23,23,18,12,12,2,52,48,29,44,28,28,0,0],"gold":41,"neow_bonus":"BOSS_RELIC","is_daily":false,"chose_seed":false,"campfire_upgraded":3,"win_rate":0.0,"timestamp":1611514370,"path_taken":["M","M","M","M","?","E","?","R","T","R","$","?","M","E","R","BOSS","M","?","?","M","$","E"],"items_purchased_type":["Relic","Card","Relic"],"build_version":"2020-12-22","purchased_purges":1,"victory":false,"max_hp_per_floor":[68,68,68,68,68,68,68,68,68,68,68,68,68,68,68,68,68,68,73,73,73,73,73,73],"relic_stats":{"Centennial Puzzle":[12],"counters":[12,52],"Pen Nib":[5],"Black Star":2,"Letter Opener":[0],"obtain_stats":[{"Centennial Puzzle":14,"Pen Nib":6,"Black Star":0,"Incense Burner":6,"Membership Card":11,"Letter Opener":14,"PureWater":0,"Odd Mushroom":7,"Empty Cage":17,"Sling":22},{"Centennial Puzzle":8,"Pen Nib":5,"Black Star":0,"Incense Burner":5,"Membership Card":6,"Letter Opener":8,"PureWater":0,"Odd Mushroom":6,"Empty Cage":9,"Sling":11},{"Centennial Puzzle":31,"Pen Nib":21,"Black Star":0,"Incense Burner":21,"Membership Card":25,"Letter Opener":31,"PureWater":0,"Odd Mushroom":25,"Empty Cage":39,"Sling":47}]},"card_choices":[{"not_picked":["PathToVictory","Prostrate"],"picked":"SashWhip","floor":1.0},{"not_picked":["Evaluate","Crescendo"],"picked":"FlyingSleeves","floor":2.0},{"not_picked":["PathToVictory","Crescendo"],"picked":"Protect","floor":3.0},{"not_picked":["WaveOfTheHand","Pray"],"picked":"Tantrum","floor":4.0},{"not_picked":["ClearTheMind","Swivel"],"picked":"DevaForm","floor":6.0},{"not_picked":["Swivel","Protect"],"picked":"EmptyBody","floor":7.0},{"not_picked":["FlurryOfBlows","ReachHeaven"],"picked":"CutThroughFate","floor":13.0},{"not_picked":["Crescendo","Wireheading"],"picked":"FollowUp","floor":14.0},{"not_picked":["Ragnarok","ConjureBlade"],"picked":"Wish","floor":16.0},{"not_picked":["Nirvana","CutThroughFate"],"picked":"Study","floor":18.0},{"not_picked":["Vengeance","Protect"],"picked":"BattleHymn","floor":21.0}],"player_experience":266482,"relics_obtained":[{"floor":6.0,"key":"Pen Nib"},{"floor":6.0,"key":"Incense Burner"},{"floor":7.0,"key":"Odd Mushroom"},{"floor":14.0,"key":"Letter Opener"},{"floor":14.0,"key":"Centennial Puzzle"}],"event_choices":[{"cards_removed":["Defend_P"],"damage_healed":0.0,"max_hp_gain":0.0,"max_hp_loss":0.0,"gold_gain":0.0,"event_name":"Golden Wing","player_choice":"Card Removal","floor":5.0,"gold_loss":0.0,"damage_taken":7.0},{"damage_healed":0.0,"max_hp_gain":0.0,"max_hp_loss":0.0,"gold_gain":0.0,"event_name":"Mushrooms","player_choice":"Fought Mushrooms","floor":7.0,"gold_loss":0.0,"damage_taken":0.0},{"damage_healed":0.0,"max_hp_gain":0.0,"max_hp_loss":0.0,"gold_gain":0.0,"event_name":"Liars Game","player_choice":"Ignored","floor":12.0,"gold_loss":0.0,"damage_taken":0.0},{"damage_healed":0.0,"max_hp_gain":5.0,"max_hp_loss":0.0,"gold_gain":0.0,"event_name":"Forgotten Altar","player_choice":"Shed Blood","floor":19.0,"gold_loss":0.0,"damage_taken":24.0},{"damage_healed":15.0,"max_hp_gain":0.0,"max_hp_loss":0.0,"gold_gain":0.0,"event_name":"The Library","player_choice":"Heal","floor":20.0,"gold_loss":0.0,"damage_taken":0.0}],"is_beta":false,"boss_relics":[{"not_picked":["Tiny House","Ectoplasm"],"picked":"Empty Cage"}],"items_purged_floors":[22],"is_endless":false,"potions_floor_spawned":[3,4,13,14,16,21],"killed_by":"Book of Stabbing","ascension_level":17}}