{"host":"v711dtdb46xe9u7l","time":1611507202,"event":{"mods":["BaseMod","Bestiary","Highlight Path","Minty Spire (QoL Compilation)","Quick Restart","StSLib"],"gold_per_floor":[109,129,129,144,161,161,190,41,110,127,138,150,150,150],"floor_reached":13,"language":"ENG","playtime":634,"items_purged":[],"score":120,"play_id":"f94550e0-8c6f-4f5c-a485-97773e70dc8d","local_time":"20210124165322","is_ascension_mode":true,"campfire_choices":[{"data":"Bane","floor":6.0,"key":"SMITH"}],"circlet_count":0,"master_deck":["Strike_G","Strike_G","Strike_G","Strike_G","Strike_G","Defend_G","Defend_G","Defend_G","Defend_G","Defend_G","Survivor","Neutralize+1","Bouncing Flask+1","Bane+1","Poisoned Stab","Heel Hook","PiercingWail","Malaise","Crippling Poison","Leg Sweep"],"relics":["Ring of the Snake","NeowsBlessing","Calipers","Nunchaku","Ninja Scroll"],"acts_visited":["Exordium"],"potions_floor_usage":[13],"damage_taken":[{"damage":0.0,"enemies":"Cultist","floor":1.0,"turns":1.0},{"damage":0.0,"enemies":"Jaw Worm","floor":2.0,"turns":1.0},{"damage":0.0,"enemies":"Small Slimes","floor":4.0,"turns":1.0},{"damage":0.0,"enemies":"Blue Slaver","floor":5.0,"turns":3.0},{"damage":29.0,"enemies":"3 Sentries","floor":7.0,"turns":7.0},{"damage":11.0,"enemies":"Large Slime","floor":10.0,"turns":6.0},{"damage":6.0,"enemies":"Lots of Slimes","floor":11.0,"turns":3.0},{"damage":8.0,"enemies":"3 Louse","floor":12.0,"turns":3.0},{"damage":11,"enemies":"Gremlin Nob","floor":13,"turns":2}],"seed_played":"-4193814782609913764","potions_obtained":[{"floor":7.0,"key":"Regen Potion"},{"floor":10.0,"key":"AttackPotion"},{"floor":11.0,"key":"Dexterity Potion"}],"is_trial":false,"path_per_floor":["M","M","?","M","M","R","E","?","T","M","M","M","E"],"character_chosen":"THE_SILENT","items_purchased":[],"campfire_rested":0,"item_purchase_floors":[],"current_hp_per_floor":[63,63,49,49,49,49,20,20,20,24,18,10,0,0],"gold":150,"neow_bonus":"THREE_ENEMY_KILL","is_daily":false,"chose_seed":false,"campfire_upgraded":1,"win_rate":0.0,"timestamp":1611507202,"path_taken":["M","M","?","M","M","R","E","?","T","?","M","M","E"],"items_purchased_type":[],"build_version":"2020-12-22","purchased_purges":0,"victory":false,"max_hp_per_floor":[70,70,70,70,70,70,70,70,70,70,70,70,70,70],"card_choices":[{"not_picked":["Sucker Punch","Quick Slash"],"picked":"Bouncing Flask","floor":1.0},{"not_picked":["Prepared","Concentrate"],"picked":"Bane","floor":2.0},{"not_picked":["Dash","Riddle With Holes"],"picked":"Poisoned Stab","floor":4.0},{"not_picked":["Riddle With Holes","Acrobatics"],"picked":"Heel Hook","floor":5.0},{"not_picked":["Backflip","Calculated Gamble"],"picked":"PiercingWail","floor":7.0},{"not_picked":["Flying Knee","Blade Dance"],"picked":"Malaise","floor":10.0},{"not_picked":["Deflect","Backflip"],"picked":"Crippling Poison","floor":11.0},{"not_picked":["Deflect","Expertise"],"picked":"Leg Sweep","floor":12.0}],"player_experience":375717,"relics_obtained":[{"floor":7.0,"key":"Calipers"},{"floor":9.0,"key":"Ninja Scroll"}],"event_choices":[{"damage_healed":0.0,"max_hp_gain":0.0,"max_hp_loss":0.0,"gold_gain":0.0,"event_name":"Shining Light","player_choice":"Entered Light","floor":3.0,"gold_loss":0.0,"damage_taken":14.0,"cards_upgraded":["Neutralize","Bouncing Flask"]},{"damage_healed":0.0,"max_hp_gain":0.0,"max_hp_loss":0.0,"gold_gain":0.0,"event_name":"WeMeetAgain","player_choice":"Paid Gold","floor":8.0,"gold_loss":149.0,"damage_taken":0.0,"relics_obtained":["Nunchaku"]}],"is_beta":false,"boss_relics":[],"items_purged_floors":[],"is_endless":false,"potions_floor_spawned":[7,10,11],"killed_by":"Gremlin Nob","ascension_level":7}}