{"host":"p11r1vg7ld7z2n97","time":1611513344,"event":{"mods":["BaseMod","Better Note","Colored Map","Downfall","Minty Spire (QoL Compilation)","Rare Cards Sparkle","StSLib","Waifu the Spire"],"gold_per_floor":[99,99,99,99,45,45,99,127,127,144,176,188,205,205,221,221,221,221],"floor_reached":16,"language":"ENG","playtime":1269,"items_purged":[],"score":108,"play_id":"74adeb97-3c6b-44f9-b734-838d4aa8a792","local_time":"20210124113544","is_ascension_mode":false,"campfire_choices":[{"floor":1,"key":"RECALL"},{"data":"bronze:ChosenStrike","floor":6,"key":"SMITH"}],"circlet_count":0,"master_deck":["bronze:Strike","bronze:Strike","bronze:Strike","bronze:Strike","bronze:Defend","bronze:Defend","bronze:Defend","bronze:Defend","bronze:Replicate","bronze:Goto","bronze:Frontload","bronze:WhirlingStrike","bronze:ChildClass","bronze:WhirlingStrike","bronze:ChosenStrike+1","bronze:Repair","bronze:Boost","bronze:Shell","bronze:AlphaBuild","bronze:Return","bronze:GetLatest"],"relics":["bronze:BronzeCore","downfall:HeartsMalice","Ice Cream","bronze:CableSpool","bronze:BottledCode"],"acts_visited":["Exordium"],"potions_floor_usage":[],"damage_taken":[{"damage":0,"enemies":"Jaw Worm","floor":2,"turns":1},{"damage":0,"enemies":"Cultist","floor":3,"turns":1},{"damage":0,"enemies":"Small Slimes","floor":4,"turns":1},{"damage":0,"enemies":"downfall:FleeingMerchant","floor":5,"turns":4},{"damage":8,"enemies":"Gremlin Nob","floor":8,"turns":3},{"damage":5,"enemies":"3 Louse","floor":10,"turns":2},{"damage":7,"enemies":"Lagavulin","floor":11,"turns":6},{"damage":0,"enemies":"Lots of Slimes","floor":12,"turns":1},{"damage":8,"enemies":"Large Slime","floor":13,"turns":5},{"damage":0,"enemies":"Gremlin Gang","floor":15,"turns":1},{"damage":68,"enemies":"SI_SHIV_ARCHETYPE","floor":16,"turns":11}],"seed_played":"2651702849132236039","potions_obtained":[{"floor":8,"key":"Weak Potion"},{"floor":10,"key":"LiquidBronze"},{"floor":12,"key":"champ:CounterPotion"}],"is_trial":false,"path_per_floor":["R","M","M","M","$","R","T","E","?","M","E","M","M","?","M","B"],"character_chosen":"THE_AUTOMATON","items_purchased":["bronze:ChosenStrike"],"campfire_rested":0,"item_purchase_floors":[5],"current_hp_per_floor":[70,70,70,70,70,70,70,62,62,57,57,57,56,56,56,0,0,0],"gold":221,"neow_bonus":"THREE_ENEMY_KILL","is_daily":false,"chose_seed":false,"campfire_upgraded":1,"win_rate":0.0,"timestamp":1611513344,"path_taken":["R","M","M","M","$","R","T","E","?","M","E","M","?","?","M","BOSS"],"items_purchased_type":["Card"],"build_version":"2020-12-22","purchased_purges":0,"victory":false,"max_hp_per_floor":[70,70,70,70,70,70,70,70,70,70,70,70,70,60,60,60,60,60],"card_choices":[{"not_picked":["bronze:CutThrough","bronze:Overheat"],"picked":"bronze:Frontload","floor":2},{"not_picked":["bronze:DelayedSlice","bronze:Deprecate"],"picked":"bronze:WhirlingStrike","floor":3},{"not_picked":["bronze:WildBeam","bronze:WhirlingStrike"],"picked":"bronze:ChildClass","floor":4},{"not_picked":["bronze:DelayedSlice","bronze:Overheat"],"picked":"bronze:WhirlingStrike","floor":5},{"not_picked":["bronze:Turbo","bronze:Mutator"],"picked":"bronze:Repair","floor":8},{"not_picked":["bronze:BuggyMess","bronze:BugBarrage"],"picked":"bronze:Boost","floor":10},{"not_picked":["bronze:DelayedGuard","bronze:BuggyMess"],"picked":"bronze:Shell","floor":11},{"not_picked":["bronze:DelayedSlice","bronze:NullPointer"],"picked":"bronze:AlphaBuild","floor":12},{"not_picked":["bronze:FollowUp","bronze:BronzeArmor"],"picked":"bronze:Return","floor":13},{"not_picked":["bronze:BugBarrage","bronze:Frontload"],"picked":"bronze:GetLatest","floor":15}],"player_experience":666987,"relics_obtained":[{"floor":8,"key":"Ice Cream"},{"floor":11,"key":"bronze:CableSpool"}],"event_choices":[],"is_beta":false,"boss_relics":[],"items_purged_floors":[],"is_endless":false,"potions_floor_spawned":[8,10,12,13,15],"killed_by":"SI_SHIV_ARCHETYPE","ascension_level":0}}