{"host":"uonldg9uriwfhjjx","time":1611454221,"event":{"mods":["AchievementEnabler","BaseMod","Colored Map","Colored Powertips","Curses Come First","Highlight Path","Minty Spire (QoL Compilation)","Rare Cards Sparkle","Relic Stats","StSLib","The Cursed","The Marked"],"gold_per_floor":[10,24,41,191,191,191,208,208,232,243,266,279,304,229,229,300,300,317,334,349,2,2,2,0,31,82,82,82,98,98,98],"floor_reached":30,"language":"ENG","playtime":845,"items_purged":["Doubt","All Out Attack"],"score":463,"play_id":"c926f32b-dd63-414a-9718-763a7f6d6c1e","local_time":"20210123211021","is_ascension_mode":true,"campfire_choices":[{"data":"Blade Dance","floor":6,"key":"SMITH"},{"data":"Neutralize","floor":8,"key":"SMITH"},{"floor":15,"key":"REST"},{"floor":23,"key":"REST"},{"floor":28,"key":"REST"}],"circlet_count":0,"master_deck":["AscendersBane","Survivor","Neutralize+1","Blade Dance+1","Accuracy+1","Backstab","Infinite Blades","Phantasmal Killer","Caltrops","Night Terror","Terror","Die Die Die","Dodge and Roll","Adrenaline","Noxious Fumes","PiercingWail","Finisher","Accuracy","Prepared","Blade Dance"],"relics":["Ring of the Snake","Snake Skull","Happy Flower","Tiny Chest","Pandora\u0027s Box","Sling","Regal Pillow","MealTicket"],"acts_visited":["Exordium","TheCity"],"potions_floor_usage":[25,25],"damage_taken":[{"damage":3,"enemies":"Cultist","floor":1,"turns":4},{"damage":1,"enemies":"Small Slimes","floor":2,"turns":3},{"damage":0,"enemies":"Jaw Worm","floor":3,"turns":3},{"damage":14,"enemies":"2 Fungi Beasts","floor":7,"turns":3},{"damage":4,"enemies":"Blue Slaver","floor":10,"turns":5},{"damage":0,"enemies":"Exordium Wildlife","floor":12,"turns":1},{"damage":16,"enemies":"Gremlin Nob","floor":13,"turns":5},{"damage":31,"enemies":"The Guardian","floor":16,"turns":12},{"damage":7,"enemies":"3 Byrds","floor":18,"turns":2},{"damage":11,"enemies":"Shell Parasite","floor":19,"turns":4},{"damage":14,"enemies":"Cultist and Chosen","floor":20,"turns":5},{"damage":32,"enemies":"Gremlin Leader","floor":25,"turns":3},{"damage":10,"enemies":"Centurion and Healer","floor":29,"turns":4},{"damage":51,"enemies":"Shelled Parasite and Fungi","floor":30,"turns":3}],"seed_played":"-7409593651561916269","potions_obtained":[{"floor":2,"key":"Fire Potion"},{"floor":3,"key":"Energy Potion"}],"is_trial":false,"path_per_floor":["M","M","M","?","?","R","M","R","T","M","T","M","E","$","R","B",null,"M","M","M","$","?","R","?","E","T","?","R","M","M"],"character_chosen":"THE_SILENT","items_purchased":["Accuracy","Sling"],"campfire_rested":3,"item_purchase_floors":[21,21],"current_hp_per_floor":[56,55,55,55,55,55,41,41,41,37,37,37,21,21,40,9,52,45,34,20,20,20,39,39,7,7,7,41,31,0,0],"gold":98,"neow_bonus":"REMOVE_TWO","is_daily":false,"chose_seed":false,"campfire_upgraded":2,"win_rate":0.0,"timestamp":1611454221,"path_taken":["M","M","M","?","?","R","M","R","T","M","?","M","E","$","R","BOSS","M","M","M","$","?","R","?","E","T","?","R","M","M"],"items_purchased_type":["Card","Relic"],"build_version":"2020-12-22","purchased_purges":2,"victory":false,"max_hp_per_floor":[66,66,66,66,66,66,66,66,66,66,66,66,66,66,66,66,66,66,66,66,66,66,66,66,66,66,66,66,66,66,66],"relic_stats":{"Regal Pillow":15,"Happy Flower":[13],"counters":[14,57],"Tiny Chest":0,"Pandora\u0027s Box":["Caltrops","Night Terror","All Out Attack","Terror","Die Die Die","Dodge and Roll","Adrenaline","Noxious Fumes"],"MealTicket":0,"Snake Skull":[9],"obtain_stats":[{"Regal Pillow":25,"Happy Flower":11,"Tiny Chest":13,"Pandora\u0027s Box":17,"MealTicket":26,"Snake Skull":9,"Sling":21,"Ring of the Snake":0},{"Regal Pillow":12,"Happy Flower":5,"Tiny Chest":7,"Pandora\u0027s Box":8,"MealTicket":12,"Snake Skull":4,"Sling":11,"Ring of the Snake":0},{"Regal Pillow":50,"Happy Flower":18,"Tiny Chest":24,"Pandora\u0027s Box":36,"MealTicket":50,"Snake Skull":13,"Sling":47,"Ring of the Snake":0}],"Ring of the Snake":[28]},"card_choices":[{"not_picked":["Flying Knee","Crippling Poison"],"picked":"Blade Dance","floor":1},{"not_picked":["Tactician","Prepared"],"picked":"Accuracy","floor":2},{"not_picked":["Caltrops","Bouncing Flask","Reflex"],"picked":"SKIP","floor":3},{"not_picked":["Poisoned Stab","Eviscerate"],"picked":"Backstab","floor":7},{"not_picked":["Heel Hook","Flying Knee","Acrobatics"],"picked":"SKIP","floor":10},{"not_picked":["Deadly Poison","Distraction"],"picked":"Infinite Blades","floor":12},{"not_picked":["Deflect","Dagger Spray","Masterful Stab"],"picked":"SKIP","floor":13},{"not_picked":["Tools of the Trade","Unload"],"picked":"Phantasmal Killer","floor":16},{"not_picked":["Eviscerate","Sucker Punch"],"picked":"PiercingWail","floor":18},{"not_picked":["Slice","Predator","Dash+1"],"picked":"SKIP","floor":19},{"not_picked":["Crippling Poison","Backflip"],"picked":"Finisher","floor":20},{"not_picked":["Dagger Throw","Poisoned Stab"],"picked":"Prepared","floor":25},{"not_picked":["Sucker Punch","Underhanded Strike"],"picked":"Blade Dance","floor":29}],"player_experience":813736,"relics_obtained":[{"floor":9,"key":"Snake Skull"},{"floor":11,"key":"Happy Flower"},{"floor":13,"key":"Tiny Chest"},{"floor":25,"key":"Regal Pillow"},{"floor":26,"key":"MealTicket"}],"event_choices":[{"damage_healed":0,"gold_gain":150,"player_choice":"AGREE","damage_taken":0,"max_hp_gain":0,"max_hp_loss":0,"event_name":"Liars Game","floor":4,"gold_loss":0,"cards_obtained":["Doubt"]},{"damage_healed":0,"gold_gain":0,"player_choice":"Grow","damage_taken":0,"max_hp_gain":0,"max_hp_loss":0,"event_name":"Living Wall","floor":5,"gold_loss":0,"cards_upgraded":["Accuracy"]},{"damage_healed":0,"gold_gain":0,"player_choice":"Smashed Altar","damage_taken":0,"max_hp_gain":0,"max_hp_loss":0,"event_name":"Forgotten Altar","floor":22,"gold_loss":0,"cards_obtained":["Decay"]},{"damage_healed":0,"gold_gain":0,"player_choice":"Paid Fearfully","damage_taken":0,"max_hp_gain":0,"max_hp_loss":0,"event_name":"Masked Bandits","floor":24,"gold_loss":2},{"cards_removed":["Decay"],"damage_healed":0,"gold_gain":0,"player_choice":"Elegance","damage_taken":0,"max_hp_gain":0,"max_hp_loss":0,"event_name":"Back to Basics","floor":27,"gold_loss":0}],"is_beta":false,"boss_relics":[{"not_picked":["Philosopher\u0027s Stone","Coffee Dripper"],"picked":"Pandora\u0027s Box"}],"items_purged_floors":[14,21],"is_endless":false,"potions_floor_spawned":[2,3,7,10,13,18,19],"killed_by":"Shelled Parasite and Fungi","ascension_level":17}}