{"host":"yvb207ks1sg3cxef","time":1611487178,"event":{"mods":["2.2 Compatiblity","BaseMod","Bestiary","Colored Powertips","Minty Spire (QoL Compilation)","Permanent Neow","Quick Restart","Relic Stats","StSLib"],"gold_per_floor":[119,137,18,29,40,40,70,87,87,101,133,133,160,171,171,171,171],"floor_reached":16,"language":"ENG","playtime":816,"items_purged":["Strike_P"],"score":236,"play_id":"5265818e-cef9-49cf-a879-fb909ffc0cac","local_time":"20210124164938","is_ascension_mode":true,"campfire_choices":[{"data":"Meditate","floor":6.0,"key":"SMITH"},{"floor":12.0,"key":"REST"},{"floor":15,"key":"REST"}],"circlet_count":0,"master_deck":["AscendersBane","Strike_P","Strike_P","Strike_P","Defend_P","Defend_P","Defend_P","Defend_P","Eruption","Vigilance","Meditate","CrushJoints","FearNoEvil","Perseverance","EmptyFist","Meditate+1","Evaluate","FearNoEvil","Adaptation","Meditate+1"],"relics":["PureWater","Calipers","Letter Opener","Matryoshka","Toxic Egg 2"],"acts_visited":["Exordium"],"potions_floor_usage":[13,14],"damage_taken":[{"damage":0.0,"enemies":"Cultist","floor":1.0,"turns":2.0},{"damage":7.0,"enemies":"Jaw Worm","floor":2.0,"turns":3.0},{"damage":2.0,"enemies":"Small Slimes","floor":4.0,"turns":3.0},{"damage":5.0,"enemies":"Gremlin Gang","floor":5.0,"turns":5.0},{"damage":24.0,"enemies":"Gremlin Nob","floor":7.0,"turns":4.0},{"damage":0.0,"enemies":"Red Slaver","floor":8.0,"turns":5.0},{"damage":8.0,"enemies":"Blue Slaver","floor":10.0,"turns":3.0},{"damage":5.0,"enemies":"Lagavulin","floor":11.0,"turns":5.0},{"damage":2,"enemies":"3 Sentries","floor":13,"turns":4},{"damage":13,"enemies":"Exordium Wildlife","floor":14,"turns":4},{"damage":38,"enemies":"The Guardian","floor":16,"turns":7}],"seed_played":"-5383650490920047958","potions_obtained":[{"floor":1.0,"key":"EssenceOfSteel"},{"floor":2.0,"key":"SneckoOil"},{"floor":10.0,"key":"Fire Potion"},{"floor":11.0,"key":"BottledMiracle"},{"floor":13,"key":"Dexterity Potion"}],"is_trial":false,"path_per_floor":["M","M","$","M","M","R","E","M","T","M","E","R","E","M","R","B"],"character_chosen":"WATCHER","items_purchased":["Perseverance"],"campfire_rested":2,"item_purchase_floors":[3],"current_hp_per_floor":[61,54,54,52,47,47,23,23,23,15,10,30,28,15,35,0,0],"gold":171,"neow_bonus":"THREE_CARDS","is_daily":false,"chose_seed":false,"campfire_upgraded":1,"win_rate":0.0,"timestamp":1611487178,"path_taken":["M","M","$","?","M","R","E","M","T","M","E","R","E","M","R","BOSS"],"items_purchased_type":["Card"],"build_version":"2020-12-22","purchased_purges":1,"victory":false,"max_hp_per_floor":[68,68,68,68,68,68,68,68,68,68,68,68,68,68,68,68,68],"relic_stats":{"counters":[11,45],"Letter Opener":[55],"obtain_stats":[{"Calipers":7,"Matryoshka":11,"Letter Opener":9,"PureWater":0,"Toxic Egg 2":13},{"Calipers":5,"Matryoshka":8,"Letter Opener":6,"PureWater":0,"Toxic Egg 2":9},{"Calipers":17,"Matryoshka":30,"Letter Opener":22,"PureWater":0,"Toxic Egg 2":34}]},"card_choices":[{"not_picked":["Protect","Crescendo"],"picked":"Meditate","floor":0.0},{"not_picked":["Weave","Consecrate"],"picked":"CrushJoints","floor":1.0},{"not_picked":["Crescendo","WreathOfFlame"],"picked":"FearNoEvil","floor":2.0},{"not_picked":["CarveReality","EmptyBody"],"picked":"EmptyFist","floor":4.0},{"not_picked":["Collect","Establishment"],"picked":"Meditate","floor":5.0},{"not_picked":["Prostrate","PathToVictory"],"picked":"Evaluate","floor":7.0},{"not_picked":["ForeignInfluence","Protect"],"picked":"FearNoEvil","floor":8.0},{"not_picked":["Sanctity","Consecrate"],"picked":"Adaptation","floor":10.0},{"not_picked":["Alpha","CrushJoints","Evaluate"],"picked":"SKIP","floor":11.0},{"not_picked":["ThirdEye+1","WreathOfFlame+1"],"picked":"Meditate+1","floor":13},{"not_picked":["Collect+1","CrushJoints","Consecrate"],"picked":"SKIP","floor":14}],"player_experience":435258,"relics_obtained":[{"floor":7.0,"key":"Calipers"},{"floor":9.0,"key":"Letter Opener"},{"floor":11.0,"key":"Matryoshka"},{"floor":13,"key":"Toxic Egg 2"}],"event_choices":[],"is_beta":false,"boss_relics":[],"items_purged_floors":[3],"is_endless":false,"potions_floor_spawned":[1,2,10,11,13],"killed_by":"The Guardian","ascension_level":18}}