{"host":"cgy","time":1611478571,"event":{"mods":["BaseMod","Downfall","Minty Spire (QoL Compilation)","StSLib","The Bug Knight","Warlord Emblem"],"gold_per_floor":[113,38,38,57,7,38,51,51,75,88,159,178,213,213,213,318,318,338,338,63,51,70,70,88,88,115,115,95,108,108,108,108,108,108],"floor_reached":33,"language":"ZHS","playtime":1307,"items_purged":["WarlordEmblem:Defend_DK","WarlordEmblem:Defend_DK"],"score":292,"play_id":"1bf627ac-feec-4dbf-a2ac-b084ea649a67","local_time":"20210124165611","is_ascension_mode":false,"campfire_choices":[{"data":"WarlordEmblem:BodyStrike","floor":8.0,"key":"SMITH"},{"data":"WarlordEmblem:RuneHeavyStrike","floor":15.0,"key":"SMITH"},{"data":"WarlordEmblem:RuneExplode","floor":23.0,"key":"SMITH"},{"data":"Apotheosis","floor":25.0,"key":"SMITH"},{"data":"WarlordEmblem:RuneExplode+1","floor":27.0,"key":"SMITH"},{"floor":32,"key":"REST"}],"circlet_count":0,"master_deck":["WarlordEmblem:RuneStrike","WarlordEmblem:RuneStrike","WarlordEmblem:RuneStrike","WarlordEmblem:Defend_DK","WarlordEmblem:Defend_DK","WarlordEmblem:RuneDefend","WarlordEmblem:RuneHeavyStrike+1","WarlordEmblem:RuneRegen","WarlordEmblem:BodyStrike+1","WarlordEmblem:BloodMask","WarlordEmblem:EvilSee","WarlordEmblem:RuneMultiplex","WarlordEmblem:Withstand+1","Apotheosis+1","WarlordEmblem:RuneExplode+2","WarlordEmblem:DeathCoil+1","WarlordEmblem:DeathContract"],"relics":["WarlordEmblem:RuneSword","WarlordEmblem:BloodRealm","NeowsBlessing","Lantern","WarlordEmblem:DK_Ghoul","PreservedInsect","Bag of Marbles","WarlordEmblem:DKHelm","Orichalcum"],"acts_visited":["Exordium","TheCity"],"potions_floor_usage":[31,31,31,33],"damage_taken":[{"damage":0.0,"enemies":"Small Slimes","floor":1.0,"turns":1.0},{"damage":0.0,"enemies":"Jaw Worm","floor":4.0,"turns":1.0},{"damage":0.0,"enemies":"Gremlin Nob","floor":6.0,"turns":1.0},{"damage":0.0,"enemies":"2 Louse","floor":7.0,"turns":3.0},{"damage":5.0,"enemies":"Looter","floor":10.0,"turns":3.0},{"damage":14.0,"enemies":"3 Sentries","floor":11.0,"turns":5.0},{"damage":5.0,"enemies":"Lots of Slimes","floor":12.0,"turns":4.0},{"damage":24.0,"enemies":"Lagavulin","floor":13.0,"turns":5.0},{"damage":47.0,"enemies":"Hexaghost","floor":16.0,"turns":8.0},{"damage":33.0,"enemies":"Spheric Guardian","floor":18.0,"turns":6.0},{"damage":12.0,"enemies":"2 Thieves","floor":21.0,"turns":4.0},{"damage":34.0,"enemies":"Cultist and Chosen","floor":22.0,"turns":8.0},{"damage":31.0,"enemies":"Shelled Parasite and Fungi","floor":24.0,"turns":4.0},{"damage":3.0,"enemies":"3 Cultists","floor":29.0,"turns":4.0},{"damage":0,"enemies":"Snake Plant","floor":31,"turns":1},{"damage":70,"enemies":"Champ","floor":33,"turns":9}],"seed_played":"-8991710438899683261","potions_obtained":[{"floor":1.0,"key":"ColorlessPotion"},{"floor":6.0,"key":"ColorlessPotion"},{"floor":7.0,"key":"Strength Potion"},{"floor":11.0,"key":"ColorlessPotion"},{"floor":16.0,"key":"SpeedPotion"},{"floor":21.0,"key":"SmokeBomb"},{"floor":22.0,"key":"DistilledChaos"},{"floor":28.0,"key":"EntropicBrew"}],"is_trial":false,"path_per_floor":["M","$","?","M","?","E","M","R","T","M","E","M","E","?","R","B",null,"M","?","$","M","M","R","M","R","T","R","?","M","$","M","R","B"],"character_chosen":"DeathKnight","items_purchased":["Apotheosis"],"campfire_rested":1,"item_purchase_floors":[20],"current_hp_per_floor":[80,80,80,80,80,80,80,80,80,80,70,73,57,62,62,23,85,65,85,85,81,55,55,32,32,32,32,32,29,29,29,54,0,0],"gold":108,"neow_bonus":"THREE_ENEMY_KILL","is_daily":false,"chose_seed":false,"campfire_upgraded":5,"win_rate":0.0,"timestamp":1611478571,"path_taken":["M","$","?","M","?","E","M","R","T","M","E","M","E","?","R","BOSS","M","?","$","M","?","R","M","R","T","R","?","M","?","M","R","BOSS"],"items_purchased_type":["Card"],"build_version":"2020-12-18","purchased_purges":2,"victory":false,"max_hp_per_floor":[80,80,80,80,80,80,80,80,80,80,80,80,80,85,85,85,85,85,85,85,85,85,85,85,85,85,85,85,85,85,85,85,87,87],"card_choices":[{"not_picked":["WarlordEmblem:RuneRecast","WarlordEmblem:BlackCommand"],"picked":"WarlordEmblem:RuneRegen","floor":1.0},{"not_picked":["WarlordEmblem:RuneDiffer","WarlordEmblem:LichBody","WarlordEmblem:VoidStrike"],"picked":"SKIP","floor":4.0},{"not_picked":["WarlordEmblem:WrathOfSindragosa","WarlordEmblem:FrostbiteStrike"],"picked":"WarlordEmblem:BodyStrike","floor":6.0},{"not_picked":["WarlordEmblem:HeartStrike","WarlordEmblem:FrozenDeath"],"picked":"WarlordEmblem:BloodMask","floor":7.0},{"not_picked":["WarlordEmblem:RuneRecast","WarlordEmblem:FrozenHeart","WarlordEmblem:LichBody"],"picked":"SKIP","floor":10.0},{"not_picked":["WarlordEmblem:Annihilation","WarlordEmblem:DeathStrike","WarlordEmblem:CurseStrike"],"picked":"SKIP","floor":11.0},{"not_picked":["WarlordEmblem:BlackCommand","WarlordEmblem:EvilStrike"],"picked":"WarlordEmblem:BloodStrike","floor":12.0},{"not_picked":["WarlordEmblem:FrozenDeath","WarlordEmblem:DiseaseCloud"],"picked":"WarlordEmblem:EvilSee","floor":13.0},{"not_picked":["WarlordEmblem:CurseBlade","WarlordEmblem:EvilEager"],"picked":"WarlordEmblem:RuneMultiplex","floor":16.0},{"not_picked":["WarlordEmblem:RuneBlade","WarlordEmblem:RuneFocus+1"],"picked":"WarlordEmblem:Withstand+1","floor":18.0},{"not_picked":["WarlordEmblem:DeathGateway","WarlordEmblem:RuneInspire+1"],"picked":"WarlordEmblem:RuneExplode","floor":21.0},{"not_picked":["WarlordEmblem:RuneRecast+1","WarlordEmblem:EvilSee","WarlordEmblem:CurseStrike"],"picked":"SKIP","floor":22.0},{"not_picked":["WarlordEmblem:RuneRecover","WarlordEmblem:WindStrike"],"picked":"WarlordEmblem:DeathCoil+1","floor":24.0},{"not_picked":["WarlordEmblem:RuneDiffer+1","WarlordEmblem:RuneMelter"],"picked":"WarlordEmblem:DeathContract","floor":29.0}],"player_experience":127083,"relics_obtained":[{"floor":6.0,"key":"Lantern"},{"floor":9.0,"key":"WarlordEmblem:DK_Ghoul"},{"floor":11.0,"key":"PreservedInsect"},{"floor":13.0,"key":"Bag of Marbles"},{"floor":26.0,"key":"Orichalcum"}],"event_choices":[{"damage_healed":0.0,"max_hp_gain":0.0,"max_hp_loss":0.0,"gold_gain":0.0,"event_name":"Liars Game","player_choice":"Ignored","floor":3.0,"gold_loss":0.0,"damage_taken":0.0},{"cards_removed":["WarlordEmblem:RuneStrike"],"damage_healed":0.0,"max_hp_gain":0.0,"max_hp_loss":0.0,"gold_gain":0.0,"event_name":"The Cleric","player_choice":"Card Removal","floor":5.0,"gold_loss":50.0,"damage_taken":0.0},{"damage_healed":0.0,"max_hp_gain":5.0,"max_hp_loss":0.0,"gold_gain":0.0,"event_name":"Big Fish","player_choice":"Donut","floor":14.0,"gold_loss":0.0,"damage_taken":0.0},{"cards_removed":["WarlordEmblem:BloodStrike"],"damage_healed":20.0,"max_hp_gain":0.0,"max_hp_loss":0.0,"gold_gain":0.0,"event_name":"Bonfire Elementals","player_choice":"Offered Uncommon","floor":19.0,"gold_loss":0.0,"damage_taken":0.0},{"damage_healed":0.0,"max_hp_gain":0.0,"max_hp_loss":0.0,"gold_gain":0.0,"event_name":"The Woman in Blue","player_choice":"Bought 1 Potion","floor":28.0,"gold_loss":0.0,"damage_taken":0.0}],"is_beta":true,"boss_relics":[{"not_picked":["Sozu","SacredBark"],"picked":"WarlordEmblem:DKHelm"}],"items_purged_floors":[2,20],"is_endless":false,"potions_floor_spawned":[1,6,7,11,16,21,22],"killed_by":"Champ","ascension_level":0}}