{"host":"ydb2tj77qwtn71sy","time":1611455390,"event":{"mods":["2.2 Compatiblity","AchievementEnabler","Aspiration","BaseMod","Bestiary","Better Note","Better Skull","Better Third Choice","BetterRewards","Colored Map","Colored Powertips","Conspire","DeckTracker","Displayed Cursed Tome","Infinite Spire","Lobotomy","Minty Spire (QoL Compilation)","Relic Stats","Replay The Spire","Spicy Shops","StSLib","The Blue Laboratory","Uncapped"],"gold_per_floor":[114,114,130,142,159,159,187,187,187,187,214,234,245,272,272,377,377,397,408,425,439,453,487,487,498,498,104,133,133,133,164,164,164,164],"floor_reached":33,"language":"ENG","playtime":1918,"items_purged":[],"score":558,"play_id":"728afbf4-b52b-44c6-8f9c-c7e49b490cfd","local_time":"20210124112950","is_ascension_mode":true,"campfire_choices":[{"data":"Cleave","floor":6,"key":"SMITH"},{"data":"Pommel Strike","floor":8,"key":"SMITH"},{"floor":15,"key":"REST"},{"data":"Double Tap","floor":24,"key":"SMITH"},{"floor":29,"key":"REST"},{"data":"Inflame","floor":32,"key":"SMITH"}],"circlet_count":0,"master_deck":["Strike_R","Strike_R","Strike_R","Strike_R","Strike_R","Defend_R","Defend_R","Defend_R","Defend_R","Bash","Pommel Strike+1","Iron Wave+1","Cleave+1","Flex","Run Through","Flame Barrier","Thunderclap","Sword Boomerang","Cleave","Thunderclap","Double Tap+1","Replay:Undeath\u0027s Touch","Dropkick","Perfected Strike","Wild Strike","Inflame+1","Warcry+1","Reckless Charge+1"],"relics":["Burning Blood","Thread and Needle","conspire:DeflatedDodgeball","Sling","Replay:Towering Pillar of Hats","Toy Ornithopter","aspiration:HatOfInfinitePower","Replay:Kaleidoscope","Sundial","Sozu","Replay:WaspNest","Bag of Marbles","infinitespire:Broken Mirror","Mirror"],"acts_visited":["Exordium","TheCity"],"potions_floor_usage":[],"damage_taken":[{"damage":0,"enemies":"Small Slimes","floor":1,"turns":4},{"damage":5,"enemies":"infinitespire:Voidling","floor":3,"turns":3},{"damage":0,"enemies":"Cultist","floor":4,"turns":3},{"damage":6,"enemies":"3 Louse","floor":5,"turns":2},{"damage":4,"enemies":"Lagavulin","floor":7,"turns":5},{"damage":8,"enemies":"Replay:BlueRogue","floor":11,"turns":4},{"damage":7,"enemies":"Large Slime","floor":12,"turns":5},{"damage":5,"enemies":"conspire:2 RoseBushes","floor":13,"turns":4},{"damage":21,"enemies":"Lagavulin","floor":14,"turns":4},{"damage":10,"enemies":"Fading Forest","floor":16,"turns":11},{"damage":0,"enemies":"Chosen","floor":18,"turns":3},{"damage":0,"enemies":"3 Byrds","floor":19,"turns":2},{"damage":8,"enemies":"Sentry and Sphere","floor":20,"turns":4},{"damage":10,"enemies":"Centurion and Healer","floor":21,"turns":3},{"damage":0,"enemies":"Snake Plant","floor":22,"turns":3},{"damage":12,"enemies":"Gremlin Leader","floor":23,"turns":5},{"damage":7,"enemies":"Sentry and Sphere","floor":25,"turns":4},{"damage":16,"enemies":"Book of Stabbing","floor":28,"turns":4},{"damage":2,"enemies":"Replay:Snechameleon","floor":31,"turns":3},{"damage":85,"enemies":"Automaton","floor":33,"turns":8}],"seed_played":"-4383776098073752891","potions_obtained":[{"floor":1,"key":"blueLaboratory:ExaltedPotion"},{"floor":4,"key":"blueLaboratory:ConflagurationPotion"},{"floor":5,"key":"Explosive Potion"},{"floor":7,"key":"blueLaboratory:LimitlessPotion"}],"is_trial":false,"path_per_floor":["M","?","M","M","M","R","E","R","T","$","E","M","M","E","R","B",null,"M","M","M","M","M","E","R","M","T","$","E","R","?","E","R","B"],"character_chosen":"IRONCLAD","items_purchased":["Thread and Needle","conspire:DeflatedDodgeball","Sling","Pommel Strike","Iron Wave","Replay:Towering Pillar of Hats","Bag of Marbles","infinitespire:Broken Mirror"],"campfire_rested":2,"item_purchase_floors":[0,0,0,0,0,0,27,27],"current_hp_per_floor":[78,78,79,80,80,80,80,80,80,80,78,77,78,63,80,76,79,80,80,78,74,80,74,74,73,73,73,63,80,80,80,80,0,0],"gold":164,"neow_bonus":"","is_daily":false,"chose_seed":false,"campfire_upgraded":4,"win_rate":0.0,"timestamp":1611455390,"path_taken":["M","?","M","?","M","R","E","R","T","$","E","M","M","E","R","BOSS","M","M","M","M","?","E","R","M","T","$","E","R","?","E","R","BOSS"],"items_purchased_type":["Relic","Relic","Relic","Card","Card","Relic","Relic","Relic"],"build_version":"2020-12-22","purchased_purges":0,"victory":false,"max_hp_per_floor":[80,80,80,80,80,80,80,80,80,80,80,80,80,80,80,80,80,80,80,80,80,80,80,80,80,80,80,80,80,80,80,80,80,80],"relic_stats":{"Sozu":2,"counters":[48,175],"Sundial":[2],"obtain_stats":[{"Regal Pillow":31,"Juzu Bracelet":26,"Sling":0,"Burning Blood":0,"Sozu":17,"Centennial Puzzle":46,"Sundial":14,"HandDrill":46,"Toxic Egg 2":36,"Replay:Bottled Steam":9,"aspiration:ChemicalBlood":43,"Girya":12,"Replay:Towering Pillar of Hats":0,"Self Forming Clay":46,"Thread and Needle":0,"infinitespire:FocusingShard":10,"infinitespire:Joker Card":23,"Replay:WaspNest":26,"Replay:Kaleidoscope":11,"MawBank":8,"Akabeko":6,"aspiration:FrozenJewel":48,"Anchor":39,"Pondfish Scales":40,"ReplayTheSpireMod:Spearhead":45,"Replay:Baseball":46,"Busted Crown":34,"infinitespire:Broken Mirror":27,"Coffee Dripper":17,"Bag of Marbles":27,"Grinning Jar":29,"conspire:DeflatedDodgeball":0,"StrikeDummy":25,"aspiration:HatOfInfinitePower":9,"Mirror":31,"Unceasing Top":42,"infinitespire:PuzzleCube":46,"Toy Ornithopter":7},{"Regal Pillow":21,"Juzu Bracelet":18,"Sling":28,"Burning Blood":0,"Sozu":38,"Centennial Puzzle":26,"Sundial":37,"HandDrill":26,"Toxic Egg 2":23,"Replay:Bottled Steam":7,"aspiration:ChemicalBlood":25,"Girya":10,"Replay:Towering Pillar of Hats":28,"Self Forming Clay":26,"Thread and Needle":28,"infinitespire:FocusingShard":8,"infinitespire:Joker Card":17,"Replay:WaspNest":45,"Replay:Kaleidoscope":34,"MawBank":7,"Akabeko":5,"aspiration:FrozenJewel":27,"Anchor":23,"Pondfish Scales":24,"ReplayTheSpireMod:Spearhead":26,"Replay:Baseball":26,"Busted Crown":22,"infinitespire:Broken Mirror":45,"Coffee Dripper":12,"Bag of Marbles":45,"Grinning Jar":19,"conspire:DeflatedDodgeball":28,"StrikeDummy":18,"aspiration:HatOfInfinitePower":33,"Mirror":47,"Unceasing Top":25,"infinitespire:PuzzleCube":26,"Toy Ornithopter":33},{"Regal Pillow":67,"Juzu Bracelet":61,"Sling":91,"Burning Blood":0,"Sozu":136,"Centennial Puzzle":84,"Sundial":125,"HandDrill":84,"Toxic Egg 2":72,"Replay:Bottled Steam":18,"aspiration:ChemicalBlood":80,"Girya":27,"Replay:Towering Pillar of Hats":91,"Self Forming Clay":84,"Thread and Needle":91,"infinitespire:FocusingShard":22,"infinitespire:Joker Card":57,"Replay:WaspNest":160,"Replay:Kaleidoscope":112,"MawBank":18,"Akabeko":10,"aspiration:FrozenJewel":86,"Anchor":72,"Pondfish Scales":77,"ReplayTheSpireMod:Spearhead":84,"Replay:Baseball":84,"Busted Crown":71,"infinitespire:Broken Mirror":160,"Coffee Dripper":41,"Bag of Marbles":160,"Grinning Jar":63,"conspire:DeflatedDodgeball":91,"StrikeDummy":61,"aspiration:HatOfInfinitePower":108,"Mirror":167,"Unceasing Top":80,"infinitespire:PuzzleCube":84,"Toy Ornithopter":108}],"Burning Blood":228,"Toy Ornithopter":0},"card_choices":[{"not_picked":["Dark Embrace","True Grit","Feel No Pain"],"picked":"SKIP","floor":1},{"not_picked":["Rage","Wild Strike"],"picked":"Cleave","floor":3},{"not_picked":["ReplayTheSpireMod:Strike From Hell","Shrug It Off"],"picked":"Flex","floor":4},{"not_picked":["Intimidate","Limit Break"],"picked":"Run Through","floor":5},{"not_picked":["conspire:HitWhereItHurts","Body Slam"],"picked":"Flame Barrier","floor":7},{"not_picked":["Pommel Strike","Massacre"],"picked":"Thunderclap","floor":11},{"not_picked":["Searing Blow","Dark Embrace"],"picked":"Sword Boomerang","floor":12},{"not_picked":["Iron Wave","Clash"],"picked":"Cleave","floor":13},{"not_picked":["Flame Barrier","Heavy Blade"],"picked":"Thunderclap","floor":14},{"not_picked":["Exhume","Barricade"],"picked":"Double Tap","floor":16},{"not_picked":["Armaments","Thunderclap"],"picked":"Replay:Undeath\u0027s Touch","floor":18},{"not_picked":["Eclipse","ReplayReversal+1","Thunderclap"],"picked":"SKIP","floor":19},{"not_picked":["Second Wind","Reckless Charge"],"picked":"Dropkick","floor":20},{"not_picked":["Headbutt","ReplayTheSpireMod:Strike From Hell"],"picked":"Perfected Strike","floor":21},{"not_picked":["Replay:Undeath\u0027s Touch","Anger+1"],"picked":"Wild Strike","floor":22},{"not_picked":["Metallicize","Iron Wave","ReplayTheSpireMod:Strike From Hell"],"picked":"SKIP","floor":23},{"not_picked":["Reaper","Sentinel+1"],"picked":"Inflame","floor":25},{"not_picked":["Clash","Iron Wave"],"picked":"Warcry+1","floor":28},{"not_picked":["Run Through","Eclipse"],"picked":"Reckless Charge+1","floor":31}],"player_experience":412147,"relics_obtained":[{"floor":7,"key":"Toy Ornithopter"},{"floor":9,"key":"aspiration:HatOfInfinitePower"},{"floor":11,"key":"Replay:Kaleidoscope"},{"floor":14,"key":"Sundial"},{"floor":26,"key":"Replay:WaspNest"},{"floor":31,"key":"Mirror"}],"event_choices":[{"damage_healed":0,"gold_gain":0,"player_choice":"Forge","damage_taken":0,"max_hp_gain":0,"max_hp_loss":0,"event_name":"Accursed Blacksmith","floor":2,"gold_loss":0,"cards_upgraded":["Iron Wave"]},{"damage_healed":0,"gold_gain":0,"player_choice":"Ignored","damage_taken":0,"max_hp_gain":0,"max_hp_loss":0,"event_name":"Vampires","floor":30,"gold_loss":0}],"is_beta":false,"boss_relics":[{"not_picked":["Replay:Drink Me","aspiration:SecretTechniqueScroll"],"picked":"Sozu"}],"items_purged_floors":[],"is_endless":false,"potions_floor_spawned":[1,4,5,7,13,20,22,25,28,31],"killed_by":"Automaton","ascension_level":6}}