{"host":"59cc6k4ir9ghxqag","time":1611477494,"event":{"mods":["100% Spire Juice","Arknights The Spire","BaseMod","Colored Powertips","Downfall","Hermit","Infinite Spire","Lobotomy","Marisa£®ÏF”Í°°ƒß¿Ì…≥£©","Minty Spire (QoL Compilation)","Remilia£®¿Ÿ√◊¿Ú—«£©","Replay The Spire","Shop Mod","StSLib","The Bug Knight","The Cursed","The Dragon Tamer","The Jungle","°æ“≈ŒÔø®≈∆°øREMEMod"],"gold_per_floor":[116,116,116,116,116,141,141,91,91,122,122,156,190,208,208,304,304,321,321,338,338,39,71,71,71,71,105,131,165,15,45,45,128,228,248,304,306,12,14,14,42,42,42,71,102,130,160,222,234,226],"floor_reached":51,"language":"ZHS","playtime":2480,"items_purged":["hermit:CalledShot"],"score":1374,"play_id":"274c12a0-7063-4bc9-88d6-d593204d8b3d","local_time":"20210124163814","daily_mods":["SealedDeck","Diverse","Heirloom","Flight","Lethality"],"is_ascension_mode":false,"campfire_choices":[{"data":"infinitespire:SevenWalls","floor":7.0,"key":"SMITH"},{"data":"Whirlwind","floor":11.0,"key":"SMITH"},{"data":"Pummel","floor":15.0,"key":"SMITH"},{"data":"Consecrate","floor":25,"key":"SMITH"},{"data":"infinitespire:FutureSight","floor":32,"key":"SMITH"},{"data":"Madness","floor":40,"key":"SMITH"},{"data":"Madness","floor":42,"key":"SMITH"},{"data":"DTMod:SealedStrike","floor":49,"key":"SMITH"}],"circlet_count":0,"master_deck":["Guardian:PiercingHide+1","DTMod:MagicField+1","Whirlwind+1","Consecrate+1","Slimebound:SamplingLick","Pummel+1","ats:Sashimi Platter+1","infinitespire:SevenWalls+1","DTMod:BreakAttack","infinitespire:SevenWalls+1","infinitespire:FutureSight+1","Conserve Battery+1","DTMod:SealedStrike+1","Madness+1","Madness+1","Purity","Steam","Guardian:PiercingHide"],"relics":["Unceasing Top","replay:Trail_Library","REME_ComplimentaryCards","champ:DuelingGlove","Smiling Mask","infinitespire:Lychee Nut","Bottled Flame","Thread and Needle","HornCleat","Replay:Drink Me","Strawberry","Blood Vial","Replay:Bottled Eggs","Kunai","infinitespire:Midas Blood","Bronze Scales","Centennial Puzzle","REME_OnlineShoppingPlatform","Vajra","Replay:Wanted Poster","Replay:Mystery Machine","Replay:Purple Gloves","Divine Protection","Gambling Chip","hexamod:CandleOfCauterizing","MawBank","infinitespire:Golems Mask"],"acts_visited":["Exordium","TheCity","TheBeyond"],"potions_floor_usage":[23,33,50],"damage_taken":[{"damage":0.0,"enemies":"2 Louse","floor":1.0,"turns":1.0},{"damage":6.0,"enemies":"Lagavulin","floor":6.0,"turns":4.0},{"damage":0.0,"enemies":"Gremlin Nob","floor":10.0,"turns":3.0},{"damage":0.0,"enemies":"Lagavulin","floor":12.0,"turns":3.0},{"damage":0.0,"enemies":"Gremlin Nob","floor":13.0,"turns":2.0},{"damage":0.0,"enemies":"Small Slimes","floor":14.0,"turns":1.0},{"damage":0.0,"enemies":"Hexaghost","floor":16.0,"turns":8.0},{"damage":0,"enemies":"Chosen","floor":18,"turns":4},{"damage":0,"enemies":"Sentry and Sphere","floor":20,"turns":4},{"damage":0,"enemies":"Slavers","floor":23,"turns":2},{"damage":0,"enemies":"Nightmare","floor":27,"turns":7},{"damage":0,"enemies":"Replay:Snechameleon","floor":28,"turns":3},{"damage":0,"enemies":"REME_1_Revenger","floor":29,"turns":4},{"damage":0,"enemies":"Gremlin Leader","floor":31,"turns":3},{"damage":0,"enemies":"Automaton","floor":33,"turns":7},{"damage":0,"enemies":"3 Shapes","floor":35,"turns":1},{"damage":0,"enemies":"R_Hoarder","floor":41,"turns":5},{"damage":0,"enemies":"Nemesis","floor":44,"turns":3},{"damage":0,"enemies":"R_Hoarder","floor":45,"turns":4},{"damage":0,"enemies":"3 Darklings","floor":46,"turns":4},{"damage":0,"enemies":"Writhing Mass","floor":47,"turns":2},{"damage":0,"enemies":"Mind Bloom Boss Battle","floor":48,"turns":3},{"damage":0,"enemies":"infinitespire:MassOfShapes","floor":50,"turns":7}],"seed_played":"3742485331796482243","potions_obtained":[{"floor":1.0,"key":"CultistPotion"},{"floor":10.0,"key":"BottledMiracle"},{"floor":16.0,"key":"Doom Potion"},{"floor":28,"key":"Weak Potion"}],"is_trial":true,"path_per_floor":["M","?","?","?","?","E","R","$","T","E","R","E","E","M","R","B",null,"M","?","M","AVR","$","E","?","R","T","NM","E","E","$","E","R","B",null,"M","?","?","$","?","R","E","R","T","E","E","M","M","?","R","B",null],"character_chosen":"WATCHER","items_purchased":["Strawberry","Blood Vial","REME_OnlineShoppingPlatform","Replay:Purple Gloves"],"campfire_rested":0,"item_purchase_floors":[22,22,30,38],"current_hp_per_floor":[72,58,51,33,33,58,58,58,54,54,54,54,54,54,54,54,41,41,41,41,41,48,48,48,48,48,48,48,48,48,48,48,48,48,48,36,30,30,20,20,48,48,48,48,48,48,48,48,48,48],"gold":238,"neow_bonus":"","is_daily":false,"chose_seed":false,"campfire_upgraded":8,"win_rate":0.0,"timestamp":1611477494,"path_taken":["M","?","?","?","?","E","R","?","T","E","R","E","E","M","R","BOSS","M","?","?","AVR","$","E","?","R","T","NM","E","E","?","E","R","BOSS","M","?","?","$","?","R","E","R","T","E","E","M","M","?","R","BOSS"],"items_purchased_type":["Relic","Relic","Relic","Relic"],"build_version":"2020-12-22","purchased_purges":1,"victory":true,"max_hp_per_floor":[72,72,72,72,72,72,72,72,54,54,54,54,54,54,54,54,41,41,41,41,41,48,48,48,48,48,48,48,48,48,48,48,48,48,48,48,48,48,48,48,48,48,48,48,48,48,48,48,48,48],"card_choices":[{"not_picked":["HollowMod:DescendingDark","TheCursedMod:TacticalStrike"],"picked":"ats:Sashimi Platter","floor":1.0},{"not_picked":["infinitespire:TheBestDefense","ReplayTheSpireMod:??????????????????????"],"picked":"infinitespire:SevenWalls","floor":4.0},{"not_picked":["Slimebound:LeechingTouch","GravityBeat","Occultation"],"picked":"SKIP","floor":6.0},{"not_picked":["SashWhip","ClearTheMind","Consume"],"picked":"SKIP","floor":10.0},{"not_picked":["TheCursedMod:ManaCirculation","TheCursedMod:CircleOfFlame","champ:GutPunch"],"picked":"SKIP","floor":12.0},{"not_picked":["hermit:LowProfile","TheCursedMod:CircleOfAmplification","Feel No Pain"],"picked":"SKIP","floor":13.0},{"not_picked":["bronze:ChildClass","hermit:Malice","Uppercut"],"picked":"SKIP","floor":14.0},{"not_picked":["DTMod:Cover","LikeWater"],"picked":"DTMod:BreakAttack","floor":18},{"not_picked":["ats:Apocalypse","ats:Shell Defense","DTMod:Weaken"],"picked":"SKIP","floor":20},{"not_picked":["Replay:Poison Smokescreen","ats:Revitalization","ats:Automatic Cover+1"],"picked":"SKIP","floor":23},{"not_picked":["infinitespire:Execution","infinitespire:Menacing"],"picked":"infinitespire:FutureSight","floor":27},{"not_picked":["Clothesline+1","Moonworks:ReflectiveShell","sneckomod:DefensiveFlair"],"picked":"SKIP","floor":27},{"not_picked":["Moonworks:ReproductionOfRecords+1","HollowMod:SoulSplash"],"picked":"Conserve Battery+1","floor":28},{"not_picked":["ats:Collapsing Strike","sneckomod:QuickMove","Moonworks:DeployBits"],"picked":"SKIP","floor":29},{"not_picked":["Combust","DTMod:BizarreTactic","ats:Poison Spread"],"picked":"SKIP","floor":31},{"not_picked":["bronze:HardenedForm","HollowMod:MidwifesHunger"],"picked":"DTMod:SealedStrike","floor":33},{"not_picked":["FairyDestructionRay+1","bronze:OilSpill","Moonworks:JonathanRush"],"picked":"SKIP","floor":35},{"not_picked":["Transmutation","Enlightenment"],"picked":"Purity","floor":39},{"not_picked":["Anger+1","sneckomod:UnknownClassMARISA_DERIVATIONS+1","HollowMod:CycloneSlash"],"picked":"SKIP","floor":41},{"not_picked":["DTMod:MasterPlan+1","REME_Compress+1","TheCursedMod:CursedBlade"],"picked":"SKIP","floor":44},{"not_picked":["hermit:Manifest+1","Redo+1","DTMod:QuickFly+1"],"picked":"SKIP","floor":45},{"not_picked":["Guardian:PolyBeam+1","Slimebound:SplitLeeching+1","bronze:Branch"],"picked":"SKIP","floor":46},{"not_picked":["PathToVictory","Worship+1","Guardian:PrismaticBeam"],"picked":"SKIP","floor":47},{"not_picked":["FavorOfDestiny+1","Moonworks:ForcedRevival+1"],"picked":"Guardian:PiercingHide","floor":48}],"player_experience":533080,"relics_obtained":[{"floor":6.0,"key":"Smiling Mask"},{"floor":9.0,"key":"infinitespire:Lychee Nut"},{"floor":10.0,"key":"Bottled Flame"},{"floor":12.0,"key":"Thread and Needle"},{"floor":13.0,"key":"HornCleat"},{"floor":23,"key":"Replay:Bottled Eggs"},{"floor":26,"key":"Kunai"},{"floor":27,"key":"infinitespire:Midas Blood"},{"floor":28,"key":"Bronze Scales"},{"floor":29,"key":"Centennial Puzzle"},{"floor":31,"key":"Vajra"},{"floor":36,"key":"Replay:Mystery Machine"},{"floor":41,"key":"Divine Protection"},{"floor":43,"key":"Gambling Chip"},{"floor":44,"key":"hexamod:CandleOfCauterizing"},{"floor":45,"key":"MawBank"},{"floor":48,"key":"infinitespire:Golems Mask"}],"event_choices":[{"damage_healed":0.0,"max_hp_gain":0.0,"max_hp_loss":0.0,"gold_gain":0.0,"event_name":"Shining Light","player_choice":"Entered Light","floor":2.0,"gold_loss":0.0,"damage_taken":14.0,"cards_upgraded":["DTMod:MagicField","Guardian:PiercingHide"]},{"cards_removed":["HollowMod:TaintedHusks"],"damage_healed":0.0,"max_hp_gain":0.0,"max_hp_loss":0.0,"gold_gain":0.0,"event_name":"Golden Wing","player_choice":"Card Removal","floor":3.0,"gold_loss":0.0,"damage_taken":7.0},{"damage_healed":0,"gold_gain":0,"player_choice":"Ignored","damage_taken":0,"max_hp_gain":0,"max_hp_loss":0,"event_name":"NoteForYourself","floor":19,"gold_loss":0},{"damage_healed":0,"gold_gain":0,"player_choice":"Copied","damage_taken":0,"max_hp_gain":0,"max_hp_loss":0,"event_name":"Duplicator","floor":24,"gold_loss":0,"cards_obtained":["infinitespire:SevenWalls"]},{"damage_healed":0,"gold_gain":0,"player_choice":"Embrace Madness","damage_taken":6,"max_hp_gain":0,"max_hp_loss":0,"event_name":"Winding Halls","floor":37,"gold_loss":0,"cards_obtained":["Madness","Madness"]},{"damage_healed":0,"gold_gain":0,"player_choice":"Memory 3","damage_taken":10,"max_hp_gain":0,"max_hp_loss":0,"event_name":"SensoryStone","floor":39,"gold_loss":0},{"damage_healed":0,"gold_gain":0,"player_choice":"Fight","damage_taken":0,"max_hp_gain":0,"max_hp_loss":0,"event_name":"MindBloom","floor":48,"gold_loss":0}],"is_beta":false,"boss_relics":[{"not_picked":["Runic Dome","Calling Bell"],"picked":"Replay:Drink Me"},{"not_picked":["Ring of Chaos","Painkiller Herb"],"picked":"Replay:Wanted Poster"}],"items_purged_floors":[8],"is_endless":false,"potions_floor_spawned":[1,10,16,28,31,33,41,44,47,48],"ascension_level":0}}