{"host":"CK","time":1611460729,"event":{"mods":["2.2 Compatiblity","BaseMod","Bestiary","Block Reminder","Colored Powertips","DeckTracker","Displayed Cursed Tome","Minty Spire (QoL Compilation)","Permanent Neow","Slay-I","Unknown Chances"],"gold_per_floor":[109,34,34,52,69,94,94,16,16,27,55,66,103,126,126,211,211,234,234,57,66,80,80,80,118,142,142,169,181,194,69,69,151,178,197,247,0,16,29,29,54,54,54,54,76,91,102,113,113,113],"floor_reached":51,"language":"ENG","playtime":5802,"items_purged":["Strike_P","Strike_P","Strike_P","Strike_P"],"score":1547,"play_id":"bb6763f2-09c9-40dc-a374-21306ba5e77a","local_time":"20210123195849","is_ascension_mode":true,"campfire_choices":[{"data":"Eruption","floor":7.0,"key":"SMITH"},{"data":"CrushJoints","floor":15.0,"key":"SMITH"},{"data":"TalkToTheHand","floor":23.0,"key":"SMITH"},{"data":"Ragnarok","floor":27.0,"key":"SMITH"},{"data":"Ragnarok","floor":32.0,"key":"SMITH"},{"data":"DevaForm","floor":40,"key":"SMITH"},{"data":"WheelKick","floor":42,"key":"SMITH"},{"data":"SashWhip","floor":44,"key":"SMITH"},{"floor":49,"key":"REST"}],"circlet_count":0,"master_deck":["AscendersBane","Eruption+1","Vigilance","Consecrate","JustLucky","BowlingBash","CrushJoints+1","WheelKick+1","ThirdEye","Judgement","Brilliance","SashWhip+1","TalkToTheHand+1","Ragnarok+1","InnerPeace","Ragnarok+1","Swivel","Swivel","DevaForm+1","EmptyFist+1","Weave+1","Protect+1","Wallop","Indignation"],"relics":["Runic Pyramid","InkBottle","Meat on the Bone","Question Card","CeramicFish","Sozu","Ice Cream","Blood Vial","Nunchaku","Astrolabe","Membership Card","Bronze Scales","Pen Nib"],"acts_visited":["Exordium","TheCity","TheBeyond"],"potions_floor_usage":[41,50],"damage_taken":[{"damage":3.0,"enemies":"2 Louse","floor":1.0,"turns":4.0},{"damage":0.0,"enemies":"Cultist","floor":4.0,"turns":3.0},{"damage":5.0,"enemies":"Jaw Worm","floor":5.0,"turns":4.0},{"damage":0.0,"enemies":"Lagavulin","floor":6.0,"turns":4.0},{"damage":0.0,"enemies":"2 Fungi Beasts","floor":10.0,"turns":2.0},{"damage":0.0,"enemies":"Gremlin Nob","floor":11.0,"turns":2.0},{"damage":0.0,"enemies":"Looter","floor":12.0,"turns":2.0},{"damage":10.0,"enemies":"3 Sentries","floor":13.0,"turns":3.0},{"damage":10.0,"enemies":"Large Slime","floor":14.0,"turns":2.0},{"damage":0.0,"enemies":"Slime Boss","floor":16.0,"turns":4.0},{"damage":31.0,"enemies":"3 Byrds","floor":18.0,"turns":4.0},{"damage":13.0,"enemies":"2 Thieves","floor":22.0,"turns":2.0},{"damage":0.0,"enemies":"Gremlin Leader","floor":25.0,"turns":3.0},{"damage":16.0,"enemies":"Book of Stabbing","floor":28.0,"turns":5.0},{"damage":9.0,"enemies":"Snake Plant","floor":29.0,"turns":3.0},{"damage":15.0,"enemies":"Shelled Parasite and Fungi","floor":30.0,"turns":4.0},{"damage":30.0,"enemies":"Champ","floor":33.0,"turns":9.0},{"damage":20.0,"enemies":"3 Darklings","floor":35.0,"turns":2.0},{"damage":13,"enemies":"3 Shapes","floor":38,"turns":5},{"damage":12,"enemies":"Spire Growth","floor":39,"turns":3},{"damage":3,"enemies":"Nemesis","floor":41,"turns":3},{"damage":12,"enemies":"Writhing Mass","floor":45,"turns":3},{"damage":4,"enemies":"Jaw Worm Horde","floor":46,"turns":3},{"damage":0,"enemies":"Transient","floor":47,"turns":6},{"damage":1,"enemies":"Sphere and 2 Shapes","floor":48,"turns":2},{"damage":44,"enemies":"Donu and Deca","floor":50,"turns":7}],"seed_played":"-5779364977520607080","potions_obtained":[{"floor":4.0,"key":"ColorlessPotion"},{"floor":5.0,"key":"SkillPotion"},{"floor":6.0,"key":"Energy Potion"},{"floor":12.0,"key":"Fire Potion"},{"floor":13.0,"key":"Explosive Potion"},{"floor":16.0,"key":"DistilledChaos"}],"is_trial":false,"path_per_floor":["M","$","?","M","M","E","R","$","T","M","E","M","E","M","R","B",null,"M","?","$","?","M","R","?","E","T","R","E","M","M","$","R","B",null,"M","?","$","M","M","R","E","R","T","R","M","M","M","M","R","B",null],"character_chosen":"WATCHER","items_purchased":["WheelKick","Ragnarok","Membership Card"],"campfire_rested":1,"item_purchase_floors":[8,20,37],"current_hp_per_floor":[58,58,58,58,53,53,53,53,53,53,53,53,43,45,45,45,62,43,43,43,43,42,42,42,42,42,42,40,45,44,44,44,28,58,40,40,40,41,43,43,42,42,42,42,44,42,44,45,65,35],"gold":113,"neow_bonus":"BOSS_RELIC","is_daily":false,"chose_seed":false,"campfire_upgraded":8,"win_rate":0.0,"timestamp":1611460729,"path_taken":["M","$","?","M","M","E","R","$","T","?","E","M","E","M","R","BOSS","M","?","$","?","M","R","?","E","T","R","E","M","M","$","R","BOSS","M","?","$","M","M","R","E","R","T","R","M","M","?","M","R","BOSS"],"items_purchased_type":["Card","Card","Relic"],"build_version":"2020-12-18","purchased_purges":4,"victory":true,"max_hp_per_floor":[68,68,68,68,68,68,68,68,68,68,68,68,68,68,68,68,68,68,68,68,68,68,68,68,68,68,68,68,68,68,68,68,68,68,68,68,68,68,68,68,68,68,68,68,68,68,68,68,68,68],"card_choices":[{"not_picked":["FlurryOfBlows","Weave"],"picked":"Consecrate","floor":1.0},{"not_picked":["Protect","ClearTheMind"],"picked":"JustLucky","floor":4.0},{"not_picked":["Protect","Worship"],"picked":"BowlingBash","floor":5.0},{"not_picked":["WaveOfTheHand","JustLucky"],"picked":"CrushJoints","floor":6.0},{"not_picked":["SignatureMove","Perseverance"],"picked":"ThirdEye","floor":10.0},{"not_picked":["FollowUp","Evaluate"],"picked":"Judgement","floor":11.0},{"not_picked":["ClearTheMind","Protect","Consecrate"],"picked":"Brilliance","floor":12.0},{"not_picked":["Worship","Crescendo","WreathOfFlame"],"picked":"SashWhip","floor":13.0},{"not_picked":["Pray","CarveReality","Adaptation"],"picked":"TalkToTheHand","floor":14.0},{"not_picked":["Vault","DeusExMachina","Alpha"],"picked":"Ragnarok","floor":16.0},{"not_picked":["EmptyBody","EmptyFist","CutThroughFate"],"picked":"InnerPeace","floor":18.0},{"not_picked":["JustLucky","BowlingBash","FearNoEvil","CutThroughFate"],"picked":"SKIP","floor":22.0},{"not_picked":["JustLucky","BowlingBash","FearNoEvil","CutThroughFate"],"picked":"SKIP","floor":22.0},{"not_picked":["Wireheading","Meditate","Weave"],"picked":"Swivel","floor":25.0},{"not_picked":["FearNoEvil","SashWhip","ThirdEye","FlurryOfBlows"],"picked":"SKIP","floor":28.0},{"not_picked":["Worship","BowlingBash","PathToVictory","Consecrate"],"picked":"SKIP","floor":29.0},{"not_picked":["Blasphemy","Evaluate","Conclude","Consecrate"],"picked":"SKIP","floor":30.0},{"not_picked":["Omniscience","Alpha","Vault"],"picked":"DevaForm","floor":33.0},{"not_picked":["Sanctity","LikeWater","SashWhip"],"picked":"Wallop","floor":35.0},{"not_picked":["Crescendo","WindmillStrike","MentalFortress","Pray"],"picked":"SKIP","floor":38},{"not_picked":["PathToVictory","ReachHeaven+1","CutThroughFate+1","FlurryOfBlows+1"],"picked":"SKIP","floor":39},{"not_picked":["LessonLearned","Prostrate","Halt","EmptyFist"],"picked":"SKIP","floor":41},{"not_picked":["Sanctity","Prostrate","ForeignInfluence"],"picked":"Indignation","floor":45},{"not_picked":["Prostrate+1","Wallop","BowlingBash+1","Study"],"picked":"SKIP","floor":46},{"not_picked":["EmptyFist","FlurryOfBlows","Nirvana","Prostrate"],"picked":"SKIP","floor":47},{"not_picked":["FlyingSleeves","CutThroughFate","ClearTheMind+1","SashWhip"],"picked":"SKIP","floor":48}],"player_experience":1177736,"relics_obtained":[{"floor":6.0,"key":"InkBottle"},{"floor":9.0,"key":"Meat on the Bone"},{"floor":11.0,"key":"Question Card"},{"floor":13.0,"key":"CeramicFish"},{"floor":25.0,"key":"Ice Cream"},{"floor":26.0,"key":"Blood Vial"},{"floor":28.0,"key":"Nunchaku"},{"floor":41,"key":"Bronze Scales"},{"floor":43,"key":"Pen Nib"}],"event_choices":[{"cards_removed":["Defend_P"],"damage_healed":0.0,"max_hp_gain":0.0,"max_hp_loss":0.0,"gold_gain":0.0,"event_name":"Bonfire Elementals","player_choice":"Offered Basic","floor":3.0,"gold_loss":0.0,"damage_taken":0.0},{"damage_healed":0.0,"max_hp_gain":0.0,"max_hp_loss":0.0,"gold_gain":0.0,"event_name":"Ghosts","player_choice":"Ignored","floor":19.0,"gold_loss":0.0,"damage_taken":0.0},{"damage_healed":0.0,"max_hp_gain":0.0,"max_hp_loss":0.0,"gold_gain":0.0,"event_name":"The Library","player_choice":"Read","floor":21.0,"gold_loss":0.0,"damage_taken":0.0,"cards_obtained":["Swivel"]},{"damage_healed":0.0,"max_hp_gain":0.0,"max_hp_loss":0.0,"gold_gain":0.0,"event_name":"The Mausoleum","player_choice":"Ignored","floor":24.0,"gold_loss":0.0,"damage_taken":0.0},{"damage_healed":0.0,"max_hp_gain":0.0,"max_hp_loss":0.0,"gold_gain":50.0,"event_name":"Golden Shrine","player_choice":"Pray","floor":36.0,"gold_loss":0.0,"damage_taken":0.0}],"is_beta":true,"boss_relics":[{"not_picked":["Snecko Eye","Pandora\u0027s Box"],"picked":"Sozu"},{"not_picked":["Tiny House","Runic Dome"],"picked":"Astrolabe"}],"items_purged_floors":[2,20,31,37],"is_endless":false,"potions_floor_spawned":[4,5,6,12,13,16,25,30,35,45,46,48],"ascension_level":18}}