{"host":"60d5wzi2cpvs73ka","time":1611467704,"event":{"mods":["100% Spire Juice","AchievementEnabler","Act Like it!","Arknights The Spire","BaseMod","Friendly Minions","Infinite Spire","Minty Spire (QoL Compilation)","Shop Mod","StSLib"],"gold_per_floor":[111,111,111,129,54,54,83,98,148,46,59,77,77,111,111,209,89,109,120,11,110,25,56,56,56,56,86,86,86],"floor_reached":28,"language":"KOR","playtime":1406,"items_purged":["Moonworks:Strike"],"score":318,"play_id":"6508a5cf-4492-48c9-99ef-89b6a72d9086","local_time":"20210124145504","is_ascension_mode":false,"campfire_choices":[{"data":"Moonworks:JonathanRush","floor":6,"key":"SMITH"},{"data":"Moonworks:JonathanRush","floor":13,"key":"SMITH"},{"floor":15,"key":"REST"},{"data":"Moonworks:JonathanRush","floor":25,"key":"SMITH"}],"circlet_count":0,"master_deck":["Moonworks:Strike","Moonworks:Strike","Moonworks:Strike","Moonworks:Defend","Moonworks:Defend","Moonworks:Defend","Moonworks:Defend","Moonworks:Ambush+1","Moonworks:LongDistanceShot","Moonworks:JonathanRush+1","Moonworks:JonathanRush","Moonworks:JonathanRush+1","Moonworks:WindyEnchantment","Moonworks:BigBangBell","Moonworks:JonathanRush+1","Moonworks:WeAreWaruda","Moonworks:NicePresent","Moonworks:ExtendedPhotonRifle","Moonworks:BeyondHell","Moonworks:CloudOfSeagulls+1"],"relics":["Moonworks:BrokenBomb","Moonworks:Homemark","NeowsBlessing","Centennial Puzzle","Bronze Scales","Runic Pyramid","infinitespire:BottledMercury","infinitespire:CheckeredPen","infinitespire:Eraser","Juzu Bracelet"],"acts_visited":["Exordium","TheCity"],"potions_floor_usage":[27,27,27],"damage_taken":[{"damage":0,"enemies":"2 Louse","floor":1,"turns":1},{"damage":0,"enemies":"Small Slimes","floor":4,"turns":1},{"damage":0,"enemies":"Gremlin Nob","floor":7,"turns":1},{"damage":1,"enemies":"Jaw Worm","floor":8,"turns":2},{"damage":6,"enemies":"Large Slime","floor":10,"turns":2},{"damage":6,"enemies":"3 Louse","floor":11,"turns":2},{"damage":8,"enemies":"Exordium Wildlife","floor":12,"turns":2},{"damage":18,"enemies":"Lagavulin","floor":14,"turns":4},{"damage":32,"enemies":"Slime Boss","floor":16,"turns":5},{"damage":5,"enemies":"3 Byrds","floor":18,"turns":3},{"damage":4,"enemies":"Shell Parasite","floor":19,"turns":3},{"damage":23,"enemies":"Sentry and Sphere","floor":20,"turns":5},{"damage":11,"enemies":"Book of Stabbing","floor":23,"turns":4},{"damage":36,"enemies":"Slavers","floor":27,"turns":5},{"damage":15,"enemies":"3 Cultists","floor":28,"turns":3}],"seed_played":"-1913654718740790027","potions_obtained":[{"floor":7,"key":"SteroidPotion"},{"floor":10,"key":"Weak Potion"},{"floor":14,"key":"PowerPotion"},{"floor":19,"key":"AttackPotion"}],"is_trial":false,"path_per_floor":["M","?","?","M","$","R","E","M","T","M","M","M","R","E","R","B",null,"M","M","M","?","?","E","?","R","T","E","M"],"character_chosen":"THE_STARBREAKER","items_purchased":[],"campfire_rested":1,"item_purchase_floors":[],"current_hp_per_floor":[60,65,65,65,65,65,65,64,64,58,52,44,44,26,45,13,65,60,56,33,33,33,22,43,43,43,7,0,0],"gold":86,"neow_bonus":"THREE_ENEMY_KILL","is_daily":false,"chose_seed":false,"campfire_upgraded":3,"win_rate":0.0,"timestamp":1611467704,"path_taken":["M","?","?","M","$","R","E","M","T","M","M","M","R","E","R","BOSS","M","M","M","?","?","E","?","R","T","E","M"],"items_purchased_type":[],"build_version":"2020-12-22","purchased_purges":1,"victory":false,"max_hp_per_floor":[60,65,65,65,65,65,65,65,65,65,65,65,65,65,65,65,65,65,65,65,65,65,65,65,65,65,65,65,65],"card_choices":[{"not_picked":["Moonworks:IndiscriminateFireSupport","Moonworks:Dash"],"picked":"Moonworks:JonathanRush","floor":1},{"not_picked":["Moonworks:Assault","Moonworks:EvilSpyWorkPreparation"],"picked":"Moonworks:JonathanRush","floor":4},{"not_picked":["Moonworks:CloudOfSeagulls","Moonworks:Assault"],"picked":"Moonworks:JonathanRush","floor":7},{"not_picked":["Moonworks:Heat300Percent","Moonworks:ImOnFire"],"picked":"Moonworks:WindyEnchantment","floor":8},{"not_picked":["Moonworks:ImOnFire","Moonworks:EvilSpyWorkPreparation","Moonworks:DeployBits"],"picked":"SKIP","floor":10},{"not_picked":["Moonworks:StiffCrystal","Moonworks:UnpaidWork","Moonworks:MiracleWalker"],"picked":"SKIP","floor":11},{"not_picked":["Moonworks:CompletionReward","Moonworks:Assault"],"picked":"Moonworks:BigBangBell","floor":12},{"not_picked":["Moonworks:ScrambledEve","Moonworks:BigBangBell"],"picked":"Moonworks:JonathanRush","floor":14},{"not_picked":["Moonworks:ReflectiveShell","Moonworks:OutOfAmmo"],"picked":"Moonworks:WeAreWaruda","floor":16},{"not_picked":["Moonworks:AngelHand+1","Moonworks:LulusLuckyEgg"],"picked":"Moonworks:NicePresent","floor":18},{"not_picked":["Moonworks:SelfDestruct","Moonworks:UnpaidWork"],"picked":"Moonworks:ExtendedPhotonRifle","floor":19},{"not_picked":["Moonworks:Assault","Moonworks:ImOnFire+1"],"picked":"Moonworks:BeyondHell","floor":20},{"not_picked":["Moonworks:SelfDestruct","Moonworks:ImmovableObject+1","Moonworks:BeyondHell+1"],"picked":"SKIP","floor":23},{"not_picked":["Moonworks:EvilSpyWorkPreparation","Moonworks:MixPhenomenon"],"picked":"Moonworks:CloudOfSeagulls+1","floor":27}],"player_experience":213582,"relics_obtained":[{"floor":7,"key":"Centennial Puzzle"},{"floor":14,"key":"Bronze Scales"},{"floor":23,"key":"infinitespire:CheckeredPen"},{"floor":26,"key":"infinitespire:Eraser"},{"floor":27,"key":"Juzu Bracelet"}],"event_choices":[{"damage_healed":0,"gold_gain":0,"player_choice":"Donut","damage_taken":0,"max_hp_gain":5,"max_hp_loss":0,"event_name":"Big Fish","floor":2,"gold_loss":0},{"damage_healed":0,"gold_gain":0,"player_choice":"Grow","damage_taken":0,"max_hp_gain":0,"max_hp_loss":0,"event_name":"Living Wall","floor":3,"gold_loss":0,"cards_upgraded":["Moonworks:Ambush"]},{"damage_healed":0,"gold_gain":99,"player_choice":"Stole From Cult","damage_taken":0,"max_hp_gain":0,"max_hp_loss":0,"event_name":"Nest","floor":21,"gold_loss":0},{"damage_healed":0,"gold_gain":0,"player_choice":"Obtained Relic","damage_taken":0,"relics_obtained":["infinitespire:BottledMercury"],"max_hp_gain":0,"max_hp_loss":0,"event_name":"Addict","floor":22,"gold_loss":85},{"damage_healed":21,"gold_gain":0,"player_choice":"Heal","damage_taken":0,"max_hp_gain":0,"max_hp_loss":0,"event_name":"The Library","floor":24,"gold_loss":0}],"is_beta":false,"boss_relics":[{"not_picked":["Velvet Choker","Snecko Eye"],"picked":"Runic Pyramid"}],"items_purged_floors":[5],"is_endless":false,"potions_floor_spawned":[7,10,14,18,19],"killed_by":"3 Cultists","ascension_level":0}}