{"host":"rs1c3lkx7vj3kohb","time":1611499914,"event":{"mods":["Act Like it!","BaseMod","BetterRewards","Chen","Colored Map","Colored Powertips","Downfall","Friendly Minions","Gensokyo","Gremlin Mod","Hermit","Hero for Fun","KinomotoSakuraMod(木之本樱)","Koishi","KomeijiMod","Luminous","Marisa（F雨　魔理沙）","Minty Spire (QoL Compilation)","Onozuka Komachi Mod","Prisma Mod","Quick Restart","Reimu（博丽灵梦）","Remilia（蕾米莉亚）","SOS（斯巴达之子）","Shop Mod","StSLib","The Administrix","The Alterego","The Cursed","The Senshi","The Servant 0.9.4","Waifu the Spire","WarShipGirlsR/战舰少女R mod","Yakumo Yukari mod","Yohane!","Youmu（魂魄妖梦）","Yuri Mod","Yuyuko"],"gold_per_floor":[116,132,152,3,3,25,25,19,19,26,26,26,26,34,34,117,117,113,127,141,16,28,63,63,89,89,189,201,217,217,227,227,324,324,343,253,4,19,35,50,50,50,50,85,54,64,64,79,79,79,79,79,52,84,81],"floor_reached":56,"language":"ZHS","playtime":4164,"items_purged":["Strike_Lin:ReiMu","Shame","Poor:ReiMu"],"score":1331,"play_id":"7a5ee058-1af0-4f1f-add6-d4b893bc9c6b","local_time":"20210124225154","is_ascension_mode":false,"campfire_choices":[{"data":"InherentArray:ReiMu","floor":7.0,"key":"SMITH"},{"data":"Gathering:ReiMu","floor":13.0,"key":"SMITH"},{"data":"OctopathBindingBorder2:ReiMu","floor":15.0,"key":"SMITH"},{"data":"KamiRite:ReiMu","floor":24,"key":"SMITH"},{"data":"UniversalSpiritual:ReiMu","floor":30,"key":"SMITH"},{"data":"TightArray:ReiMu","floor":32,"key":"SMITH"},{"data":"DependentForm:ReiMu","floor":41,"key":"SMITH"},{"floor":47,"key":"RECALL"},{"data":"KamiRite:ReiMu","floor":49,"key":"SMITH"},{"data":"FantasyMoon:ReiMu","floor":52,"key":"SMITH"}],"circlet_count":0,"master_deck":["Strike_Lin:ReiMu","Strike_Lin:ReiMu","Strike_Lin:ReiMu","Defend_Lin:ReiMu","Defend_Lin:ReiMu","Defend_Lin:ReiMu","NB:ReiMu","Stagnation:ReiMu","OctopathBindingBorder2:ReiMu+1","Amulet:ReiMu","InherentArray:ReiMu+1","Amulet:ReiMu","ShadowOfCrow2:ReiMu","CareerPray:ReiMu","AlertArray:ReiMu","InherentArray:ReiMu","UniversalSpiritual:ReiMu+1","Gathering:ReiMu+1","KamiRite:ReiMu+1","TightArray:ReiMu+1","InherentArray:ReiMu","Enchanting:ReiMu+1","Amulet:ReiMu+1","Meditation:ReiMu","MountainWay:ReiMu+1","YinYangSign:ReiMu","Amulet:ReiMu","TightArray:ReiMu+1","DependentForm:ReiMu+1","WonderfulDomain:ReiMu","Gensokyo:CustomPotion","Dramatic Entrance","TightArray:ReiMu","FantasyMoon:ReiMu+1","NineCharacters:ReiMu","KamiRite:ReiMu+1","PhosphorusFlame:ReiMu","SubcavityInstant:ReiMu+1","FantasyMoon:ReiMu+1","CareerPray:ReiMu","InherentArray:ReiMu+1"],"relics":["FlyPower:ReiMu","theSenshi:FeatherClipsRelic","Calipers","YidongShenshe:ReiMu","PreservedInsect","Mummified Hand","ThirstyCross","CrownOfHeavens:ReiMu","HoshigumaDish","Pear","BodyOfKamiR:ReiMu","Thread and Needle","KyoryuNoHagoromo","Runic Dome","TentaclePot:ReiMu","Gremlin Horn","CrazyTorch:ReiMu"],"acts_visited":["Exordium","Gensokyo:Gensokyoer","Gensokyo:Gensokyoest","TheEnding"],"potions_floor_usage":[55],"damage_taken":[{"damage":0.0,"enemies":"Small Slimes","floor":1.0,"turns":5.0},{"damage":5.0,"enemies":"Jaw Worm","floor":2.0,"turns":6.0},{"damage":0.0,"enemies":"2 Louse","floor":3.0,"turns":4.0},{"damage":28.0,"enemies":"Gremlin Nob","floor":6.0,"turns":5.0},{"damage":1.0,"enemies":"2 Fungi Beasts","floor":8.0,"turns":4.0},{"damage":0.0,"enemies":"Lagavulin","floor":10.0,"turns":6.0},{"damage":3.0,"enemies":"Exordium Wildlife","floor":14.0,"turns":3.0},{"damage":13.0,"enemies":"Hexaghost","floor":16.0,"turns":8.0},{"damage":11.0,"enemies":"Gensokyo:AngelMirror","floor":18.0,"turns":3.0},{"damage":12.0,"enemies":"Gensokyo:3_Dogs","floor":19.0,"turns":3.0},{"damage":9.0,"enemies":"Gensokyo:Wraith","floor":20.0,"turns":4.0},{"damage":21.0,"enemies":"Gensokyo:Swordslinger","floor":22.0,"turns":3.0},{"damage":11,"enemies":"Gensokyo:Tenshi","floor":23,"turns":4},{"damage":11,"enemies":"Gensokyo:Reisen","floor":25,"turns":3},{"damage":7,"enemies":"Gensokyo:Reisen","floor":27,"turns":6},{"damage":7,"enemies":"Gensokyo:Monolith_and_Dog","floor":28,"turns":3},{"damage":10,"enemies":"Gensokyo:Mirror_and_Dog","floor":29,"turns":5},{"damage":10,"enemies":"Gensokyo:Wraith","floor":31,"turns":4},{"damage":19,"enemies":"Gensokyo:Kaguya","floor":33,"turns":11},{"damage":6,"enemies":"Gensokyo:3_Bats","floor":35,"turns":3},{"damage":6,"enemies":"Gensokyo:AncientGuardian","floor":38,"turns":6},{"damage":6,"enemies":"Gensokyo:SeedOfUnknown","floor":39,"turns":5},{"damage":16,"enemies":"Gensokyo:4_Bats","floor":40,"turns":2},{"damage":8,"enemies":"Gensokyo:Marisa","floor":44,"turns":4},{"damage":13,"enemies":"Gensokyo:Sharpion","floor":46,"turns":4},{"damage":15,"enemies":"Gensokyo:AtlasGolem","floor":48,"turns":5},{"damage":15,"enemies":"Gensokyo:Shinki","floor":50,"turns":11},{"damage":26,"enemies":"Shield and Spear","floor":54,"turns":4},{"damage":21,"enemies":"The Heart","floor":55,"turns":10}],"seed_played":"-5705619975082480277","potions_obtained":[{"floor":1.0,"key":"BlessingOfTheForge"},{"floor":3.0,"key":"PinkPotion:ReiMu"},{"floor":6.0,"key":"PinkPotion:ReiMu"},{"floor":16.0,"key":"Energy Potion"},{"floor":20.0,"key":"EntropicBrew"},{"floor":25,"key":"DistilledChaos"},{"floor":31,"key":"FairyPotion"}],"is_trial":false,"path_per_floor":["M","M","M","$","?","E","R","M","T","E","?","?","R","M","R","B",null,"M","M","M","$","M","E","R","E","T","?","M","M","R","M","R","B",null,"M","?","$","M","M","M","R","?","T","E","COS","M","R","M","R","B",null,"R","$","E","B",null],"character_chosen":"REIMU","items_purchased":["theSenshi:FeatherClipsRelic","OctopathBindingBorder2:ReiMu","Amulet:ReiMu","AlertArray:ReiMu","TentaclePot:ReiMu","Dramatic Entrance","CareerPray:ReiMu"],"campfire_rested":0,"item_purchase_floors":[0,0,0,4,37,37,53],"current_hp_per_floor":[32,33,39,39,39,17,17,22,22,28,28,33,33,36,36,29,70,65,59,56,56,41,36,36,41,41,40,39,35,35,31,31,18,80,80,80,80,80,80,70,70,70,70,68,68,61,61,52,52,43,80,80,80,60,45],"gold":81,"neow_bonus":"","is_daily":false,"chose_seed":false,"campfire_upgraded":9,"win_rate":0.0,"timestamp":1611499914,"path_taken":["M","M","M","$","?","E","R","M","T","E","?","?","R","M","R","BOSS","M","M","M","$","M","E","R","E","T","?","M","M","R","M","R","BOSS","M","?","$","M","M","M","R","?","T","E","COS","?","R","M","R","BOSS","R","$","E","BOSS"],"items_purchased_type":["Relic","Card","Card","Card","Relic","Card","Card"],"build_version":"2020-12-22","purchased_purges":3,"victory":true,"max_hp_per_floor":[65,65,65,65,65,65,65,65,65,65,65,70,70,70,70,70,70,70,70,70,70,70,70,70,80,80,80,80,80,80,80,80,80,80,80,80,80,80,80,80,80,80,80,80,80,80,80,80,80,80,80,80,80,80,80],"card_choices":[{"not_picked":["EmergencyTakeOff:ReiMu","FineLineFantasy:ReiMu"],"picked":"Amulet:ReiMu","floor":1.0},{"not_picked":["OrbThrow:ReiMu","YinYangSign:ReiMu"],"picked":"ShadowOfCrow2:ReiMu","floor":2.0},{"not_picked":["FantasyBorder:ReiMu","Enchanting:ReiMu"],"picked":"CareerPray:ReiMu","floor":3.0},{"not_picked":["SubcavityInstant:ReiMu","Conquer:ReiMu"],"picked":"InherentArray:ReiMu","floor":6.0},{"not_picked":["FantasyBorder:ReiMu","Amulet:ReiMu"],"picked":"UniversalSpiritual:ReiMu","floor":8.0},{"not_picked":["CleanRite:ReiMu","SpiritualOutbreak2:ReiMu"],"picked":"Gathering:ReiMu","floor":10.0},{"not_picked":["AirStrike:ReiMu","Intuition:ReiMu","LearningPray:ReiMu"],"picked":"SKIP","floor":14.0},{"not_picked":["PrayRite:ReiMu","Free:ReiMu"],"picked":"KamiRite:ReiMu","floor":16.0},{"not_picked":["LovePray:ReiMu","BarrageOfMoneybags:ReiMu"],"picked":"TightArray:ReiMu+1","floor":18.0},{"not_picked":["LovePray:ReiMu","CareerPray:ReiMu"],"picked":"InherentArray:ReiMu","floor":19.0},{"not_picked":["Meditation:ReiMu+1","RainPray2:ReiMu+1"],"picked":"Enchanting:ReiMu+1","floor":20.0},{"not_picked":["Conquer:ReiMu","SpringWay:ReiMu"],"picked":"Amulet:ReiMu+1","floor":22.0},{"not_picked":["RainPray2:ReiMu","SafetyPray:ReiMu"],"picked":"Meditation:ReiMu","floor":23},{"not_picked":["Conquer:ReiMu+1","PayForSelf:ReiMu"],"picked":"MountainWay:ReiMu+1","floor":25},{"not_picked":["WonderfulDomain:ReiMu","HakureiPhantom:ReiMu"],"picked":"YinYangSign:ReiMu","floor":27},{"not_picked":["Conquer:ReiMu","SpreadBorder2:ReiMu+1"],"picked":"Amulet:ReiMu","floor":28},{"not_picked":["InherentArray:ReiMu","Meditation:ReiMu","YinYang:ReiMu"],"picked":"SKIP","floor":29},{"not_picked":["SubcavityInstant:ReiMu","ShadowOfCrow2:ReiMu"],"picked":"TightArray:ReiMu","floor":31},{"not_picked":["CleanRite:ReiMu","Dreaming:ReiMu"],"picked":"DependentForm:ReiMu","floor":33},{"not_picked":["FineLineFantasy:ReiMu+1","SpreadBorder2:ReiMu"],"picked":"WonderfulDomain:ReiMu","floor":35},{"not_picked":["WonderfulDomain:ReiMu+1","Dreaming2:ReiMu+1"],"picked":"TightArray:ReiMu","floor":38},{"not_picked":["AirStrike:ReiMu","Intuition:ReiMu+1"],"picked":"FantasyMoon:ReiMu+1","floor":39},{"not_picked":["SpreadBorder2:ReiMu+1","Amulet:ReiMu"],"picked":"NineCharacters:ReiMu","floor":40},{"not_picked":["SafetyPray:ReiMu","Mountainwind:ReiMu+1"],"picked":"PhosphorusFlame:ReiMu","floor":44},{"not_picked":["Amulet:ReiMu+1","RainPray2:ReiMu"],"picked":"SubcavityInstant:ReiMu+1","floor":46},{"not_picked":["Intuition:ReiMu+1","SpringWay:ReiMu+1"],"picked":"FantasyMoon:ReiMu","floor":48},{"not_picked":["SubcavityInstant:ReiMu","FantasyBorder:ReiMu"],"picked":"InherentArray:ReiMu+1","floor":54}],"player_experience":397142,"relics_obtained":[{"floor":6.0,"key":"PreservedInsect"},{"floor":9.0,"key":"Mummified Hand"},{"floor":23,"key":"HoshigumaDish"},{"floor":25,"key":"Pear"},{"floor":26,"key":"BodyOfKamiR:ReiMu"},{"floor":27,"key":"Thread and Needle"},{"floor":27,"key":"KyoryuNoHagoromo"},{"floor":44,"key":"Gremlin Horn"},{"floor":54,"key":"CrazyTorch:ReiMu"}],"event_choices":[{"damage_healed":0.0,"max_hp_gain":0.0,"max_hp_loss":0.0,"gold_gain":0.0,"event_name":"yidonshenshe","player_choice":"带走神社","floor":5.0,"gold_loss":0.0,"damage_taken":0.0,"relics_obtained":["YidongShenshe:ReiMu"],"cards_obtained":["Poor:ReiMu"]},{"damage_healed":0.0,"max_hp_gain":5.0,"max_hp_loss":0.0,"gold_gain":0.0,"event_name":"Big Fish","player_choice":"Donut","floor":12.0,"gold_loss":0.0,"damage_taken":0.0}],"is_beta":false,"boss_relics":[{"not_picked":["DonationBox:ReiMu","RedLine:ReiMu"],"picked":"CrownOfHeavens:ReiMu"},{"not_picked":["Pandora\u0027s Box","Black Star"],"picked":"Runic Dome"}],"items_purged_floors":[0,4,21],"is_endless":false,"potions_floor_spawned":[1,3,6,16,20,25,31,38,39,46,48],"ascension_level":0}}