{"host":"h1qktzcccqnez8tx","time":1611510147,"event":{"mods":["BaseMod","Block Reminder","Colored Map","Colored Powertips","Curses Come First","Highlight Path","Infinite Spire","Minty Spire (QoL Compilation)","Permanent Neow","Quick Restart","Replay The Spire","StSLib","The Jungle"],"gold_per_floor":[109,126,126,126,142,142,163,184,184,227,247,283,307,323,323,452,452,475,496,496,516,516,516,290,308,308,344,369,369,390,390,390,544,544,595,649,707,777,777,869,869,943,943,256,256,291,291,334,334,334],"floor_reached":51,"language":"ENG","playtime":3430,"items_purged":["Concentrate","Offering","Flying Knee"],"score":1236,"play_id":"43c2ccd7-ad5b-4c29-807e-141a64ff7d26","local_time":"20210124184227","daily_mods":["Draft","Diverse"],"is_ascension_mode":true,"campfire_choices":[{"data":"ReplayTheSpireMod:Fabricate Wheel","floor":6,"key":"SMITH"},{"floor":15,"key":"REST"},{"floor":23,"key":"REST"},{"floor":29,"key":"REST"},{"floor":32,"key":"REST"},{"floor":41,"key":"REST"},{"floor":45,"key":"REST"},{"floor":49,"key":"REST"}],"circlet_count":0,"master_deck":["AscendersBane","Thunderclap","Dagger Throw","Gash","Rage","Gash","Flex","Steam","Blade Dance","Blur","Slice","Skim","Hidden Blade","Blade Dance","Injury","m_Survivalism","infinitespire:TheBestDefense","Dramatic Entrance","Go for the Eyes","Warcry","Acrobatics","Dual Wield","Gash","Cleave","Footwork","Leap+1","Blade Dance","Wild Strike+1","Battle Trance","Flex","Reprogram","Conserve Battery","Dual Wield+1","Terror","Hologram+1","Go for the Eyes+1","Spot Weakness+1","Accuracy+1","Dramatic Entrance","infinitespire:Fortify","Disarm+1","Steam Power+1"],"relics":["ReplayTheSpireMod:SealedPack","Golden Idol","Prayer Wheel","Singing Bowl","Mango","Prayer Wheel","Snake Skull","Fusion Hammer","Ice Cream","ReplayFunnel","Mummified Hand","infinitespire:Beetle Shell","infinitespire:EvilPickle","Philosopher\u0027s Stone","Blood Vial","Centennial Puzzle","Iron Hammer","Replay:Ringing Soul","WristBlade","Sling"],"acts_visited":["Exordium","TheCity","TheBeyond"],"potions_floor_usage":[14,16,16,27,40,50],"damage_taken":[{"damage":6,"enemies":"Small Slimes","floor":1,"turns":2},{"damage":0,"enemies":"2 Louse","floor":2,"turns":2},{"damage":0,"enemies":"Jaw Worm","floor":5,"turns":3},{"damage":2,"enemies":"3 Louse","floor":7,"turns":3},{"damage":0,"enemies":"Lots of Slimes","floor":8,"turns":1},{"damage":13,"enemies":"Large Slime","floor":11,"turns":5},{"damage":6,"enemies":"3 Sentries","floor":12,"turns":5},{"damage":5,"enemies":"Exordium Thugs","floor":13,"turns":3},{"damage":5,"enemies":"Blue Slaver","floor":14,"turns":3},{"damage":37,"enemies":"The Guardian","floor":16,"turns":10},{"damage":4,"enemies":"Spheric Guardian","floor":18,"turns":3},{"damage":0,"enemies":"Chosen","floor":19,"turns":3},{"damage":23,"enemies":"3 Cultists","floor":21,"turns":5},{"damage":31,"enemies":"Snake Plant","floor":25,"turns":5},{"damage":26,"enemies":"Slavers","floor":27,"turns":4},{"damage":13,"enemies":"Shelled Parasite and Fungi","floor":28,"turns":7},{"damage":15,"enemies":"Centurion and Healer","floor":30,"turns":6},{"damage":12,"enemies":"Pondfish","floor":33,"turns":9},{"damage":0,"enemies":"3 Darklings","floor":35,"turns":10},{"damage":5,"enemies":"Orb Walker","floor":36,"turns":4},{"damage":20,"enemies":"Writhing Mass","floor":37,"turns":12},{"damage":1,"enemies":"Jaw Worm Horde","floor":38,"turns":3},{"damage":0,"enemies":"Reptomancer","floor":40,"turns":6},{"damage":0,"enemies":"Sphere and 2 Shapes","floor":42,"turns":4},{"damage":1,"enemies":"4 Shapes","floor":46,"turns":4},{"damage":0,"enemies":"Transient","floor":48,"turns":5},{"damage":5,"enemies":"Awakened One","floor":50,"turns":8}],"seed_played":"-4018615449894578253","potions_obtained":[{"floor":2,"key":"FearPotion"},{"floor":7,"key":"Block Potion"},{"floor":8,"key":"Swift Potion"},{"floor":16,"key":"Energy Potion"},{"floor":21,"key":"Dexterity Potion"},{"floor":25,"key":"BlessingOfTheForge"},{"floor":27,"key":"Regen Potion"},{"floor":30,"key":"GhostInAJar"},{"floor":40,"key":"Reflective Coating"}],"is_trial":true,"path_per_floor":["M","M","WH","?","M","R","M","M","T","?","M","E","M","M","R","B",null,"M","M","WH","M","?","R","$","M","T","E","M","R","M","?","R","B",null,"M","M","M","M","?","E","R","M","T","$","R","M","AVR","M","R","B",null],"character_chosen":"THE_SILENT","items_purchased":["ReplayFunnel","Iron Hammer","Replay:Ringing Soul","Dramatic Entrance"],"campfire_rested":7,"item_purchase_floors":[24,44,44,44],"current_hp_per_floor":[57,57,57,40,40,40,38,38,38,37,26,22,19,18,46,11,76,74,80,80,59,59,91,91,62,62,38,29,63,54,54,90,80,113,119,118,100,105,105,105,142,144,144,147,147,152,155,161,161,156],"gold":334,"neow_bonus":"ONE_RANDOM_RARE_CARD","is_daily":false,"chose_seed":false,"campfire_upgraded":1,"win_rate":0.0,"timestamp":1611510147,"path_taken":["M","M","WH","?","M","R","M","M","T","?","M","E","M","M","R","BOSS","M","M","WH","M","?","R","$","?","T","E","M","R","M","?","R","BOSS","M","M","M","?","?","E","R","M","T","$","R","M","AVR","M","R","BOSS"],"items_purchased_type":["Relic","Relic","Relic","Card"],"build_version":"2020-12-22","purchased_purges":3,"victory":true,"max_hp_per_floor":[70,70,70,70,70,70,70,70,70,86,88,90,92,96,96,98,98,100,106,106,108,108,108,108,110,110,112,116,116,122,122,122,124,124,130,134,136,142,142,142,142,144,144,147,147,153,156,161,161,161],"card_choices":[{"not_picked":["Cloak And Dagger","Tempest"],"picked":"Thunderclap","floor":0},{"not_picked":["Cold Snap","Defy Death"],"picked":"Dagger Throw","floor":0},{"not_picked":["Crippling Poison","Redo"],"picked":"Gash","floor":0},{"not_picked":["Force Field","Clothesline"],"picked":"Flying Knee","floor":0},{"not_picked":["Body Slam","Evolve"],"picked":"Concentrate","floor":0},{"not_picked":["Wild Strike","Heel Hook"],"picked":"Rage","floor":0},{"not_picked":["Bane","Poisoned Stab"],"picked":"Gash","floor":0},{"not_picked":["Body Slam","Flame Barrier"],"picked":"Flex","floor":0},{"not_picked":["Rebound","Replay:Undeath\u0027s Touch"],"picked":"Steam","floor":0},{"not_picked":["Panic Button","Hologram"],"picked":"Dagger Throw","floor":0},{"not_picked":["BootSequence","infinitespire:OneForAll"],"picked":"Blade Dance","floor":0},{"not_picked":["Slice","Catalyst"],"picked":"Blur","floor":0},{"not_picked":["Massacre","Underhanded Strike"],"picked":"Slice","floor":0},{"not_picked":["Hello World","Bane"],"picked":"Skim","floor":0},{"not_picked":["Underhanded Strike","Compile Driver"],"picked":"Hidden Blade","floor":0},{"not_picked":["Acrobatics","Coolheaded"],"picked":"Blade Dance","floor":1},{"not_picked":["Poisoned Stab","Chill","Hologram"],"picked":"SKIP","floor":2},{"not_picked":["Zap","Survivor"],"picked":"m_Survivalism","floor":3},{"not_picked":["Bludgeon","Envenom"],"picked":"ReplayTheSpireMod:Fabricate Wheel","floor":3},{"not_picked":["infinitespire:DeathsTouch","infinitespire:SealOfDarkness+"],"picked":"infinitespire:TheBestDefense","floor":3},{"not_picked":["Good Instincts","Impatience"],"picked":"Dramatic Entrance","floor":3},{"not_picked":["Thunderclap","Slice","Clash"],"picked":"SKIP","floor":5},{"not_picked":["Anger","Deadly Poison","Chaos"],"picked":"SKIP","floor":7},{"not_picked":["Uppercut","Redo","Barrage"],"picked":"SKIP","floor":7},{"not_picked":["Poisoned Stab","ReplayTheSpireMod:Strike From Hell"],"picked":"Go for the Eyes","floor":8},{"not_picked":["Go for the Eyes","Hologram"],"picked":"Warcry","floor":8},{"not_picked":["Cloak And Dagger","Massacre","Malaise"],"picked":"Singing Bowl","floor":10},{"not_picked":["ReplayTheSpireMod:Tripwire","Dropkick"],"picked":"Acrobatics","floor":11},{"not_picked":["White Noise","ReplayTheSpireMod:Strike From Hell","Genetic Algorithm"],"picked":"Singing Bowl","floor":11},{"not_picked":["True Grit","Cloak And Dagger"],"picked":"Dual Wield","floor":11},{"not_picked":["Reinforced Body","Rebound","Wild Strike"],"picked":"Singing Bowl","floor":12},{"not_picked":["Armaments","Burning Pact"],"picked":"Gash","floor":13},{"not_picked":["Chaos","ReplayRNGCard","Skewer"],"picked":"Singing Bowl","floor":13},{"not_picked":["Choke","Coolheaded"],"picked":"Cleave","floor":13},{"not_picked":["Barrage","Defragment","Go for the Eyes"],"picked":"Singing Bowl","floor":14},{"not_picked":["Noxious Fumes","True Grit"],"picked":"Footwork","floor":14},{"not_picked":["Toxin Wave","Thunderclap","Force Field"],"picked":"Singing Bowl","floor":14},{"not_picked":["Envenom","Feed","Fission"],"picked":"Singing Bowl","floor":16},{"not_picked":["Combust","Barrage","BasicCrystalCard+1"],"picked":"Singing Bowl","floor":18},{"not_picked":["Flex","Barrage+1"],"picked":"Leap+1","floor":18},{"not_picked":["Dagger Spray+1","Flame Barrier+1"],"picked":"Blade Dance","floor":18},{"not_picked":["Outmaneuver","ReplaySolidLightProjector","Power Through"],"picked":"Singing Bowl","floor":19},{"not_picked":["Dagger Spray","Heavy Blade+1","Blizzard"],"picked":"Singing Bowl","floor":19},{"not_picked":["Replay:Poison Smokescreen+1","Scrape","ReplayTheSpireMod:Strike From Hell"],"picked":"Singing Bowl","floor":19},{"not_picked":["Warcry","Pummel"],"picked":"Wild Strike+1","floor":21},{"not_picked":["Warcry","ReplayTheSpireMod:Exploit Weakness"],"picked":"Battle Trance","floor":21},{"not_picked":["Exhume","Draining Mist","Power Through"],"picked":"Singing Bowl","floor":21},{"not_picked":["Run Through+1","Fluid Movement","Cold Snap"],"picked":"Singing Bowl","floor":25},{"not_picked":["Rampage","BasicCrystalCard"],"picked":"Flex","floor":25},{"not_picked":["ReplayTheSpireMod:Shiv Toss","Slice+1"],"picked":"Reprogram","floor":25},{"not_picked":["Doom and Gloom","Panic Button","Steam"],"picked":"Singing Bowl","floor":27},{"not_picked":["Dropkick","Flying Knee","Sword Boomerang"],"picked":"Singing Bowl","floor":28},{"not_picked":["Compile Driver","Blood for Blood","Conserve Battery"],"picked":"Singing Bowl","floor":28},{"not_picked":["Dodge and Roll","Reckless Charge"],"picked":"Conserve Battery","floor":28},{"not_picked":["Distraction","Infinite Blades+1","Amplify"],"picked":"Singing Bowl","floor":30},{"not_picked":["Stack","Riddle With Holes","Blur"],"picked":"Singing Bowl","floor":30},{"not_picked":["Streamline","Stack","Clash"],"picked":"Singing Bowl","floor":30},{"not_picked":["Doppelganger","Feed","Fission"],"picked":"Singing Bowl","floor":33},{"not_picked":["True Grit+1","Conserve Battery","Iron Wave"],"picked":"Singing Bowl","floor":35},{"not_picked":["Hemokinesis+1","Dodge and Roll","Toxin Wave"],"picked":"Singing Bowl","floor":35},{"not_picked":["Dagger Spray","Finisher","Power Through"],"picked":"Singing Bowl","floor":35},{"not_picked":["Skewer","Conserve Battery+1"],"picked":"Dual Wield+1","floor":36},{"not_picked":["Deadly Poison+1","Streamline","Rebound+1"],"picked":"Singing Bowl","floor":36},{"not_picked":["Bloodletting+1","Tactician+1","Ball Lightning"],"picked":"Singing Bowl","floor":36},{"not_picked":["Quick Slash+1","Dash+1"],"picked":"Terror","floor":37},{"not_picked":["Aggregate+1","Pommel Strike+1","infinitespire:OneForAll"],"picked":"Singing Bowl","floor":37},{"not_picked":["Chill","Genetic Algorithm"],"picked":"Hologram+1","floor":37},{"not_picked":["Anger+1","Flying Knee","All For One"],"picked":"Singing Bowl","floor":38},{"not_picked":["Anger","Hidden Blade","Clothesline"],"picked":"Singing Bowl","floor":38},{"not_picked":["Darkness","Coolheaded","Barrage"],"picked":"Singing Bowl","floor":38},{"not_picked":["Compile Driver+1","Quick Slash+1"],"picked":"Go for the Eyes+1","floor":40},{"not_picked":["ReplayTheSpireMod:System Scan+1","Quick Slash"],"picked":"Spot Weakness+1","floor":42},{"not_picked":["Crystallizer","Concentrate"],"picked":"Accuracy+1","floor":42},{"not_picked":["Fusion+1","ReplayTheSpireMod:GoodbyeWorld","Doom and Gloom+1"],"picked":"Singing Bowl","floor":42},{"not_picked":["Deflect+1","ReplayTheSpireMod:Fabricate Wheel","Clothesline"],"picked":"Singing Bowl","floor":46},{"not_picked":["Hidden Blade+1","Turbo+1","Warcry"],"picked":"Singing Bowl","floor":46},{"not_picked":["Rampage+1","ReplaySolidLightProjector","Backflip"],"picked":"Singing Bowl","floor":46},{"not_picked":["Pommel Strike+1","Body Slam+1"],"picked":"Disarm+1","floor":48},{"not_picked":["ReplayTheSpireMod:System Scan+1","ReplayTheSpireMod:Calculation Training"],"picked":"Steam Power+1","floor":48},{"not_picked":["Glass Knife","Anger","Slice+1"],"picked":"Singing Bowl","floor":48}],"player_experience":135939,"relics_obtained":[{"floor":9,"key":"Singing Bowl"},{"floor":10,"key":"Mango"},{"floor":12,"key":"Snake Skull"},{"floor":26,"key":"Mummified Hand"},{"floor":27,"key":"infinitespire:Beetle Shell"},{"floor":40,"key":"Blood Vial"},{"floor":43,"key":"Centennial Puzzle"}],"event_choices":[{"damage_healed":0,"gold_gain":0,"player_choice":"Take Damage","damage_taken":17,"relics_obtained":["Golden Idol"],"max_hp_gain":0,"max_hp_loss":0,"event_name":"Golden Idol","floor":4,"gold_loss":0},{"cards_removed":["Dagger Throw"],"damage_healed":0,"gold_gain":0,"player_choice":"Gave Card","damage_taken":0,"relics_obtained":["Ice Cream"],"max_hp_gain":0,"max_hp_loss":0,"event_name":"WeMeetAgain","floor":22,"gold_loss":0},{"damage_healed":0,"gold_gain":0,"player_choice":"Ignored","damage_taken":0,"max_hp_gain":0,"max_hp_loss":0,"event_name":"N\u0027loth","floor":31,"gold_loss":0},{"damage_healed":0,"gold_gain":0,"player_choice":"Ignored","damage_taken":0,"max_hp_gain":0,"max_hp_loss":0,"event_name":"Mysterious Sphere","floor":39,"gold_loss":0}],"is_beta":false,"boss_relics":[{"not_picked":["Replay:Fungal Core","Ectoplasm"],"picked":"Fusion Hammer"},{"not_picked":["Replay:Drink Me","Kintsugi"],"picked":"Philosopher\u0027s Stone"}],"items_purged_floors":[24,44,47],"is_endless":false,"potions_floor_spawned":[2,7,8,16,21,25,27,30,37,40,42],"ascension_level":10}}