{"host":"d8d3jqle49sogkjv","time":1611501509,"event":{"mods":["BaseMod","Colored Map","Colored Powertips","Minty Spire (QoL Compilation)","StSLib"],"gold_per_floor":[125,125,148,148,168,209,209,63,63,105,127,146,165,195,195,308,308,337,357,372,372,372,372,427,439,522,547,576,626,413,428,428,532,532,542,542,199,208,208,236,236,275,299,311,331,631,646,678,678,678,678,678,6,37,37],"floor_reached":56,"language":"ENG","playtime":3236,"items_purged":["Defend_P","Defend_P","Strike_P"],"score":1961,"play_id":"2d4ef7b1-e5da-4f8a-9405-15af25950c55","local_time":"20210124161829","is_ascension_mode":true,"campfire_choices":[{"data":"Scrawl","floor":7.0,"key":"SMITH"},{"floor":15.0,"key":"DIG"},{"floor":23.0,"key":"DIG"},{"floor":25.0,"key":"DIG"},{"floor":32.0,"key":"REST"},{"floor":46.0,"key":"DIG"},{"floor":49.0,"key":"RECALL"},{"floor":52.0,"key":"DIG"}],"circlet_count":0,"master_deck":["Strike_P","Defend_P","Defend_P","Eruption","Vigilance","CurseOfTheBell","CarveReality+1","FollowUp+1","Scrawl+1","Tantrum+1","CrushJoints+1","Adaptation","MasterReality","JustLucky+1","Prostrate","FlurryOfBlows+1","Halt","DevaForm","Bandage Up","Prostrate+1"],"relics":["Calling Bell","CeramicFish","Molten Egg 2","Thread and Needle","InkBottle","Oddly Smooth Stone","Yang","Shovel","Ancient Tea Set","Kunai","Fusion Hammer","Nilry\u0027s Codex","MawBank","Blood Vial","Gremlin Horn","Sundial","Eternal Feather","OrangePellets","Busted Crown","Shuriken","Orichalcum","Centennial Puzzle","Damaru","Old Coin","Happy Flower","Pear","Medical Kit","Bag of Preparation","Art of War","Pen Nib"],"acts_visited":["Exordium","TheCity","TheBeyond","TheEnding"],"potions_floor_usage":[55,55],"damage_taken":[{"damage":1.0,"enemies":"2 Louse","floor":1.0,"turns":3.0},{"damage":0.0,"enemies":"Jaw Worm","floor":3.0,"turns":3.0},{"damage":0.0,"enemies":"Cultist","floor":5.0,"turns":2.0},{"damage":3.0,"enemies":"3 Sentries","floor":6.0,"turns":5.0},{"damage":0.0,"enemies":"Lagavulin","floor":10.0,"turns":2.0},{"damage":0.0,"enemies":"2 Fungi Beasts","floor":11.0,"turns":2.0},{"damage":0.0,"enemies":"Exordium Wildlife","floor":12.0,"turns":2.0},{"damage":0.0,"enemies":"Large Slime","floor":13.0,"turns":3.0},{"damage":0.0,"enemies":"Gremlin Nob","floor":14.0,"turns":2.0},{"damage":0.0,"enemies":"Slime Boss","floor":16.0,"turns":2.0},{"damage":0.0,"enemies":"Chosen","floor":18.0,"turns":2.0},{"damage":7.0,"enemies":"Spheric Guardian","floor":19.0,"turns":3.0},{"damage":0.0,"enemies":"Cultist and Chosen","floor":20.0,"turns":3.0},{"damage":0.0,"enemies":"Slavers","floor":24.0,"turns":4.0},{"damage":12.0,"enemies":"Snake Plant","floor":27.0,"turns":3.0},{"damage":9.0,"enemies":"Shelled Parasite and Fungi","floor":28.0,"turns":2.0},{"damage":0.0,"enemies":"Gremlin Leader","floor":29.0,"turns":2.0},{"damage":14.0,"enemies":"Centurion and Healer","floor":31.0,"turns":3.0},{"damage":0.0,"enemies":"Champ","floor":33.0,"turns":4.0},{"damage":0.0,"enemies":"3 Darklings","floor":35.0,"turns":3.0},{"damage":19.0,"enemies":"Nemesis","floor":40.0,"turns":5.0},{"damage":12.0,"enemies":"Reptomancer","floor":42.0,"turns":3.0},{"damage":13.0,"enemies":"Orb Walker","floor":44.0,"turns":3.0},{"damage":7.0,"enemies":"Jaw Worm Horde","floor":45.0,"turns":3.0},{"damage":0.0,"enemies":"Writhing Mass","floor":47.0,"turns":4.0},{"damage":0.0,"enemies":"Nemesis","floor":48.0,"turns":3.0},{"damage":0.0,"enemies":"Donu and Deca","floor":50.0,"turns":3.0},{"damage":8.0,"enemies":"Shield and Spear","floor":54.0,"turns":2.0},{"damage":99,"enemies":"The Heart","floor":55,"turns":7}],"seed_played":"3246396597948677053","potions_obtained":[{"floor":1.0,"key":"Fire Potion"},{"floor":10.0,"key":"LiquidBronze"},{"floor":11.0,"key":"Explosive Potion"},{"floor":13.0,"key":"DuplicationPotion"},{"floor":16.0,"key":"StancePotion"},{"floor":24.0,"key":"Fruit Juice"},{"floor":29.0,"key":"Block Potion"},{"floor":31.0,"key":"PowerPotion"},{"floor":35.0,"key":"Energy Potion"},{"floor":40.0,"key":"DuplicationPotion"},{"floor":45.0,"key":"FearPotion"},{"floor":47.0,"key":"PowerPotion"},{"floor":54.0,"key":"EssenceOfSteel"}],"is_trial":false,"path_per_floor":["M","?","M","?","M","E","R","$","T","E","M","M","M","E","R","B",null,"M","M","M","?","?","R","E","R","T","M","M","E","$","M","R","B",null,"M","?","$","?","T","E","?","E","T","M","M","R","M","E","R","B",null,"R","$","E","B",null],"character_chosen":"WATCHER","items_purchased":["Oddly Smooth Stone","OrangePellets","Shuriken","Medical Kit","Bag of Preparation","Art of War","FairyPotion"],"campfire_rested":1,"item_purchase_floors":[8,30,37,53,53,53,53],"current_hp_per_floor":[71,64,64,64,64,61,61,61,61,61,61,61,61,61,61,61,72,72,65,65,52,36,36,41,41,41,31,24,26,26,14,47,49,82,82,78,78,78,78,61,61,55,55,48,47,59,65,71,78,78,78,88,88,80,14],"gold":37,"neow_bonus":"BOSS_RELIC","is_daily":false,"chose_seed":false,"campfire_upgraded":1,"win_rate":0.0,"timestamp":1611501509,"path_taken":["M","?","M","?","M","E","R","?","T","E","?","M","M","E","R","BOSS","M","M","M","?","?","R","E","R","T","M","M","E","$","M","R","BOSS","M","?","$","?","?","E","?","E","T","M","M","R","M","E","R","BOSS","R","$","E","BOSS"],"items_purchased_type":["Relic","Relic","Relic","Relic","Relic","Relic","Potion"],"build_version":"2020-12-22","purchased_purges":3,"victory":true,"max_hp_per_floor":[72,72,72,72,72,72,72,72,72,72,72,72,72,72,72,72,72,72,72,72,77,77,77,82,82,82,82,82,82,82,82,82,82,82,82,78,78,78,78,78,78,78,78,78,78,78,78,78,78,78,78,88,88,88,88],"card_choices":[{"not_picked":["Halt","Adaptation"],"picked":"CarveReality+1","floor":1.0},{"not_picked":["SashWhip+1","BowlingBash+1"],"picked":"FollowUp+1","floor":3.0},{"not_picked":["Study","Wireheading","Evaluate"],"picked":"SKIP","floor":5.0},{"not_picked":["PathToVictory","EmptyFist+1"],"picked":"Scrawl","floor":6.0},{"not_picked":["SandsOfTime+1","Collect"],"picked":"Tantrum+1","floor":10.0},{"not_picked":["Indignation","ReachHeaven+1"],"picked":"CrushJoints+1","floor":11.0},{"not_picked":["Prostrate","Worship"],"picked":"Adaptation","floor":12.0},{"not_picked":["FlyingSleeves+1","Pray","Adaptation"],"picked":"SKIP","floor":13.0},{"not_picked":["BowlingBash+1","Meditate","SashWhip+1"],"picked":"SKIP","floor":14.0},{"not_picked":["Establishment","Omniscience"],"picked":"MasterReality","floor":16.0},{"not_picked":["Tantrum+1","Evaluate+1"],"picked":"JustLucky+1","floor":18.0},{"not_picked":["FlyingSleeves+1","ClearTheMind"],"picked":"Prostrate","floor":19.0},{"not_picked":["FlyingSleeves+1","SashWhip+1","BowlingBash+1"],"picked":"SKIP","floor":20.0},{"not_picked":["Crescendo","FollowUp+1"],"picked":"FlurryOfBlows+1","floor":24.0},{"not_picked":["FlyingSleeves+1","PathToVictory","BattleHymn"],"picked":"SKIP","floor":27.0},{"not_picked":["Crescendo","Adaptation","Evaluate"],"picked":"SKIP","floor":28.0},{"not_picked":["LessonLearned+1","ClearTheMind"],"picked":"Halt","floor":29.0},{"not_picked":["CrushJoints+1","Crescendo","CutThroughFate+1"],"picked":"SKIP","floor":31.0},{"not_picked":["Blasphemy","Judgement"],"picked":"DevaForm","floor":33.0},{"not_picked":["Crescendo+1"],"picked":"SKIP","floor":35.0},{"not_picked":[],"picked":"Bandage Up","floor":38.0},{"not_picked":["SashWhip+1"],"picked":"SKIP","floor":40.0},{"not_picked":[],"picked":"Prostrate+1","floor":42.0},{"not_picked":["Prostrate"],"picked":"SKIP","floor":44.0},{"not_picked":["PathToVictory+1"],"picked":"SKIP","floor":45.0},{"not_picked":["Pray"],"picked":"SKIP","floor":47.0},{"not_picked":["Conclude+1"],"picked":"SKIP","floor":48.0},{"not_picked":["ClearTheMind+1"],"picked":"SKIP","floor":54.0}],"player_experience":428151,"relics_obtained":[{"floor":0.0,"key":"CeramicFish"},{"floor":0.0,"key":"Molten Egg 2"},{"floor":0.0,"key":"Thread and Needle"},{"floor":6.0,"key":"InkBottle"},{"floor":9.0,"key":"Yang"},{"floor":10.0,"key":"Shovel"},{"floor":14.0,"key":"Ancient Tea Set"},{"floor":15.0,"key":"Kunai"},{"floor":22.0,"key":"Nilry\u0027s Codex"},{"floor":23.0,"key":"MawBank"},{"floor":24.0,"key":"Blood Vial"},{"floor":25.0,"key":"Gremlin Horn"},{"floor":26.0,"key":"Sundial"},{"floor":29.0,"key":"Eternal Feather"},{"floor":40.0,"key":"Orichalcum"},{"floor":42.0,"key":"Centennial Puzzle"},{"floor":43.0,"key":"Damaru"},{"floor":46.0,"key":"Old Coin"},{"floor":48.0,"key":"Happy Flower"},{"floor":52.0,"key":"Pear"},{"floor":54.0,"key":"Pen Nib"}],"event_choices":[{"cards_removed":["Strike_P"],"damage_healed":0.0,"max_hp_gain":0.0,"max_hp_loss":0.0,"gold_gain":0.0,"event_name":"Golden Wing","player_choice":"Card Removal","floor":2.0,"gold_loss":0.0,"damage_taken":7.0},{"cards_removed":["Strike_P"],"damage_healed":0.0,"max_hp_gain":0.0,"max_hp_loss":0.0,"gold_gain":0.0,"event_name":"Living Wall","player_choice":"Forget","floor":4.0,"gold_loss":0.0,"damage_taken":0.0},{"damage_healed":0.0,"max_hp_gain":5.0,"max_hp_loss":0.0,"gold_gain":0.0,"event_name":"Forgotten Altar","player_choice":"Shed Blood","floor":21.0,"gold_loss":0.0,"damage_taken":18.0},{"damage_healed":0.0,"max_hp_gain":0.0,"max_hp_loss":0.0,"gold_gain":0.0,"event_name":"Cursed Tome","player_choice":"Obtained Book","floor":22.0,"gold_loss":0.0,"damage_taken":16.0},{"damage_healed":0.0,"max_hp_gain":0.0,"max_hp_loss":4.0,"gold_gain":0.0,"event_name":"Winding Halls","player_choice":"Max HP","floor":36.0,"gold_loss":0.0,"damage_taken":0.0},{"damage_healed":0.0,"max_hp_gain":0.0,"max_hp_loss":0.0,"gold_gain":0.0,"event_name":"SensoryStone","player_choice":"Memory 1","floor":38.0,"gold_loss":0.0,"damage_taken":0.0},{"damage_healed":0.0,"max_hp_gain":0.0,"max_hp_loss":0.0,"gold_gain":0.0,"event_name":"Tomb of Lord Red Mask","player_choice":"Ignored","floor":41.0,"gold_loss":0.0,"damage_taken":0.0}],"is_beta":false,"boss_relics":[{"not_picked":["Runic Pyramid","Astrolabe"],"picked":"Fusion Hammer"},{"not_picked":["Coffee Dripper","Black Star"],"picked":"Busted Crown"}],"items_purged_floors":[30,37,53],"is_endless":false,"potions_floor_spawned":[1,10,11,13,14,16,18,24,29,31,35,40,45,47,54],"ascension_level":4}}