{"host":"usrgk25etjl0nf5i","time":1611517551,"event":{"mods":["2.2 Compatiblity","BaseMod","Downfall","Hubris","Minty Spire (QoL Compilation)","Permanent Neow","StSLib","SuperFastMode"],"gold_per_floor":[117,45,45,62,78,113,129,155,155,155,165,183,148,159,159,237,237,237,237],"floor_reached":18,"language":"ENG","playtime":624,"items_purged":[],"score":287,"play_id":"0d78871d-0143-41dc-a640-d35b40d859b2","local_time":"20210124114551","is_ascension_mode":true,"campfire_choices":[{"floor":10,"key":"REST"},{"data":"Armaments","floor":15,"key":"SMITH"}],"circlet_count":0,"master_deck":["AscendersBane","Strike_R","Strike_R","Strike_R","Strike_R","Defend_R","Defend_R","Defend_R","Bash","Cleave","Combust","Inflame","Power Through","Cleave","Seeing Red","Twin Strike","Headbutt","Metallicize","Armaments+1","Corruption"],"relics":["Burning Blood","Pantograph","Bag of Preparation","hexamod:BolsterEngine","Sundial","hubris:BlackHole"],"acts_visited":["Exordium","TheCity"],"potions_floor_usage":[8,16,16],"damage_taken":[{"damage":1,"enemies":"Cultist","floor":1,"turns":3},{"damage":9,"enemies":"Small Slimes","floor":4,"turns":3},{"damage":9,"enemies":"Jaw Worm","floor":5,"turns":3},{"damage":30,"enemies":"3 Sentries","floor":6,"turns":6},{"damage":4,"enemies":"Exordium Thugs","floor":7,"turns":4},{"damage":19,"enemies":"Lagavulin","floor":8,"turns":5},{"damage":9,"enemies":"Exordium Wildlife","floor":11,"turns":3},{"damage":11,"enemies":"Red Slaver","floor":12,"turns":4},{"damage":11,"enemies":"Exordium Thugs","floor":14,"turns":3},{"damage":36,"enemies":"Hexaghost","floor":16,"turns":8},{"damage":65,"enemies":"Shell Parasite","floor":18,"turns":9}],"seed_played":"-2996485508043113642","potions_obtained":[{"floor":4,"key":"sneckomod:MuddlingPotion"},{"floor":5,"key":"Strength Potion"},{"floor":8,"key":"BlessingOfTheForge"},{"floor":11,"key":"SteroidPotion"}],"is_trial":false,"path_per_floor":["M","$","?","M","M","E","M","E","T","R","M","M","?","M","R","B",null,"M"],"character_chosen":"IRONCLAD","items_purchased":["Combust"],"campfire_rested":1,"item_purchase_floors":[2],"current_hp_per_floor":[72,72,65,62,59,35,37,24,24,45,42,37,55,50,50,42,65,0,0],"gold":237,"neow_bonus":"REMOVE_TWO","is_daily":false,"chose_seed":false,"campfire_upgraded":1,"win_rate":0.0,"timestamp":1611517551,"path_taken":["M","$","?","M","M","E","M","E","T","R","M","M","?","M","R","BOSS","M"],"items_purchased_type":["Card"],"build_version":"2020-12-22","purchased_purges":0,"victory":false,"max_hp_per_floor":[72,72,72,72,72,72,72,72,72,72,72,72,72,72,72,72,72,72,72],"card_choices":[{"not_picked":["Warcry","Disarm"],"picked":"Cleave","floor":1},{"not_picked":["Sever Soul","Pummel"],"picked":"Inflame","floor":4},{"not_picked":["Wild Strike","Shrug It Off"],"picked":"Power Through","floor":5},{"not_picked":["Feed","Warcry"],"picked":"Cleave","floor":6},{"not_picked":["Pommel Strike","Headbutt"],"picked":"Seeing Red","floor":7},{"not_picked":["Armaments","Hemokinesis"],"picked":"Twin Strike","floor":8},{"not_picked":["Perfected Strike","Searing Blow"],"picked":"Headbutt","floor":11},{"not_picked":["Power Through","Anger"],"picked":"Metallicize","floor":12},{"not_picked":["Second Wind","Havoc"],"picked":"Armaments","floor":14},{"not_picked":["Fiend Fire","Juggernaut"],"picked":"Corruption","floor":16}],"player_experience":670113,"relics_obtained":[{"floor":6,"key":"Bag of Preparation"},{"floor":8,"key":"hexamod:BolsterEngine"},{"floor":9,"key":"Sundial"}],"event_choices":[{"damage_healed":0,"gold_gain":0,"player_choice":"Success","damage_taken":7,"relics_obtained":["Pantograph"],"max_hp_gain":0,"max_hp_loss":0,"event_name":"Scrap Ooze","floor":3,"gold_loss":0},{"damage_healed":18,"gold_gain":0,"player_choice":"Healed","damage_taken":0,"max_hp_gain":0,"max_hp_loss":0,"event_name":"The Cleric","floor":13,"gold_loss":35}],"is_beta":false,"boss_relics":[{"not_picked":["Runic Dome","Fusion Hammer"],"picked":"hubris:BlackHole"}],"items_purged_floors":[],"is_endless":false,"potions_floor_spawned":[4,5,8,11],"killed_by":"Shell Parasite","ascension_level":13}}