{"host":"cimxalwyqyblhb3d","time":1611518360,"event":{"mods":["AchievementEnabler","BaseMod","Colored Powertips","Evolution","Minty Spire (QoL Compilation)","Quick Restart","Relic Stats","StSLib"],"gold_per_floor":[118,128,139,158,14,14,14,14,14,14,14,89,89,109,109,207,207,224,237,237,162,16,16,16,26,26,26,40,70,170,170,170,271,271,288,87,87,146,146,146,158,186,211,220,220,13,22,43,43,43,43],"floor_reached":50,"language":"FRA","playtime":2219,"items_purged":["Decay","Regret","Pain"],"score":589,"play_id":"46cc0bc4-1b09-45e5-b18c-f23b5d07ae9c","local_time":"20210124205920","is_ascension_mode":true,"campfire_choices":[{"data":"Malaise","floor":6,"key":"SMITH"},{"data":"Backflip","floor":8,"key":"SMITH"},{"data":"Leg Sweep","floor":11,"key":"SMITH"},{"data":"Dash","floor":15,"key":"SMITH"},{"data":"Venomology","floor":23,"key":"SMITH"},{"data":"Corpse Explosion","floor":32,"key":"SMITH"},{"data":"Apotheosis","floor":40,"key":"SMITH"},{"floor":45,"key":"REST"},{"floor":49,"key":"REST"}],"circlet_count":0,"master_deck":["Poisoned Stab","Poisoned Stab","Poisoned Stab","Poisoned Stab","Poisoned Stab","Cloak And Dagger","Cloak And Dagger","Defend_G","Defend_G","Survivor","Neutralize","Sucker Punch","Poisoned Stab","Leg Sweep+1","Backflip+1","Dash+1","Corpse Explosion+1","Bane","Venomology+1","Deadly Poison","Calculated Gamble","Deadly Poison","Blade Dance+1","Storm of Steel","Apotheosis+1","Blade Dance","Deflect+1","Storm of Steel","Swift Strike","Swift Strike","PiercingWail"],"relics":["Ring of the Serpent","EVO:Axolotl","Toy Ornithopter","WingedGreaves","Turnip","Odd Mushroom","WristBlade","Juzu Bracelet","Question Card","Red Mask","Dead Branch","Matryoshka","CeramicFish","Oddly Smooth Stone","Shovel","Happy Flower","Vajra","WarpedTongs"],"acts_visited":["Exordium","TheCity","TheBeyond"],"potions_floor_usage":[16,16,25,25,25,28,29,30,30,30,30,33,33,33,35,38,38,42,48,50,50],"damage_taken":[{"damage":0,"enemies":"Cultist","floor":1,"turns":2},{"damage":0,"enemies":"2 Louse","floor":2,"turns":2},{"damage":3,"enemies":"Small Slimes","floor":3,"turns":2},{"damage":9,"enemies":"2 Fungi Beasts","floor":4,"turns":3},{"damage":5,"enemies":"The Mushroom Lair","floor":14,"turns":5},{"damage":22,"enemies":"Slime Boss","floor":16,"turns":13},{"damage":18,"enemies":"Shell Parasite","floor":18,"turns":5},{"damage":15,"enemies":"Spheric Guardian","floor":19,"turns":5},{"damage":33,"enemies":"Shelled Parasite and Fungi","floor":25,"turns":6},{"damage":18,"enemies":"Centurion and Healer","floor":28,"turns":6},{"damage":0,"enemies":"Masked Bandits","floor":29,"turns":2},{"damage":13,"enemies":"Colosseum Slavers","floor":30,"turns":2},{"damage":12,"enemies":"Colosseum Nobs","floor":30,"turns":3},{"damage":61,"enemies":"Automaton","floor":33,"turns":8},{"damage":0,"enemies":"3 Shapes","floor":35,"turns":4},{"damage":42,"enemies":"2 Orb Walkers","floor":38,"turns":3},{"damage":0,"enemies":"Orb Walker","floor":41,"turns":3},{"damage":40,"enemies":"Writhing Mass","floor":42,"turns":7},{"damage":11,"enemies":"3 Darklings","floor":48,"turns":3},{"damage":60,"enemies":"Donu and Deca","floor":50,"turns":5}],"seed_played":"-1158140584492753413","potions_obtained":[{"floor":4,"key":"DistilledChaos"},{"floor":14,"key":"ColorlessPotion"},{"floor":16,"key":"Dexterity Potion"},{"floor":19,"key":"LiquidBronze"},{"floor":28,"key":"BlessingOfTheForge"},{"floor":29,"key":"Poison Potion"},{"floor":31,"key":"Ancient Potion"},{"floor":31,"key":"BlessingOfTheForge"},{"floor":31,"key":"ColorlessPotion"},{"floor":48,"key":"AttackPotion"}],"is_trial":false,"path_per_floor":["M","M","M","M","$","R","?","R","T","?","R","?","?","?","R","B",null,"M","M","?","$","$","R","?","M","T","?","M","?","?","?","R","B",null,"M","$","T","?","?","R","M","M","T","?","R","$","?","M","R","B"],"character_chosen":"THE_SILENT","items_purchased":["Toy Ornithopter","Deadly Poison","Apotheosis","Blade Dance","Swift Strike"],"campfire_rested":2,"item_purchase_floors":[5,22,36,36,46],"current_hp_per_floor":[70,70,67,58,58,58,58,58,58,58,58,47,47,42,42,30,70,52,37,37,37,37,37,37,19,19,80,78,80,68,68,68,22,80,80,80,80,43,43,43,43,8,8,8,32,32,32,26,50,0,0],"gold":43,"neow_bonus":"ONE_RANDOM_RARE_CARD","is_daily":false,"chose_seed":false,"campfire_upgraded":7,"win_rate":0.0,"timestamp":1611518360,"path_taken":["M","M","M","M","$","R","?","R","T","?","R","?","?","?","R","BOSS","M","M","?","$","$","R","?","M","T","?","M","?","?","?","R","BOSS","M","$","?","?","?","R","M","M","T","?","R","$","?","M","R","BOSS"],"items_purchased_type":["Relic","Card","Card","Card","Card"],"build_version":"2020-12-22","purchased_purges":3,"victory":false,"max_hp_per_floor":[70,70,70,70,70,70,70,70,70,70,70,70,70,70,70,70,70,70,70,70,70,70,70,70,70,70,80,80,80,80,80,80,80,80,80,80,80,80,80,80,80,80,80,80,80,80,80,80,80,80,80],"relic_stats":{"Shovel":0,"Happy Flower":[2],"counters":[20,89],"Dead Branch":[95],"CeramicFish":54,"Turnip":[29],"Juzu Bracelet":3,"Question Card":10,"obtain_stats":[{"Happy Flower":43,"Dead Branch":30,"CeramicFish":37,"Oddly Smooth Stone":37,"Vajra":43,"Juzu Bracelet":24,"EVO:Axolotl":0,"Odd Mushroom":14,"Question Card":26,"WarpedTongs":44,"Matryoshka":30,"Shovel":38,"WristBlade":17,"WingedGreaves":9,"Turnip":13,"Red Mask":29,"Toy Ornithopter":5,"Ring of the Serpent":34,"Ring of the Snake":0},{"Happy Flower":18,"Dead Branch":13,"CeramicFish":15,"Oddly Smooth Stone":15,"Vajra":18,"Juzu Bracelet":8,"EVO:Axolotl":0,"Odd Mushroom":5,"Question Card":9,"WarpedTongs":18,"Matryoshka":13,"Shovel":16,"WristBlade":6,"WingedGreaves":4,"Turnip":4,"Red Mask":11,"Toy Ornithopter":4,"Ring of the Serpent":14,"Ring of the Snake":0},{"Happy Flower":81,"Dead Branch":56,"CeramicFish":68,"Oddly Smooth Stone":68,"Vajra":81,"Juzu Bracelet":37,"EVO:Axolotl":0,"Odd Mushroom":14,"Question Card":43,"WarpedTongs":81,"Matryoshka":56,"Shovel":71,"WristBlade":27,"WingedGreaves":9,"Turnip":9,"Red Mask":51,"Toy Ornithopter":9,"Ring of the Serpent":64,"Ring of the Snake":0}],"Toy Ornithopter":85,"WarpedTongs":[7]},"card_choices":[{"not_picked":["Dagger Throw","Outmaneuver"],"picked":"Sucker Punch","floor":1},{"not_picked":["Cloak And Dagger","PiercingWail"],"picked":"Poisoned Stab","floor":2},{"not_picked":["Dash","Quick Slash"],"picked":"Leg Sweep","floor":3},{"not_picked":["Prepared","Dagger Throw"],"picked":"Backflip","floor":4},{"not_picked":["Cloak And Dagger","Prepared"],"picked":"Dash","floor":14},{"not_picked":["Glass Knife","Die Die Die"],"picked":"Corpse Explosion","floor":16},{"not_picked":["Dagger Spray","Flying Knee"],"picked":"Bane","floor":18},{"not_picked":["Underhanded Strike","Expertise"],"picked":"Venomology","floor":19},{"not_picked":["Prepared","Blade Dance"],"picked":"Calculated Gamble","floor":25},{"not_picked":["Quick Slash","PiercingWail","Outmaneuver"],"picked":"Deadly Poison","floor":28},{"not_picked":["Bane","Slice+1","Skewer"],"picked":"Blade Dance+1","floor":29},{"not_picked":["Grand Finale","Venomology","After Image"],"picked":"Storm of Steel","floor":33},{"not_picked":["Outmaneuver+1","Underhanded Strike","Well Laid Plans","Tactician+1"],"picked":"SKIP","floor":35},{"not_picked":["Sucker Punch","PiercingWail+1","Quick Slash"],"picked":"Deflect+1","floor":38},{"not_picked":["Dagger Spray","Backflip","Sucker Punch","Poisoned Stab"],"picked":"SKIP","floor":41},{"not_picked":["Tactician+1","Sucker Punch","Deflect+1"],"picked":"Storm of Steel","floor":42},{"not_picked":["Purity","Panache","Good Instincts"],"picked":"Swift Strike","floor":47},{"not_picked":["Concentrate+1","Skewer","Dagger Throw"],"picked":"PiercingWail","floor":48}],"player_experience":520659,"relics_obtained":[{"floor":9,"key":"WingedGreaves"},{"floor":14,"key":"Odd Mushroom"},{"floor":26,"key":"Question Card"},{"floor":29,"key":"Red Mask"},{"floor":30,"key":"Dead Branch"},{"floor":30,"key":"Matryoshka"},{"floor":37,"key":"CeramicFish"},{"floor":37,"key":"Oddly Smooth Stone"},{"floor":38,"key":"Shovel"},{"floor":43,"key":"Happy Flower"},{"floor":43,"key":"Vajra"}],"event_choices":[{"damage_healed":0,"gold_gain":0,"player_choice":"Ignored","damage_taken":0,"max_hp_gain":0,"max_hp_loss":0,"event_name":"Liars Game","floor":7,"gold_loss":0},{"cards_removed":["Defend_G"],"damage_healed":0,"gold_gain":0,"player_choice":"Forget","damage_taken":0,"max_hp_gain":0,"max_hp_loss":0,"event_name":"Living Wall","floor":10,"gold_loss":0},{"damage_healed":0,"gold_gain":75,"player_choice":"Gather Gold","damage_taken":11,"max_hp_gain":0,"max_hp_loss":0,"event_name":"World of Goop","floor":12,"gold_loss":0},{"damage_healed":0,"gold_gain":0,"player_choice":"Box","damage_taken":0,"relics_obtained":["Turnip"],"max_hp_gain":0,"max_hp_loss":0,"event_name":"Big Fish","floor":13,"gold_loss":0,"cards_obtained":["Regret"]},{"damage_healed":0,"gold_gain":0,"player_choice":"Fought Mushrooms","damage_taken":0,"max_hp_gain":0,"max_hp_loss":0,"event_name":"Mushrooms","floor":14,"gold_loss":0},{"damage_healed":0,"gold_gain":0,"player_choice":"Smashed Altar","damage_taken":0,"max_hp_gain":0,"max_hp_loss":0,"event_name":"Forgotten Altar","floor":20,"gold_loss":0,"cards_obtained":["Decay"]},{"damage_healed":0,"gold_gain":0,"player_choice":"Stole Relic","damage_taken":0,"relics_obtained":["Juzu Bracelet"],"max_hp_gain":0,"max_hp_loss":0,"event_name":"Addict","floor":24,"gold_loss":0,"cards_obtained":["Shame"]},{"cards_removed":["Malaise"],"damage_healed":51,"gold_gain":0,"player_choice":"Offered Rare","damage_taken":0,"max_hp_gain":10,"max_hp_loss":0,"event_name":"Bonfire Elementals","floor":27,"gold_loss":0},{"damage_healed":0,"gold_gain":0,"player_choice":"Fought Bandits","damage_taken":0,"max_hp_gain":0,"max_hp_loss":0,"event_name":"Masked Bandits","floor":29,"gold_loss":0},{"damage_healed":0,"gold_gain":0,"player_choice":"Fight","damage_taken":0,"max_hp_gain":0,"max_hp_loss":0,"event_name":"Colosseum","floor":30,"gold_loss":0},{"damage_healed":0,"gold_gain":0,"player_choice":"Fought Nobs","damage_taken":0,"max_hp_gain":0,"max_hp_loss":0,"event_name":"Colosseum","floor":30,"gold_loss":0},{"damage_healed":0,"gold_gain":0,"player_choice":"Got Potions","damage_taken":0,"max_hp_gain":0,"max_hp_loss":0,"event_name":"Lab","floor":31,"gold_loss":0},{"damage_healed":0,"gold_gain":0,"player_choice":"Fight","damage_taken":0,"max_hp_gain":0,"max_hp_loss":0,"event_name":"Mysterious Sphere","floor":38,"gold_loss":0},{"cards_removed":["Shame"],"damage_healed":0,"gold_gain":0,"player_choice":"Removed Curses","damage_taken":0,"max_hp_gain":0,"max_hp_loss":0,"event_name":"Fountain of Cleansing","floor":39,"gold_loss":0},{"damage_healed":0,"gold_gain":0,"player_choice":"Rummage","damage_taken":0,"relics_obtained":["WarpedTongs"],"max_hp_gain":0,"max_hp_loss":0,"event_name":"Accursed Blacksmith","floor":44,"gold_loss":0,"cards_obtained":["Pain"]},{"damage_healed":0,"gold_gain":0,"player_choice":"Memory 1","damage_taken":0,"max_hp_gain":0,"max_hp_loss":0,"event_name":"SensoryStone","floor":47,"gold_loss":0}],"is_beta":false,"boss_relics":[{"not_picked":["Velvet Choker","Pandora\u0027s Box"],"picked":"WristBlade"},{"not_picked":["Astrolabe","Calling Bell"],"picked":"Ring of the Serpent"}],"items_purged_floors":[21,22,46],"is_endless":false,"potions_floor_spawned":[4,14,16,19,28,29,48],"killed_by":"Donu and Deca","ascension_level":4}}