{"host":"v3mpq6flurzldi5g","time":1611511321,"event":{"mods":["AchievementEnabler","BaseMod","Colored Powertips","Highlight Path","Minty Spire (QoL Compilation)","StSLib"],"gold_per_floor":[117,40,60,75,85,85,114,114,140,152,77,88,88,107,107,206,206,225,252,270,270,270],"floor_reached":21,"language":"ENG","playtime":834,"items_purged":["Strike_B"],"score":284,"play_id":"75c6b6c3-2757-4343-8d31-f71edbb66c9a","local_time":"20210124130201","is_ascension_mode":true,"campfire_choices":[{"floor":6,"key":"REST"},{"floor":8,"key":"REST"},{"floor":13,"key":"REST"},{"floor":15,"key":"REST"}],"circlet_count":0,"master_deck":["AscendersBane","Strike_B","Strike_B","Strike_B","Defend_B","Defend_B","Defend_B","Defend_B","Zap","Dualcast","Rip and Tear","Loop","Sweeping Beam","White Noise","Static Discharge","Leap","Conserve Battery","Lockon","Buffer"],"relics":["Cracked Core","Bag of Marbles","Tiny Chest","SlaversCollar","Red Mask"],"acts_visited":["Exordium","TheCity"],"potions_floor_usage":[7,7,16,19],"damage_taken":[{"damage":19,"enemies":"Jaw Worm","floor":1,"turns":5},{"damage":2,"enemies":"2 Louse","floor":3,"turns":2},{"damage":1,"enemies":"Cultist","floor":4,"turns":3},{"damage":16,"enemies":"Red Slaver","floor":5,"turns":4},{"damage":30,"enemies":"Lagavulin","floor":7,"turns":5},{"damage":28,"enemies":"Exordium Thugs","floor":10,"turns":5},{"damage":6,"enemies":"Looter","floor":12,"turns":3},{"damage":12,"enemies":"2 Fungi Beasts","floor":14,"turns":4},{"damage":30,"enemies":"The Guardian","floor":16,"turns":7},{"damage":27,"enemies":"Spheric Guardian","floor":18,"turns":5},{"damage":24,"enemies":"Masked Bandits","floor":19,"turns":2},{"damage":6,"enemies":"3 Byrds","floor":20,"turns":3},{"damage":12,"enemies":"Snake Plant","floor":21,"turns":1}],"seed_played":"-6310378360948344702","potions_obtained":[{"floor":1,"key":"SteroidPotion"},{"floor":3,"key":"FearPotion"},{"floor":7,"key":"LiquidMemories"},{"floor":10,"key":"FocusPotion"},{"floor":18,"key":"Strength Potion"},{"floor":20,"key":"GamblersBrew"}],"is_trial":false,"path_per_floor":["M","$","M","M","M","R","E","R","T","M","$","M","R","M","R","B",null,"M","?","M","M"],"character_chosen":"DEFECT","items_purchased":["Loop"],"campfire_rested":4,"item_purchase_floors":[2],"current_hp_per_floor":[56,56,54,53,37,61,31,55,55,27,27,21,45,33,57,27,68,41,17,11,0,0],"gold":270,"neow_bonus":"TEN_PERCENT_HP_BONUS","is_daily":false,"chose_seed":false,"campfire_upgraded":0,"win_rate":0.0,"timestamp":1611511321,"path_taken":["M","$","M","M","M","R","E","R","T","M","$","M","R","M","R","BOSS","M","?","M","M"],"items_purchased_type":["Card"],"build_version":"2020-12-22","purchased_purges":1,"victory":false,"max_hp_per_floor":[82,82,82,82,82,82,82,82,82,82,82,82,82,82,82,82,82,82,82,82,82,82],"card_choices":[{"not_picked":["Stack","Skim"],"picked":"Rip and Tear","floor":1},{"not_picked":["Hello World","Double Energy"],"picked":"Sweeping Beam","floor":3},{"not_picked":["Skim","Force Field"],"picked":"White Noise","floor":4},{"not_picked":["Barrage","Rip and Tear"],"picked":"Static Discharge","floor":5},{"not_picked":["Conserve Battery","Redo"],"picked":"Leap","floor":7},{"not_picked":["Cold Snap","Hologram"],"picked":"Conserve Battery","floor":10},{"not_picked":["Melter","Redo","Creative AI"],"picked":"SKIP","floor":12},{"not_picked":["Undo","Rebound"],"picked":"Lockon","floor":14},{"not_picked":["Hyperbeam","Seek"],"picked":"Buffer","floor":16},{"not_picked":["Stack+1","Streamline","Beam Cell+1"],"picked":"SKIP","floor":18},{"not_picked":["Redo+1","Go for the Eyes","Double Energy"],"picked":"SKIP","floor":20}],"player_experience":1029352,"relics_obtained":[{"floor":7,"key":"Bag of Marbles"},{"floor":9,"key":"Tiny Chest"},{"floor":19,"key":"Red Mask"}],"event_choices":[{"damage_healed":0,"gold_gain":0,"player_choice":"Fought Bandits","damage_taken":0,"max_hp_gain":0,"max_hp_loss":0,"event_name":"Masked Bandits","floor":19,"gold_loss":0}],"is_beta":false,"boss_relics":[{"not_picked":["SacredBark","Tiny House"],"picked":"SlaversCollar"}],"items_purged_floors":[11],"is_endless":false,"potions_floor_spawned":[1,3,7,10,18,20],"killed_by":"Snake Plant","ascension_level":11}}