{"host":"rvh455abssmal91i","time":1611517011,"event":{"mods":["AchievementEnabler","Aspiration","BaseMod","Better Third Choice","BetterRewards","Colored Map","Colored Powertips","GifTheSpireLib","Gold Saver","Hermit","Highlight Path","Infinite Spire","Mimic Mod","Minty Spire (QoL Compilation)","Rare Cards Sparkle","Remove Card Discount Mod","Spikes Relics","StSLib","The Cursed","The Necromancer","The Runesmith","The Servant 0.9.4"],"gold_per_floor":[790,790,807,529,540,569,289,289,365,365,377,452,452,485,485,585,585,597,432,432,432,444,444,470,470,496,496,523,523,121,121,121,218,218,233,0,0,151,170,198,198,218,218,251,267,285,285,310,310,310],"floor_reached":51,"language":"ENG","playtime":2172,"items_purged":[],"score":1097,"play_id":"7a43045e-a4e4-48c5-a9ef-e383327b8884","local_time":"20210124143651","is_ascension_mode":true,"campfire_choices":[{"data":"Consecrate","floor":8,"key":"SMITH"},{"data":"Eruption","floor":10,"key":"SMITH"},{"floor":15,"key":"REST"},{"data":"Judgement","floor":23,"key":"SMITH"},{"data":"Protect","floor":25,"key":"SMITH"},{"data":"BattleHymn","floor":32,"key":"SMITH"},{"floor":41,"key":"REST"},{"floor":49,"key":"REST"}],"circlet_count":0,"master_deck":["Strike_P+1","Strike_P+1","Strike_P+1","Strike_P+1","Defend_P+1","Defend_P+1","Defend_P+1","Defend_P+1","Eruption+1","Vigilance","FollowUp+1","Evaluate","EmptyFist","Pray+1","Consecrate+1","BattleHymn+1","PathToVictory","Judgement+1","Conclude+1","PathToVictory","Protect+1","Defy+1","MurderousAura","Desolation+1","Sabotage+1","FastForward","Prostrate+1","Sabotage+1"],"relics":["PureWater","aspiration:Nostalgia","TheCursedMod:BlackMagic101","Bag of Marbles","Orichalcum","Ornamental Fan","Bottled Flame","infinitespire:CheckeredPen","Question Card","aspiration:ServantSkillbook","Chemical X","Runesmith:Nanobots","Eternal Feather","MiniBlackHole","PreservedInsect","Omamori","Oddly Smooth Stone","infinitespire:Lucky Rock","infinitespire:ShieldingShard","MutagenicStrength","Fusion Hammer","Red Mask","Membership Card","War Paint","Mummified Hand","Runesmith:Locket","Prayer Wheel","aspiration:TomeofQuesting","InkBottle"],"acts_visited":["Exordium","TheCity","TheBeyond"],"potions_floor_usage":[6,6,33,33,46],"damage_taken":[{"damage":0,"enemies":"Small Slimes","floor":1,"turns":4},{"damage":0,"enemies":"Cultist","floor":3,"turns":3},{"damage":0,"enemies":"2 Louse","floor":5,"turns":3},{"damage":10,"enemies":"Gremlin Nob","floor":6,"turns":4},{"damage":0,"enemies":"Large Slime","floor":11,"turns":2},{"damage":16,"enemies":"Lagavulin","floor":14,"turns":4},{"damage":15,"enemies":"Slime Boss","floor":16,"turns":7},{"damage":0,"enemies":"Chosen","floor":18,"turns":3},{"damage":0,"enemies":"Shell Parasite","floor":22,"turns":1},{"damage":0,"enemies":"Gremlin Leader","floor":24,"turns":3},{"damage":0,"enemies":"Slavers","floor":28,"turns":2},{"damage":0,"enemies":"Collector","floor":33,"turns":5},{"damage":0,"enemies":"Orb Walker","floor":35,"turns":2},{"damage":0,"enemies":"3 Shapes","floor":39,"turns":1},{"damage":0,"enemies":"Giant Head","floor":40,"turns":7},{"damage":0,"enemies":"Writhing Mass","floor":42,"turns":3},{"damage":0,"enemies":"Reptomancer","floor":44,"turns":2},{"damage":0,"enemies":"4 Shapes","floor":45,"turns":2},{"damage":0,"enemies":"Sphere and 2 Shapes","floor":46,"turns":1},{"damage":0,"enemies":"Giant Head","floor":48,"turns":4},{"damage":9,"enemies":"Time Eater","floor":50,"turns":5}],"seed_played":"-7528758575622660544","potions_obtained":[{"floor":3,"key":"ColorlessPotion"},{"floor":5,"key":"SkillPotion"},{"floor":16,"key":"DistilledChaos"},{"floor":18,"key":"BlessingOfTheForge"},{"floor":22,"key":"BottledMiracle"},{"floor":39,"key":"DuplicationPotion"},{"floor":40,"key":"Fire Potion"},{"floor":44,"key":"Explosive Potion"}],"is_trial":false,"path_per_floor":["M","?","M","$","M","E","$","R","T","R","M","?","?","E","R","B",null,"M","$","?","?","M","R","E","R","T","?","E","?","$","?","R","B",null,"M","?","?","$","M","E","R","M","T","E","M","M","?","E","R","B",null],"character_chosen":"WATCHER","items_purchased":["Bag of Marbles","EmptyFist","Pray","Ornamental Fan","BattleHymn","Chemical X","Runesmith:Nanobots","Eternal Feather","PathToVictory","infinitespire:Lucky Rock","infinitespire:ShieldingShard","Membership Card","War Paint","Mummified Hand"],"campfire_rested":3,"item_purchase_floors":[4,4,4,7,7,19,19,19,19,30,30,38,38,38],"current_hp_per_floor":[72,72,72,72,72,62,62,62,62,62,62,51,51,35,56,41,72,72,72,72,72,72,72,72,72,72,72,72,72,72,72,72,72,72,72,72,72,72,72,72,72,72,72,72,72,72,68,68,68,59],"gold":310,"neow_bonus":"NOSTALGIA","is_daily":false,"chose_seed":false,"campfire_upgraded":5,"win_rate":0.0,"timestamp":1611517011,"path_taken":["M","?","M","?","M","E","$","R","T","R","M","?","?","E","R","BOSS","M","$","?","?","M","R","E","R","T","?","E","?","$","?","R","BOSS","M","?","?","?","M","E","R","?","T","E","M","?","?","E","R","BOSS"],"items_purchased_type":["Relic","Card","Card","Relic","Card","Relic","Relic","Relic","Card","Relic","Relic","Relic","Relic","Relic"],"build_version":"2020-12-22","purchased_purges":0,"victory":true,"max_hp_per_floor":[72,72,72,72,72,72,72,72,72,72,72,72,72,72,72,72,72,72,72,72,72,72,72,72,72,72,72,72,72,72,72,72,72,72,72,72,72,72,72,72,72,72,72,72,72,72,68,68,68,68],"card_choices":[{"not_picked":["Prostrate","PathToVictory"],"picked":"FollowUp","floor":1},{"not_picked":["SashWhip","Meditate"],"picked":"Evaluate","floor":3},{"not_picked":["ClearTheMind","FlyingSleeves"],"picked":"Consecrate","floor":5},{"not_picked":["CrushJoints","FlurryOfBlows"],"picked":"FlyingSleeves","floor":6},{"not_picked":["FlurryOfBlows","Study","InnerPeace"],"picked":"SKIP","floor":11},{"not_picked":["SignatureMove","Establishment"],"picked":"PathToVictory","floor":14},{"not_picked":["Scrawl","Vault","Omniscience"],"picked":"Judgement","floor":16},{"not_picked":["Defy","ShatteredReality","TimeWarp","EmptyMind+1"],"picked":"Conclude+1","floor":18},{"not_picked":["SignatureMove","ThirdEye","ShiftingGears","EmptyBody","Read"],"picked":"SKIP","floor":22},{"not_picked":["EmptyBody","RealityMarble","Study+1","ThirdEye"],"picked":"Protect","floor":24},{"not_picked":["DoubleEdge","ShiftingGears+1","Unruled","CrushJoints"],"picked":"Defy","floor":28},{"not_picked":["ForgedInTime","Omniscience","Sunlight","DevaForm"],"picked":"MurderousAura","floor":33},{"not_picked":["EmptyFist+1","Fasting2","Ricochet+1","Revamp+1"],"picked":"Desolation+1","floor":35},{"not_picked":["TimeWarp","ShiftingGears","FlyingSleeves","MasterReality","Potential+1"],"picked":"SKIP","floor":39},{"not_picked":["FollowUp","Defy+1","CutThroughFate+1","Crescendo"],"picked":"Sabotage+1","floor":40},{"not_picked":["ReturningBlade+1","ClearTheMind","SurpressingFire+1","Snipe+1"],"picked":"FastForward","floor":42},{"not_picked":["Read+1","Misdirection","FanOfKnives","Conclude","DoubleEdge"],"picked":"SKIP","floor":44},{"not_picked":["Comet","SandsOfTime","ShatteredReality","Collapse+1"],"picked":"Prostrate+1","floor":45},{"not_picked":["Foresight","ClearTheMind","Revamp","BattleHymn+1","DoubleEdge"],"picked":"SKIP","floor":45},{"not_picked":["Starlight","Sabotage","Potential","Scrawl","Protect"],"picked":"SKIP","floor":46},{"not_picked":["Moondial","SpecialFormula","BottledTime+1","Evaluate+1","Hightail+1"],"picked":"SKIP","floor":46},{"not_picked":["Solidify","DualDimension+1","EmptyBody","Misdirection"],"picked":"Sabotage+1","floor":48}],"player_experience":169268,"relics_obtained":[{"floor":6,"key":"Orichalcum"},{"floor":9,"key":"Bottled Flame"},{"floor":13,"key":"infinitespire:CheckeredPen"},{"floor":14,"key":"Question Card"},{"floor":24,"key":"MiniBlackHole"},{"floor":26,"key":"PreservedInsect"},{"floor":28,"key":"Omamori"},{"floor":40,"key":"Runesmith:Locket"},{"floor":43,"key":"Prayer Wheel"},{"floor":44,"key":"aspiration:TomeofQuesting"},{"floor":48,"key":"InkBottle"}],"event_choices":[{"damage_healed":0,"gold_gain":0,"player_choice":"Upgraded","damage_taken":0,"max_hp_gain":0,"max_hp_loss":0,"event_name":"Upgrade Shrine","floor":2,"gold_loss":0,"cards_upgraded":["FollowUp"]},{"damage_healed":0,"gold_gain":75,"player_choice":"Gold","damage_taken":11,"max_hp_gain":0,"max_hp_loss":0,"event_name":"betterThird:BetterGoop","floor":12,"gold_loss":0},{"damage_healed":0,"gold_gain":0,"player_choice":"Simplicity","damage_taken":0,"max_hp_gain":0,"max_hp_loss":8,"event_name":"betterThird:BetterWriting","floor":20,"gold_loss":0},{"damage_healed":0,"gold_gain":0,"player_choice":"Ignored","damage_taken":0,"max_hp_gain":0,"max_hp_loss":0,"event_name":"Beggar","floor":21,"gold_loss":0},{"damage_healed":0,"gold_gain":0,"player_choice":"Ignored","damage_taken":0,"max_hp_gain":0,"max_hp_loss":0,"event_name":"Vampires","floor":27,"gold_loss":0},{"damage_healed":0,"gold_gain":0,"player_choice":"Stole Relic","damage_taken":0,"relics_obtained":["Oddly Smooth Stone"],"max_hp_gain":0,"max_hp_loss":0,"event_name":"Addict","floor":29,"gold_loss":0,"cards_obtained":["Shame"]},{"damage_healed":0,"gold_gain":0,"player_choice":"Inject Mutagens","damage_taken":0,"relics_obtained":["MutagenicStrength"],"max_hp_gain":0,"max_hp_loss":0,"event_name":"Drug Dealer","floor":31,"gold_loss":0},{"damage_healed":0,"gold_gain":0,"player_choice":"Paid","damage_taken":0,"relics_obtained":["Red Mask"],"max_hp_gain":0,"max_hp_loss":0,"event_name":"Tomb of Lord Red Mask","floor":36,"gold_loss":233},{"cards_removed":["FlyingSleeves"],"damage_healed":0,"gold_gain":0,"player_choice":"Removed Attack","damage_taken":0,"max_hp_gain":0,"max_hp_loss":0,"event_name":"Falling","floor":37,"gold_loss":0},{"damage_healed":0,"gold_gain":0,"player_choice":"Max HP","damage_taken":0,"max_hp_gain":0,"max_hp_loss":4,"event_name":"Winding Halls","floor":47,"gold_loss":0}],"is_beta":false,"boss_relics":[{"not_picked":["VioletLotus","Velvet Choker"],"picked":"aspiration:ServantSkillbook"},{"not_picked":["Black Star","aspiration:PoetsPen"],"picked":"Fusion Hammer"}],"items_purged_floors":[],"is_endless":false,"potions_floor_spawned":[3,5,16,18,22,39,40,44],"ascension_level":1}}