{"host":"5v9rfzf5qju8k9wy","time":1611461393,"event":{"mods":["Act Like it!","BaseMod","Gensokyo","GungeonMod","Hermit","Marisa£®ÏF”Í°°ƒß¿Ì…≥£©","Minty Spire (QoL Compilation)","StSLib"],"gold_per_floor":[115,115,134,144,175,175,175,190,190,200,224,254,254,265,265,362,362,374,374,99,111,111,111,125,140,164,204,204,226,243,276,276,386,386,396,396,396,140,153,153,180,180,180,220,220,248,265,265,265,265,265],"floor_reached":50,"language":"ZHS","playtime":4365,"items_purged":["DemoMod:Strike_Huntress","DemoMod:Strike_Huntress"],"score":448,"play_id":"97fadae0-4271-4f4f-9e12-28cea945c6e8","local_time":"20210124120953","is_ascension_mode":false,"campfire_choices":[{"data":"DemoMod:TableSutra","floor":6.0,"key":"SMITH"},{"data":"DemoMod:DirectionalPad","floor":13.0,"key":"SMITH"},{"data":"DemoMod:Ejector","floor":15.0,"key":"SMITH"},{"data":"DemoMod:PotionOfGunFriendShip","floor":23.0,"key":"SMITH"},{"data":"DemoMod:ManualReload","floor":28,"key":"SMITH"},{"data":"DemoMod:BlackHoleGun","floor":32,"key":"SMITH"},{"data":"DemoMod:FullFirepower","floor":40,"key":"SMITH"},{"data":"DemoMod:StickyCrossBow","floor":42,"key":"SMITH"},{"data":"1","floor":49,"key":"LIFT"}],"circlet_count":0,"master_deck":["DemoMod:Strike_Huntress","DemoMod:Defend_Huntress+1","DemoMod:Defend_Huntress+1","DemoMod:Defend_Huntress","DemoMod:Defend_Huntress","DemoMod:Roll","DemoMod:ManualReload+1","DemoMod:RustySidearm","DemoMod:CrossBow","DemoMod:TableSutra+1","DemoMod:StickyCrossBow+1","DemoMod:CombinedRifle","DemoMod:BattleInHaste","DemoMod:PracticeMakesPerfect","DemoMod:SuppressiveFire","DemoMod:PotionOfGunFriendShip+1","DemoMod:Ejector+1","DemoMod:Slinger","J.A.X.","DemoMod:HuntsMan","DemoMod:BlackHoleGun+1","DemoMod:MachoBrace","DemoMod:ProbeStrike","DemoMod:DirectionalPad","DemoMod:SAA","DemoMod:FinishedGun","DemoMod:FullFirepower+1","DemoMod:DirectionalPad+1","DemoMod:HungryBullets+1","Gensokyo:DreamlikeParadise","DemoMod:GunstockTap+1","DemoMod:TripleGun+1"],"relics":["DemoMod:Dog","NeowsBlessing","Art of War","Anchor","DemoMod:JetPack","Philosopher\u0027s Stone","DemoMod:RedGuonStone","DemoMod:WeirdEgg","DemoMod:Ammonomicon","Bag of Preparation","Red Mask","Coffee Dripper","Gensokyo:EmptyGrave","DemoMod:HoleyGrail","Girya","DemoMod:Antibody"],"acts_visited":["Exordium","TheCity","Gensokyo:Gensokyoest"],"potions_floor_usage":[27,31,31,45,45,50],"damage_taken":[{"damage":0.0,"enemies":"2 Louse","floor":1.0,"turns":1.0},{"damage":0.0,"enemies":"Small Slimes","floor":3.0,"turns":1.0},{"damage":0.0,"enemies":"Jaw Worm","floor":4.0,"turns":1.0},{"damage":0.0,"enemies":"Looter","floor":5.0,"turns":6.0},{"damage":7.0,"enemies":"Looter","floor":8.0,"turns":3.0},{"damage":0.0,"enemies":"Exordium Wildlife","floor":10.0,"turns":3.0},{"damage":0.0,"enemies":"2 Fungi Beasts","floor":11.0,"turns":5.0},{"damage":23.0,"enemies":"Lagavulin","floor":12.0,"turns":8.0},{"damage":4.0,"enemies":"Red Slaver","floor":14.0,"turns":4.0},{"damage":16.0,"enemies":"Slime Boss","floor":16.0,"turns":9.0},{"damage":11.0,"enemies":"Shell Parasite","floor":18.0,"turns":5.0},{"damage":0.0,"enemies":"3 Byrds","floor":21.0,"turns":5.0},{"damage":1.0,"enemies":"Cultist and Chosen","floor":24.0,"turns":6.0},{"damage":4.0,"enemies":"Snake Plant","floor":25.0,"turns":6.0},{"damage":0,"enemies":"3 Cultists","floor":27,"turns":4},{"damage":0,"enemies":"Centurion and Healer","floor":29,"turns":6},{"damage":16,"enemies":"Snecko","floor":30,"turns":4},{"damage":0,"enemies":"Masked Bandits","floor":31,"turns":4},{"damage":18,"enemies":"Automaton","floor":33,"turns":9},{"damage":11,"enemies":"Gensokyo:3_Boulders","floor":35,"turns":5},{"damage":0,"enemies":"Gensokyo:3_Bats","floor":39,"turns":3},{"damage":24,"enemies":"Gensokyo:3_Boulders","floor":41,"turns":4},{"damage":3,"enemies":"Gensokyo:SeedOfUnknown","floor":44,"turns":5},{"damage":44,"enemies":"Gensokyo:SeedOfUnknown","floor":45,"turns":7},{"damage":5,"enemies":"Gensokyo:SeedOfUnknown","floor":46,"turns":4},{"damage":0,"enemies":"Gensokyo:AtlasGolem","floor":47,"turns":2},{"damage":44,"enemies":"Gensokyo:Shinki","floor":50,"turns":8}],"seed_played":"-5934571135091985455","potions_obtained":[{"floor":4.0,"key":"Explosive Potion"},{"floor":8.0,"key":"Ancient Potion"},{"floor":10.0,"key":"Ancient Potion"},{"floor":11.0,"key":"Energy Potion"},{"floor":16.0,"key":"LiquidMemories"},{"floor":24.0,"key":"ColorlessPotion"},{"floor":25.0,"key":"SteroidPotion"},{"floor":30,"key":"LiquidMemories"},{"floor":31,"key":"DistilledChaos"},{"floor":41,"key":"DuplicationPotion"},{"floor":47,"key":"Energy Potion"}],"is_trial":false,"path_per_floor":["M","?","M","M","?","R","?","M","T","M","M","E","R","M","R","B",null,"M","?","$","M","?","R","M","M","T","M","R","M","M","?","R","B",null,"M","?","?","$","M","R","M","R","T","?","?","M","M","?","R","B"],"character_chosen":"HUNTRESS","items_purchased":["DemoMod:RedGuonStone","DemoMod:HuntsMan","DemoMod:HoleyGrail"],"campfire_rested":0,"item_purchase_floors":[20,20,38],"current_hp_per_floor":[70,70,70,70,70,70,56,49,49,49,49,26,26,22,22,6,70,59,59,59,59,59,59,58,54,54,54,54,54,38,38,38,20,70,59,59,59,59,65,65,41,41,41,38,38,33,33,24,24,0,0],"gold":265,"neow_bonus":"THREE_ENEMY_KILL","is_daily":false,"chose_seed":false,"campfire_upgraded":8,"win_rate":0.0,"timestamp":1611461393,"path_taken":["M","?","M","M","?","R","?","M","T","M","M","E","R","M","R","BOSS","M","?","$","M","?","R","M","M","T","M","R","M","M","?","R","BOSS","M","?","?","$","M","R","?","R","T","?","?","M","M","?","R","BOSS"],"items_purchased_type":["Relic","Card","Relic"],"build_version":"2020-12-22","purchased_purges":2,"victory":false,"max_hp_per_floor":[70,70,70,70,70,70,70,70,70,70,70,70,70,70,70,70,70,70,70,70,70,70,70,70,70,70,70,70,70,70,70,70,70,70,70,65,65,65,65,65,65,65,65,65,65,65,65,65,65,65,65],"card_choices":[{"not_picked":["DemoMod:EasyReloadBullets","DemoMod:JK47"],"picked":"DemoMod:DirectionalPad","floor":1.0},{"not_picked":["DemoMod:TeaPot","DemoMod:BattleInHaste"],"picked":"DemoMod:TableSutra","floor":3.0},{"not_picked":["DemoMod:Purify","DemoMod:PotionOfGunFriendShip"],"picked":"DemoMod:StickyCrossBow","floor":4.0},{"not_picked":["DemoMod:Camera","DemoMod:DirectionalPad"],"picked":"DemoMod:CombinedRifle","floor":5.0},{"not_picked":["DemoMod:AC15","DemoMod:CombinedRifle"],"picked":"DemoMod:BattleInHaste","floor":8.0},{"not_picked":["DemoMod:HardPowerCard","DemoMod:StickyCrossBow"],"picked":"DemoMod:PracticeMakesPerfect","floor":10.0},{"not_picked":["DemoMod:FeignSurrender","DemoMod:ConditionalReflex"],"picked":"DemoMod:SuppressiveFire","floor":11.0},{"not_picked":["DemoMod:ZorGun","DemoMod:BoxingGlove"],"picked":"DemoMod:PotionOfGunFriendShip","floor":12.0},{"not_picked":["DemoMod:MachoBrace","DemoMod:SAA"],"picked":"DemoMod:Ejector","floor":14.0},{"not_picked":["DemoMod:FullFirepower","DemoMod:BlackHoleGun"],"picked":"DemoMod:Slinger","floor":16.0},{"not_picked":["DemoMod:JK47","DemoMod:StickyCrossBow","DemoMod:AbyssalTentacle"],"picked":"SKIP","floor":18.0},{"not_picked":["DemoMod:TableSutra","DemoMod:HighKaliber"],"picked":"DemoMod:BlackHoleGun","floor":21.0},{"not_picked":["DemoMod:AC15","DemoMod:DoubleSwitch","DemoMod:PracticeMakesPerfect"],"picked":"SKIP","floor":24.0},{"not_picked":["DemoMod:Ejector","DemoMod:BalloonGun"],"picked":"DemoMod:MachoBrace","floor":25.0},{"not_picked":["DemoMod:Ejector","DemoMod:HardPowerCard+1","DemoMod:BoxingGlove"],"picked":"SKIP","floor":27},{"not_picked":["DemoMod:RadGun","DemoMod:GunstockTap+1"],"picked":"DemoMod:ProbeStrike","floor":29},{"not_picked":["DemoMod:ConditionalReflex","DemoMod:HuntsMan"],"picked":"DemoMod:DirectionalPad","floor":30},{"not_picked":["DemoMod:HardPowerCard","DemoMod:Unity"],"picked":"DemoMod:SAA","floor":31},{"not_picked":["DemoMod:BulletBore","DemoMod:BalloonGun"],"picked":"DemoMod:FinishedGun","floor":33},{"not_picked":["DemoMod:DirectionalPad+1","DemoMod:StickyCrossBow"],"picked":"DemoMod:FullFirepower","floor":35},{"not_picked":["DemoMod:JK47+1","DemoMod:GunShield"],"picked":"DemoMod:DirectionalPad+1","floor":39},{"not_picked":["DemoMod:HuntsMan+1","DemoMod:AWP","DemoMod:Ejector+1"],"picked":"SKIP","floor":41},{"not_picked":["DemoMod:TeaPot","DemoMod:SkilledReload+1"],"picked":"DemoMod:HungryBullets+1","floor":44},{"not_picked":["Gensokyo:RainbowDanmaku","Gensokyo:MorningStar"],"picked":"Gensokyo:DreamlikeParadise","floor":45},{"not_picked":["DemoMod:BattleInHaste+1","DemoMod:BSG"],"picked":"DemoMod:GunstockTap+1","floor":46},{"not_picked":["DemoMod:AC15+1","DemoMod:HungryBullets"],"picked":"DemoMod:TripleGun+1","floor":47}],"player_experience":99417,"relics_obtained":[{"floor":5.0,"key":"Art of War"},{"floor":9.0,"key":"Anchor"},{"floor":12.0,"key":"DemoMod:JetPack"},{"floor":21.0,"key":"DemoMod:WeirdEgg"},{"floor":26.0,"key":"Bag of Preparation"},{"floor":31,"key":"Red Mask"},{"floor":43,"key":"Girya"},{"floor":44,"key":"DemoMod:Antibody"}],"event_choices":[{"damage_healed":0.0,"max_hp_gain":0.0,"max_hp_loss":0.0,"gold_gain":0.0,"event_name":"Liars Game","player_choice":"Ignored","floor":2.0,"gold_loss":0.0,"damage_taken":0.0},{"damage_healed":0.0,"max_hp_gain":0.0,"max_hp_loss":0.0,"gold_gain":0.0,"event_name":"Shining Light","player_choice":"Entered Light","floor":7.0,"gold_loss":0.0,"damage_taken":14.0,"cards_upgraded":["DemoMod:Defend_Huntress","DemoMod:Defend_Huntress"]},{"damage_healed":0.0,"max_hp_gain":0.0,"max_hp_loss":0.0,"gold_gain":0.0,"event_name":"Drug Dealer","player_choice":"Obtain J.A.X.","floor":19.0,"gold_loss":0.0,"damage_taken":0.0,"cards_obtained":["J.A.X."]},{"damage_healed":0,"gold_gain":0,"player_choice":"Fought Bandits","damage_taken":0,"max_hp_gain":0,"max_hp_loss":0,"event_name":"Masked Bandits","floor":31,"gold_loss":0}],"is_beta":false,"boss_relics":[{"not_picked":["Runic Pyramid","Runic Dome"],"picked":"Philosopher\u0027s Stone"},{"not_picked":["Calling Bell","SacredBark"],"picked":"Coffee Dripper"}],"items_purged_floors":[20,38],"is_endless":false,"potions_floor_spawned":[4,8,10,11,16,24,25,30,31,41,47],"killed_by":"Gensokyo:Shinki","ascension_level":0}}