{"host":"aqym1xxr3lb31d9m","time":1611483650,"event":{"mods":["BaseMod","Block Reminder","Colored Map","Colored Powertips","DeckTracker","Highlight Path","Minty Spire (QoL Compilation)","Quick Restart","Random Character Button","StSLib","SuperFastMode","UnlockEverythingMod"],"gold_per_floor":[115,115,115,40,60,60,89,100,123,123,156,156,173,16,16,90,90,103,116,116,133,58,58,76,76,155,170,170,170],"floor_reached":28,"language":"JPN","playtime":974,"items_purged":["Pain"],"score":506,"play_id":"9a7dd6d4-eb89-4222-9d4b-24fa2018d5aa","local_time":"20210124192050","is_ascension_mode":true,"campfire_choices":[{"data":"Sunder","floor":6,"key":"SMITH"},{"data":"Cold Snap","floor":12,"key":"SMITH"},{"data":"Recycle","floor":15,"key":"SMITH"},{"data":"Biased Cognition","floor":23,"key":"SMITH"},{"data":"Defragment","floor":25,"key":"SMITH"}],"circlet_count":0,"master_deck":["AscendersBane","Strike_B","Strike_B","Strike_B","Defend_B","Defend_B","Defend_B","Defend_B","Zap+1","Dualcast+1","Sunder+1","Cold Snap+1","Hello World","FTL","Machine Learning","Auto Shields","Self Repair","Recycle+1","Consume","Static Discharge","Steam Power","Biased Cognition+1","Cold Snap","Defragment+1","Cold Snap","Hologram","Defragment"],"relics":["Cracked Core","NeowsBlessing","Anchor","War Paint","Art of War","Orrery","Coffee Dripper","WarpedTongs","White Beast Statue"],"acts_visited":["Exordium","TheCity"],"potions_floor_usage":[11,16,27,28],"damage_taken":[{"damage":0,"enemies":"Small Slimes","floor":1,"turns":1},{"damage":0,"enemies":"Jaw Worm","floor":5,"turns":1},{"damage":0,"enemies":"Lagavulin","floor":7,"turns":1},{"damage":0,"enemies":"Cultist","floor":8,"turns":2},{"damage":5,"enemies":"3 Sentries","floor":11,"turns":3},{"damage":11,"enemies":"2 Fungi Beasts","floor":13,"turns":3},{"damage":43,"enemies":"The Guardian","floor":16,"turns":9},{"damage":3,"enemies":"Spheric Guardian","floor":18,"turns":4},{"damage":8,"enemies":"Chosen","floor":19,"turns":5},{"damage":19,"enemies":"Centurion and Healer","floor":21,"turns":6},{"damage":23,"enemies":"Snake Plant","floor":24,"turns":4},{"damage":0,"enemies":"Sentry and Sphere","floor":27,"turns":4},{"damage":37,"enemies":"Shelled Parasite and Fungi","floor":28,"turns":3}],"seed_played":"-3663785628302352067","potions_obtained":[{"floor":1,"key":"ColorlessPotion"},{"floor":7,"key":"Strength Potion"},{"floor":11,"key":"PotionOfCapacity"},{"floor":19,"key":"PowerPotion"},{"floor":27,"key":"SteroidPotion"}],"is_trial":false,"path_per_floor":["M","?","?","?","M","R","E","M","T","$","E","R","M","$","R","B",null,"M","M","?","M","$","R","M","R","T","M","M"],"character_chosen":"DEFECT","items_purchased":["Orrery"],"campfire_rested":0,"item_purchase_floors":[14],"current_hp_per_floor":[64,69,69,69,69,69,69,69,69,69,64,64,53,53,53,17,61,65,64,64,52,52,52,36,36,36,36,0,0],"gold":170,"neow_bonus":"THREE_ENEMY_KILL","is_daily":false,"chose_seed":false,"campfire_upgraded":5,"win_rate":0.0,"timestamp":1611483650,"path_taken":["M","?","?","?","M","R","E","M","T","$","E","R","M","$","R","BOSS","M","M","?","M","$","R","?","R","T","M","M"],"items_purchased_type":["Relic"],"build_version":"2020-12-22","purchased_purges":1,"victory":false,"max_hp_per_floor":[71,76,76,76,76,76,76,76,76,76,76,76,76,76,76,76,76,76,76,76,76,76,76,76,76,76,76,76,76],"card_choices":[{"not_picked":["Hello World","Hologram"],"picked":"Sunder","floor":1},{"not_picked":["Genetic Algorithm","Redo"],"picked":"Cold Snap","floor":5},{"not_picked":["Leap","Static Discharge"],"picked":"Hello World","floor":7},{"not_picked":["Coolheaded","Turbo"],"picked":"FTL","floor":8},{"not_picked":["Heatsinks","Barrage"],"picked":"Machine Learning","floor":11},{"not_picked":["Turbo","Cold Snap"],"picked":"Auto Shields","floor":13},{"not_picked":["Sweeping Beam","Stack"],"picked":"Self Repair","floor":14},{"not_picked":["Stack","Beam Cell"],"picked":"Recycle","floor":14},{"not_picked":["Force Field","Sweeping Beam"],"picked":"Consume","floor":14},{"not_picked":["Rebound","Compile Driver"],"picked":"Static Discharge","floor":14},{"not_picked":["Reprogram","Storm"],"picked":"Steam Power","floor":14},{"not_picked":["Buffer","Rainbow"],"picked":"Biased Cognition","floor":16},{"not_picked":["Streamline","Redo"],"picked":"Cold Snap","floor":18},{"not_picked":["Barrage","Go for the Eyes"],"picked":"Defragment","floor":19},{"not_picked":["Force Field","Steam"],"picked":"Cold Snap","floor":21},{"not_picked":["Sweeping Beam","Go for the Eyes"],"picked":"Hologram","floor":24},{"not_picked":["Leap","Turbo"],"picked":"Defragment","floor":27}],"player_experience":4011829,"relics_obtained":[{"floor":7,"key":"Anchor"},{"floor":9,"key":"War Paint"},{"floor":11,"key":"Art of War"},{"floor":26,"key":"White Beast Statue"}],"event_choices":[{"damage_healed":0,"gold_gain":0,"player_choice":"Donut","damage_taken":0,"max_hp_gain":5,"max_hp_loss":0,"event_name":"Big Fish","floor":2,"gold_loss":0},{"damage_healed":0,"gold_gain":0,"player_choice":"Ignored","damage_taken":0,"max_hp_gain":0,"max_hp_loss":0,"event_name":"Shining Light","floor":3,"gold_loss":0},{"cards_removed":["Strike_B"],"damage_healed":0,"gold_gain":0,"player_choice":"Card Removal","damage_taken":0,"max_hp_gain":0,"max_hp_loss":0,"event_name":"The Cleric","floor":4,"gold_loss":75},{"damage_healed":0,"gold_gain":0,"player_choice":"Rummage","damage_taken":0,"relics_obtained":["WarpedTongs"],"max_hp_gain":0,"max_hp_loss":0,"event_name":"Accursed Blacksmith","floor":20,"gold_loss":0,"cards_obtained":["Pain"]}],"is_beta":false,"boss_relics":[{"not_picked":["Astrolabe","Sozu"],"picked":"Coffee Dripper"}],"items_purged_floors":[22],"is_endless":false,"potions_floor_spawned":[1,7,11,19,27],"killed_by":"Shelled Parasite and Fungi","ascension_level":20}}