{"host":"ywif2ugnepgiw45s","time":1611500902,"event":{"mods":["Act Like it!","BaseMod","Better Skull","Downfall","Elementarium","GifTheSpireLib","Hermit","Marisa????????","Minty Spire (QoL Compilation)","READ ME - Guardian Mod","Replay The Spire","Shade Mod","Shop Mod","StSLib","The Cursed","The Jungle","The Runesmith","The Servant 0.9.4"],"gold_per_floor":[0,14,33,51,51,36,59,59,88,142,160,260,60,45,57,57,57,57],"floor_reached":16,"language":"ENG","playtime":724,"items_purged":[],"score":100,"play_id":"2b5d57a5-99c3-4581-8668-f83f806d0924","local_time":"20210124100822","is_ascension_mode":false,"campfire_choices":[{"floor":1,"key":"DIG"},{"floor":8,"key":"RECALL"},{"data":"bronze:Mutator","floor":13,"key":"SMITH"}],"circlet_count":0,"master_deck":["bronze:Strike","bronze:Strike","bronze:Strike","bronze:Strike","bronze:Defend","bronze:Defend","bronze:Defend","bronze:Defend","bronze:Replicate","bronze:Goto","bronze:Mutator+1","bronze:Repair","bronze:BronzeOrb","bronze:Boost","bronze:DarkDash","bronze:Flail"],"relics":["bronze:BronzeCore","Mango","bronze:BottledCode","Omamori","Simple Rune","downfall:HeartBlessingGreen","downfall:HeartBlessingRed"],"acts_visited":["Exordium"],"potions_floor_usage":[],"damage_taken":[{"damage":14,"enemies":"Small Slimes","floor":2,"turns":4},{"damage":6,"enemies":"Jaw Worm","floor":3,"turns":5},{"damage":0,"enemies":"Cultist","floor":4,"turns":4},{"damage":1,"enemies":"downfall:FleeingMerchant","floor":6,"turns":4},{"damage":51,"enemies":"3 Sentries","floor":9,"turns":13},{"damage":0,"enemies":"Blue Slaver","floor":11,"turns":5},{"damage":0,"enemies":"downfall:FleeingMerchant","floor":14,"turns":4},{"damage":2,"enemies":"Large Slime","floor":15,"turns":7},{"damage":30,"enemies":"DF_ARCHETYPE_STREAMLINE","floor":16,"turns":4}],"seed_played":"-609475598748808845","potions_obtained":[{"floor":4,"key":"SpeedPotion"},{"floor":11,"key":"FearPotion"},{"floor":15,"key":"SpeedPotion"}],"is_trial":false,"path_per_floor":["R","M","M","M","?","$","T","R","E","T","M","?","R","$","M","B"],"character_chosen":"THE_AUTOMATON","items_purchased":[],"campfire_rested":0,"item_purchase_floors":[],"current_hp_per_floor":[84,70,71,78,74,73,73,73,23,23,23,23,23,23,28,0,0,0],"gold":57,"neow_bonus":"THREE_RARE_CARDS","is_daily":false,"chose_seed":false,"campfire_upgraded":1,"win_rate":0.0,"timestamp":1611500902,"path_taken":["R","M","M","M","?","$","T","R","E","?","?","?","R","$","M","BOSS"],"items_purchased_type":[],"build_version":"2020-12-22","purchased_purges":0,"victory":false,"max_hp_per_floor":[84,84,84,84,74,74,74,74,74,74,74,74,74,74,74,74,74,74],"card_choices":[{"not_picked":["bronze:HardenedForm","bronze:FindAndReplace"],"picked":"bronze:Mutator","floor":0},{"not_picked":["bronze:BuggyMess","bronze:Optimize"],"picked":"bronze:Repair","floor":2},{"not_picked":["bronze:Deprecate","bronze:Turbo","bronze:DelayedGuard"],"picked":"SKIP","floor":3},{"not_picked":["bronze:Deprecate","bronze:CutThrough"],"picked":"bronze:BronzeOrb","floor":4},{"not_picked":["bronze:DelayedGuard","bronze:Branch"],"picked":"bronze:Boost","floor":6},{"not_picked":["bronze:Invalidate","bronze:Virus"],"picked":"bronze:DarkDash","floor":9},{"not_picked":["bronze:DigitalCarnage","bronze:Boost"],"picked":"bronze:Flail","floor":11},{"not_picked":["bronze:ClassDefault","bronze:Branch","bronze:FineTuning"],"picked":"SKIP","floor":14},{"not_picked":["bronze:Deprecate","bronze:Turbo","bronze:Optimize"],"picked":"SKIP","floor":15}],"player_experience":1738100,"relics_obtained":[{"floor":1,"key":"Mango"},{"floor":7,"key":"Omamori"},{"floor":9,"key":"Simple Rune"}],"event_choices":[],"is_beta":false,"boss_relics":[],"items_purged_floors":[],"is_endless":false,"potions_floor_spawned":[4,11,15],"killed_by":"DF_ARCHETYPE_STREAMLINE","ascension_level":0}}