{"host":"0ricjaa7rfq9v76t","time":1611478428,"event":{"mods":["AchievementEnabler","Aspiration","BaseMod","Better Vampires","BetterRewards","Colored Powertips","Downfall","Highlight Path","Hubris","Infinite Spire","Minty Spire (QoL Compilation)","Quick Restart","Rare Cards Sparkle","Relic Sorter","Replay The Spire","StSLib","SuperFastMode","Synergy Search","The Cursed","The Disciple","The Jungle","The Marked","The Runesmith","Uncapped"],"gold_per_floor":[119,138,158,171,185,185,185,185,185,110,127,9,23,23,23,122,122,141,160,160,177,177,177,196,227,251,251,11,26,26,26,26,123,123,141,51,62,62,62,62],"floor_reached":39,"language":"ENG","playtime":2260,"items_purged":["Hallucinations","Strike_B"],"score":393,"play_id":"362728a7-5c91-4650-ba98-12a7c7d9c48e","local_time":"20210124165348","is_ascension_mode":false,"campfire_choices":[{"data":"Ball Lightning","floor":6,"key":"SMITH"},{"data":"FIFO Queue","floor":8,"key":"SMITH"},{"data":"Zap","floor":15,"key":"SMITH"},{"floor":23,"key":"REST"},{"floor":27,"key":"REST"},{"floor":30,"key":"REST"},{"floor":32,"key":"REST"}],"circlet_count":0,"master_deck":["Strike_B","Strike_B","Strike_B","Defend_B","Defend_B","Defend_B","Defend_B","Zap+1","Dualcast","Reinforced Body","Ball Lightning+1","Conserve Battery","FIFO Queue+1","Compile Driver","Heatsinks","aspiration:Polymerization","Scrape","Electrodynamics","Storm","infinitespire:Gouge+1","Turbo+1","hubris:Ukulele","Echo Form"],"relics":["Cracked Core","NeowsBlessing","hubris:CuriousFeather","infinitespire:Freezer","MutagenicStrength","Juzu Bracelet","Replay:Antivirus Software","Bottled Tornado","sneckomod:BabySnecko","aspiration:IroncladSkillbook"],"acts_visited":["Exordium","TheCity","TheBeyond"],"potions_floor_usage":[16,16,16,25,33,35,39,39],"damage_taken":[{"damage":0,"enemies":"Cultist","floor":1,"turns":1},{"damage":0,"enemies":"2 Louse","floor":2,"turns":1},{"damage":0,"enemies":"Jaw Worm","floor":3,"turns":1},{"damage":0,"enemies":"Exordium Thugs","floor":4,"turns":5},{"damage":8,"enemies":"Looter","floor":5,"turns":3},{"damage":1,"enemies":"Large Slime","floor":11,"turns":6},{"damage":12,"enemies":"Lots of Slimes","floor":13,"turns":4},{"damage":39,"enemies":"Fading Forest","floor":16,"turns":11},{"damage":14,"enemies":"Shell Parasite","floor":18,"turns":5},{"damage":15,"enemies":"Spheric Guardian","floor":19,"turns":4},{"damage":24,"enemies":"Snake Plant","floor":21,"turns":5},{"damage":12,"enemies":"Shelled Parasite and Fungi","floor":24,"turns":7},{"damage":16,"enemies":"Gremlin Leader","floor":25,"turns":5},{"damage":12,"enemies":"Centurion and Healer","floor":29,"turns":6},{"damage":22,"enemies":"Automaton","floor":33,"turns":7},{"damage":19,"enemies":"3 Darklings","floor":35,"turns":4},{"damage":9,"enemies":"Orb Walker","floor":37,"turns":2},{"damage":32,"enemies":"infinitespire:Three Voidlings","floor":39,"turns":4},{"damage":36,"enemies":"Nightmare_Alpha","floor":39,"turns":7}],"seed_played":"-2004563969800398457","potions_obtained":[{"floor":1,"key":"DistilledChaos"},{"floor":5,"key":"Explosive Potion"},{"floor":11,"key":"Reflective Coating"},{"floor":19,"key":"CultistPotion"},{"floor":21,"key":"Swift Potion"},{"floor":24,"key":"Elixir"},{"floor":29,"key":"Flashbang"},{"floor":33,"key":"EssenceOfSteel"},{"floor":37,"key":"Adrenaline Potion"}],"is_trial":false,"path_per_floor":["M","M","M","M","M","R","?","R","T","$","M","$","M","$","R","B",null,"M","M","AVR","M","?","R","M","E","T","R","$","M","R","?","R","B",null,"M","?","M","$","?"],"character_chosen":"DEFECT","items_purchased":["Heatsinks","aspiration:Polymerization","Bottled Tornado"],"campfire_rested":4,"item_purchase_floors":[12,12,28],"current_hp_per_floor":[75,75,75,75,67,67,67,67,67,67,66,66,54,54,54,37,75,61,46,46,22,22,44,32,16,16,38,38,26,48,48,70,48,75,60,60,55,55,0,0],"gold":62,"neow_bonus":"THREE_ENEMY_KILL","is_daily":false,"chose_seed":false,"campfire_upgraded":3,"win_rate":0.0,"timestamp":1611478428,"path_taken":["M","M","?","?","M","R","?","R","T","?","?","$","M","$","R","BOSS","M","M","AVR","M","?","R","M","E","T","R","$","M","R","?","R","BOSS","M","?","M","$","?"],"items_purchased_type":["Card","Card","Relic"],"build_version":"2020-12-22","purchased_purges":2,"victory":false,"max_hp_per_floor":[75,75,75,75,75,75,75,75,75,75,75,75,75,75,75,75,75,75,75,75,75,75,75,75,75,75,75,75,75,75,75,75,75,75,75,75,75,75,75,75],"card_choices":[{"not_picked":["Go for the Eyes","Chill"],"picked":"Reinforced Body","floor":1},{"not_picked":["Barrage","Hologram"],"picked":"Ball Lightning","floor":2},{"not_picked":["Fusion","Doom and Gloom"],"picked":"Conserve Battery","floor":3},{"not_picked":["Stack","Glacier"],"picked":"FIFO Queue","floor":4},{"not_picked":["ReplaySolidLightProjector","Sweeping Beam","BasicCrystalCard"],"picked":"SKIP","floor":5},{"not_picked":["Steam","Redo","Conserve Battery"],"picked":"SKIP","floor":11},{"not_picked":["Time Bomb","Panic Button"],"picked":"Scrape","floor":13},{"not_picked":["hubris:DoWhile","Rainbow"],"picked":"Electrodynamics","floor":16},{"not_picked":["Reinforced Body+1","Beam Cell","Go for the Eyes+1"],"picked":"SKIP","floor":18},{"not_picked":["Static Discharge","Redo"],"picked":"Storm","floor":19},{"not_picked":["Sweeping Beam","Chaos","Cold Snap"],"picked":"SKIP","floor":21},{"not_picked":["Hologram","ReplayTheSpireMod:Reroute Power","Conserve Battery"],"picked":"SKIP","floor":24},{"not_picked":["Melter","Ball Lightning+1"],"picked":"Turbo+1","floor":25},{"not_picked":["ReplayTheSpireMod:Repulse+1","Compile Driver+1"],"picked":"hubris:Ukulele","floor":29},{"not_picked":["ReplayTheSpireMod:Omega Cannon","Reboot"],"picked":"Echo Form","floor":33},{"not_picked":["Ball Lightning","Pommel Strike","Dual Wield+1","Hologram"],"picked":"SKIP","floor":35},{"not_picked":["Streamline+1","Metallicize","Sunder","Compile Driver+1"],"picked":"SKIP","floor":37}],"player_experience":207591,"relics_obtained":[{"floor":9,"key":"hubris:CuriousFeather"},{"floor":25,"key":"Juzu Bracelet"},{"floor":26,"key":"Replay:Antivirus Software"}],"event_choices":[{"damage_healed":0,"gold_gain":0,"player_choice":"2 cards matched","damage_taken":0,"max_hp_gain":0,"max_hp_loss":0,"event_name":"Match and Keep!","floor":7,"gold_loss":0,"cards_obtained":["Compile Driver","Hallucinations"]},{"damage_healed":0,"gold_gain":0,"player_choice":"Inject Mutagens","damage_taken":0,"relics_obtained":["MutagenicStrength"],"max_hp_gain":0,"max_hp_loss":0,"event_name":"Drug Dealer","floor":22,"gold_loss":0},{"cards_removed":["downfall:Bewildered"],"damage_healed":0,"gold_gain":0,"player_choice":"Upgrade and Remove","damage_taken":0,"max_hp_gain":0,"max_hp_loss":0,"event_name":"Designer","floor":36,"gold_loss":90,"cards_upgraded":["infinitespire:Gouge"]}],"is_beta":false,"boss_relics":[{"not_picked":["Velvet Choker","Snecko Eye","Cursed Key"]},{"not_picked":["Tiny House","Replay:Drink Me"],"picked":"aspiration:IroncladSkillbook"}],"items_purged_floors":[10,20],"is_endless":false,"potions_floor_spawned":[1,5,11,13,19,21,24,29,33,37,39],"killed_by":"Nightmare_Alpha","ascension_level":0}}