{"host":"6xsbn6ynqlzwllfm","time":1611516849,"event":{"mods":["2.2 Compatiblity","BaseMod","Bestiary","Colored Map","Colored Powertips","Curses Come First","Highlight Path","Keyboard Shortcuts","Minty Spire (QoL Compilation)","Relic Stats","Slay the Relics Exporter","StSLib","SuperFastMode"],"gold_per_floor":[116,136,206,56,56,83,83,58,58,58,71,71,100,100,100,100,100],"floor_reached":16,"language":"ENG","playtime":503,"items_purged":["Strike_R"],"score":212,"play_id":"d768f5a5-657d-469e-bba6-4f0c9b559d34","local_time":"20210124143409","is_ascension_mode":true,"campfire_choices":[{"data":"Feed","floor":7,"key":"SMITH"},{"data":"Dark Embrace","floor":10,"key":"SMITH"},{"data":"Pommel Strike","floor":12,"key":"SMITH"},{"floor":15,"key":"REST"}],"circlet_count":0,"master_deck":["AscendersBane","Strike_R","Strike_R","Defend_R","Defend_R","Defend_R","Bash","Clothesline","Dark Embrace+1","Metallicize","Clothesline","Feed+1","Pommel Strike+1","Feel No Pain","Spot Weakness"],"relics":["Empty Cage","Gremlin Horn","Kunai","Matryoshka"],"acts_visited":["Exordium"],"potions_floor_usage":[6,11],"damage_taken":[{"damage":6,"enemies":"2 Louse","floor":1,"turns":4},{"damage":11,"enemies":"Jaw Worm","floor":2,"turns":4},{"damage":18,"enemies":"Gremlin Nob","floor":6,"turns":4},{"damage":1,"enemies":"Cultist","floor":11,"turns":3},{"damage":30,"enemies":"Lagavulin","floor":13,"turns":10},{"damage":40,"enemies":"Slime Boss","floor":16,"turns":8}],"seed_played":"2308423603107282415","potions_obtained":[{"floor":1,"key":"DuplicationPotion"},{"floor":6,"key":"AttackPotion"}],"is_trial":false,"path_per_floor":["M","M","?","$","?","E","R","$","T","R","M","R","E","?","R","B"],"character_chosen":"IRONCLAD","items_purchased":["Metallicize","Pommel Strike"],"campfire_rested":1,"item_purchase_floors":[4,8],"current_hp_per_floor":[62,51,51,51,51,33,33,33,33,33,36,36,10,10,34,0,0],"gold":100,"neow_bonus":"BOSS_RELIC","is_daily":false,"chose_seed":false,"campfire_upgraded":3,"win_rate":0.0,"timestamp":1611516849,"path_taken":["M","M","?","$","?","E","R","$","T","R","M","R","E","?","R","BOSS"],"items_purchased_type":["Card","Card"],"build_version":"2020-12-22","purchased_purges":1,"victory":false,"max_hp_per_floor":[75,75,75,75,75,75,75,75,75,75,79,79,83,83,83,83,83],"relic_stats":{"Gremlin Horn":[0,0],"counters":[6,33],"Kunai":[2],"obtain_stats":[{"Matryoshka":13,"Gremlin Horn":6,"Kunai":9,"Empty Cage":0,"Burning Blood":0},{"Matryoshka":5,"Gremlin Horn":3,"Kunai":3,"Empty Cage":0,"Burning Blood":0},{"Matryoshka":25,"Gremlin Horn":12,"Kunai":12,"Empty Cage":0,"Burning Blood":0}]},"card_choices":[{"not_picked":["Second Wind","Heavy Blade"],"picked":"Clothesline","floor":1},{"not_picked":["Havoc","Shockwave"],"picked":"Dark Embrace","floor":2},{"not_picked":["Iron Wave","Clash"],"picked":"Feed","floor":6},{"not_picked":["Shrug It Off","Battle Trance"],"picked":"Feel No Pain","floor":11},{"not_picked":["Shockwave","Clothesline"],"picked":"Spot Weakness","floor":13}],"player_experience":1110724,"relics_obtained":[{"floor":6,"key":"Gremlin Horn"},{"floor":9,"key":"Kunai"},{"floor":13,"key":"Matryoshka"}],"event_choices":[{"damage_healed":0,"gold_gain":70,"player_choice":"Gained Gold","damage_taken":0,"max_hp_gain":0,"max_hp_loss":0,"event_name":"Golden Wing","floor":3,"gold_loss":0},{"damage_healed":0,"gold_gain":0,"cards_transformed":["Strike_R"],"player_choice":"Change","damage_taken":0,"max_hp_gain":0,"max_hp_loss":0,"event_name":"Living Wall","floor":5,"gold_loss":0,"cards_obtained":["Clothesline"]},{"damage_healed":0,"gold_gain":0,"player_choice":"Searched \u00270\u0027 times","damage_taken":0,"max_hp_gain":0,"max_hp_loss":0,"event_name":"Dead Adventurer","floor":14,"gold_loss":0}],"is_beta":false,"boss_relics":[],"items_purged_floors":[4],"is_endless":false,"potions_floor_spawned":[1,6],"killed_by":"Slime Boss","ascension_level":20}}