{"host":"1tl36azeqm6yhdgj","time":1611530181,"event":{"mods":["AchievementEnabler","BaseMod","Minty Spire (QoL Compilation)","StSLib","The IronCluck","everything is the same but u backflip on backflip"],"gold_per_floor":[113,37,37,37,47,47,74,74,119,152,166,5,25,56,56,131,131,149,74,74,90,90,90,125,140,191,191,191],"floor_reached":27,"language":"ENG","playtime":800,"items_purged":["Barricade"],"score":508,"play_id":"9554a6e4-5b8e-4ee8-9076-0959a2ac5135","local_time":"20210124181621","is_ascension_mode":true,"campfire_choices":[{"data":"Thunderclap","floor":6.0,"key":"SMITH"},{"data":"Bash","floor":8.0,"key":"SMITH"},{"floor":15.0,"key":"REST"},{"floor":23.0,"key":"REST"}],"circlet_count":0,"master_deck":["AscendersBane","Bash+1","Fire Breathing","Disarm","Thunderclap+1","Reaper","Shockwave","Dark Embrace","Headbutt","Burning Pact","Feed","Pummel","Cleave","Metallicize","Perfected Strike","Entrench","Barricade","Flex","Bludgeon","Uppercut","Decay","Rage"],"relics":["Burning Blood","NeowsBlessing","Ancient Tea Set","Whetstone","Gambling Chip","Red Skull","Vajra","Pandora\u0027s Box","Red Mask","PreservedInsect"],"acts_visited":["Exordium","TheCity"],"potions_floor_usage":[],"damage_taken":[{"damage":0.0,"enemies":"Jaw Worm","floor":1.0,"turns":1.0},{"damage":0.0,"enemies":"Small Slimes","floor":5.0,"turns":1.0},{"damage":0.0,"enemies":"Lagavulin","floor":7.0,"turns":1.0},{"damage":43.0,"enemies":"3 Sentries","floor":10.0,"turns":5.0},{"damage":1.0,"enemies":"Cultist","floor":11.0,"turns":4.0},{"damage":16.0,"enemies":"Red Slaver","floor":13.0,"turns":5.0},{"damage":48.0,"enemies":"Gremlin Nob","floor":14.0,"turns":5.0},{"damage":54.0,"enemies":"The Guardian","floor":16.0,"turns":15.0},{"damage":30.0,"enemies":"Spheric Guardian","floor":18.0,"turns":5.0},{"damage":39.0,"enemies":"Shell Parasite","floor":21.0,"turns":5.0},{"damage":49.0,"enemies":"Masked Bandits","floor":24.0,"turns":4.0},{"damage":12.0,"enemies":"Snecko","floor":25.0,"turns":4.0},{"damage":30,"enemies":"Book of Stabbing","floor":27,"turns":2}],"seed_played":"7638982444563542271","potions_obtained":[{"floor":5.0,"key":"Dexterity Potion"},{"floor":10.0,"key":"Strength Potion"},{"floor":13.0,"key":"PowerPotion"},{"floor":14.0,"key":"Fire Potion"},{"floor":16.0,"key":"SkillPotion"},{"floor":24.0,"key":"Weak Potion"}],"is_trial":false,"path_per_floor":["M","$","?","?","M","R","E","R","T","E","M","$","M","E","R","B",null,"M","$","?","M","?","R","?","M","T","E"],"character_chosen":"IRONCLAD","items_purchased":["Disarm","Red Skull"],"campfire_rested":2,"item_purchase_floors":[2,12],"current_hp_per_floor":[74,74,79,79,80,80,80,80,80,55,66,66,62,26,50,14,64,49,49,49,16,16,40,15,21,21,0,0],"gold":191,"neow_bonus":"THREE_ENEMY_KILL","is_daily":false,"chose_seed":false,"campfire_upgraded":2,"win_rate":0.0,"timestamp":1611530181,"path_taken":["M","$","?","?","?","R","E","R","T","E","M","?","M","E","R","BOSS","M","$","?","?","?","R","?","M","T","E"],"items_purchased_type":["Card","Relic"],"build_version":"2020-12-22","purchased_purges":1,"victory":false,"max_hp_per_floor":[75,75,80,80,80,80,80,80,80,80,80,80,80,80,80,80,80,80,80,80,80,80,80,80,80,80,80,80],"card_choices":[{"not_picked":["Pommel Strike","Anger"],"picked":"Fire Breathing","floor":1.0},{"not_picked":["Heavy Blade","Perfected Strike"],"picked":"Thunderclap","floor":5.0},{"not_picked":["Fiend Fire","Inflame"],"picked":"Reaper","floor":7.0},{"not_picked":["Rage","Wild Strike"],"picked":"Shockwave","floor":10.0},{"not_picked":["Perfected Strike","Wild Strike"],"picked":"Dark Embrace","floor":11.0},{"not_picked":["Sever Soul","Havoc"],"picked":"Headbutt","floor":13.0},{"not_picked":["Clash","Blood for Blood"],"picked":"Burning Pact","floor":14.0},{"not_picked":["Bludgeon","Exhume"],"picked":"Feed","floor":16.0},{"not_picked":["Dual Wield","Sever Soul","Clothesline"],"picked":"SKIP","floor":18.0},{"not_picked":["Sever Soul+1","Combust"],"picked":"Uppercut","floor":21.0},{"not_picked":["Thunderclap","Perfected Strike"],"picked":"Rage","floor":25.0}],"player_experience":2030197,"relics_obtained":[{"floor":7.0,"key":"Ancient Tea Set"},{"floor":9.0,"key":"Whetstone"},{"floor":10.0,"key":"Gambling Chip"},{"floor":14.0,"key":"Vajra"},{"floor":24.0,"key":"Red Mask"},{"floor":26.0,"key":"PreservedInsect"}],"event_choices":[{"damage_healed":0.0,"max_hp_gain":5.0,"max_hp_loss":0.0,"gold_gain":0.0,"event_name":"Big Fish","player_choice":"Donut","floor":3.0,"gold_loss":0.0,"damage_taken":0.0},{"cards_removed":["Strike_R"],"damage_healed":0.0,"max_hp_gain":0.0,"max_hp_loss":0.0,"gold_gain":0.0,"event_name":"Bonfire Elementals","player_choice":"Offered Basic","floor":4.0,"gold_loss":0.0,"damage_taken":0.0},{"damage_healed":0.0,"max_hp_gain":0.0,"max_hp_loss":0.0,"gold_gain":0.0,"event_name":"Match and Keep!","player_choice":"1 cards matched","floor":20.0,"gold_loss":0.0,"damage_taken":0.0,"cards_obtained":["Bludgeon"]},{"damage_healed":0.0,"max_hp_gain":0.0,"max_hp_loss":0.0,"gold_gain":0.0,"event_name":"Forgotten Altar","player_choice":"Smashed Altar","floor":22.0,"gold_loss":0.0,"damage_taken":0.0,"cards_obtained":["Decay"]},{"damage_healed":0.0,"max_hp_gain":0.0,"max_hp_loss":0.0,"gold_gain":0.0,"event_name":"Masked Bandits","player_choice":"Fought Bandits","floor":24.0,"gold_loss":0.0,"damage_taken":0.0}],"is_beta":false,"boss_relics":[{"not_picked":["Tiny House","Runic Dome"],"picked":"Pandora\u0027s Box"}],"items_purged_floors":[19],"is_endless":false,"potions_floor_spawned":[5,10,13,14,16,24],"killed_by":"Book of Stabbing","ascension_level":20}}