{"host":"zr590xw2unlz0wv7","time":1611463612,"event":{"mods":["BaseMod","Minty Spire (QoL Compilation)","READ ME - Guardian Mod","StSLib"],"gold_per_floor":[111,61,24,199,199,233,233,252,252,284,284,301,311,327,327,423,423,436,195,195,195,212,212,229,229,229],"floor_reached":25,"language":"ZHS","playtime":819,"items_purged":["Doubt"],"score":264,"play_id":"8b536af5-49d6-4870-b87a-da9da8d9b0c4","local_time":"20210124124652","is_ascension_mode":true,"campfire_choices":[{"floor":7,"key":"REST"},{"floor":11,"key":"REST"},{"data":"Double Energy","floor":15,"key":"SMITH"},{"floor":23,"key":"REST"}],"circlet_count":0,"master_deck":["Strike_B","Strike_B","Defend_B","Defend_B","Defend_B","Defend_B","Zap","Dualcast","Double Energy+1","Loop","Darkness","Conserve Battery","Conserve Battery","Meteor Strike","Fission","Defragment","Impatience","Hologram+1"],"relics":["Cracked Core","The Courier","Omamori","Nuclear Battery","Art of War"],"acts_visited":["Exordium","TheCity"],"potions_floor_usage":[10,16,16],"damage_taken":[{"damage":7,"enemies":"Jaw Worm","floor":1,"turns":2},{"damage":42,"enemies":"Gremlin Nob","floor":6,"turns":5},{"damage":2,"enemies":"2 Louse","floor":8,"turns":2},{"damage":20,"enemies":"Lagavulin","floor":10,"turns":7},{"damage":1,"enemies":"Cultist","floor":12,"turns":4},{"damage":6,"enemies":"Exordium Wildlife","floor":13,"turns":3},{"damage":15,"enemies":"2 Fungi Beasts","floor":14,"turns":5},{"damage":29,"enemies":"The Guardian","floor":16,"turns":7},{"damage":24,"enemies":"2 Thieves","floor":18,"turns":4},{"damage":17,"enemies":"Spheric Guardian","floor":22,"turns":4},{"damage":22,"enemies":"Centurion and Healer","floor":24,"turns":7},{"damage":24,"enemies":"Sentry and Sphere","floor":25,"turns":3}],"seed_played":"-6119257688252265441","potions_obtained":[{"floor":1,"key":"PotionOfCapacity"},{"floor":8,"key":"ColorlessPotion"},{"floor":13,"key":"FocusPotion"},{"floor":18,"key":"AttackPotion"}],"is_trial":false,"path_per_floor":["M","?","$","?","?","E","R","M","T","E","R","M","M","M","R","B",null,"M","$","?","?","M","R","M","M"],"character_chosen":"DEFECT","items_purchased":["Loop","Art of War","Defragment"],"campfire_rested":3,"item_purchase_floors":[3,19,19],"current_hp_per_floor":[68,68,68,68,73,31,55,53,53,33,57,56,50,35,35,6,62,38,38,38,38,21,45,23,0,0],"gold":229,"neow_bonus":"THREE_CARDS","is_daily":false,"chose_seed":false,"campfire_upgraded":1,"win_rate":0.0,"timestamp":1611463612,"path_taken":["M","?","$","?","?","E","R","M","T","E","R","?","M","M","R","BOSS","M","$","?","?","M","R","M","M"],"items_purchased_type":["Card","Relic","Card"],"build_version":"2020-12-22","purchased_purges":1,"victory":false,"max_hp_per_floor":[75,75,75,75,80,80,80,80,80,80,80,80,80,80,80,80,80,80,80,80,80,80,80,80,80,80],"card_choices":[{"not_picked":["Rebound","Beam Cell"],"picked":"Double Energy","floor":0},{"not_picked":["Self Repair","Compile Driver","Sweeping Beam"],"picked":"SKIP","floor":1},{"not_picked":["Glacier","Cold Snap","Force Field"],"picked":"SKIP","floor":6},{"not_picked":["Heatsinks","Steam Power","Steam"],"picked":"SKIP","floor":8},{"not_picked":["Reprogram","Static Discharge"],"picked":"Darkness","floor":10},{"not_picked":["Coolheaded","Streamline"],"picked":"Conserve Battery","floor":12},{"not_picked":["Compile Driver","Leap"],"picked":"Conserve Battery","floor":13},{"not_picked":["Capacitor","Streamline"],"picked":"Meteor Strike","floor":14},{"not_picked":["Creative AI","Buffer"],"picked":"Fission","floor":16},{"not_picked":["Hologram","Cold Snap","Rebound+1"],"picked":"SKIP","floor":18},{"not_picked":["Heatsinks","Turbo+1"],"picked":"Hologram+1","floor":22},{"not_picked":["Double Energy","Barrage","Storm"],"picked":"SKIP","floor":24}],"player_experience":542339,"relics_obtained":[{"floor":6,"key":"The Courier"},{"floor":10,"key":"Omamori"}],"event_choices":[{"cards_removed":["Strike_B"],"damage_healed":0,"gold_gain":0,"player_choice":"Card Removal","damage_taken":0,"max_hp_gain":0,"max_hp_loss":0,"event_name":"The Cleric","floor":2,"gold_loss":50},{"damage_healed":0,"gold_gain":175,"player_choice":"AGREE","damage_taken":0,"max_hp_gain":0,"max_hp_loss":0,"event_name":"Liars Game","floor":4,"gold_loss":0,"cards_obtained":["Doubt"]},{"damage_healed":0,"gold_gain":0,"player_choice":"Donut","damage_taken":0,"max_hp_gain":5,"max_hp_loss":0,"event_name":"Big Fish","floor":5,"gold_loss":0},{"cards_removed":["Strike_B"],"damage_healed":0,"gold_gain":0,"player_choice":"Elegance","damage_taken":0,"max_hp_gain":0,"max_hp_loss":0,"event_name":"Back to Basics","floor":20,"gold_loss":0},{"damage_healed":0,"gold_gain":0,"player_choice":"1 cards matched","damage_taken":0,"max_hp_gain":0,"max_hp_loss":0,"event_name":"Match and Keep!","floor":21,"gold_loss":0,"cards_obtained":["Impatience"]}],"is_beta":false,"boss_relics":[{"not_picked":["Sozu","Busted Crown"],"picked":"Nuclear Battery"}],"items_purged_floors":[19],"is_endless":false,"potions_floor_spawned":[1,8,13,18],"killed_by":"Sentry and Sphere","ascension_level":5}}