{"host":"d54lcqy5t45er8jx","time":1611493930,"event":{"mods":["2.2 Compatiblity","BaseMod","CapriCore","Defuse TimeMaze Blight","Hermit","Hubris","Infinite Spire","Marisa£¨Ùöéë¡¡Øª×âÞÞ£©","Minty Spire (QoL Compilation)","Rare Cards Sparkle","Relic Stats","StSLib","The Animator","The Cursed","The Immortal","The Servant 0.9.4","WarShipGirlsR/??á´Ò³R mod"],"gold_per_floor":[122,137,137,154,38,69,69,107,107,107,153,180,198,198,198,272,272,292,303,319,319,319,319],"floor_reached":22,"language":"ENG","playtime":1522,"items_purged":["animator:Strike","animator:Strike"],"score":462,"play_id":"4be94c85-d7ca-4810-b017-5c04c36d7b30","local_time":"20210124221210","daily_mods":["Heirloom","DeadlyEvents","Elite Swarm","Uncertain Future"],"is_ascension_mode":true,"campfire_choices":[{"data":"animator:PandorasActor","floor":7,"key":"SMITH"},{"data":"animator:GoblinSlayer","floor":10,"key":"SMITH"},{"data":"animator:RinTohsaka","floor":15,"key":"SMITH"}],"circlet_count":0,"master_deck":["AscendersBane","animator:Strike_GoblinSlayer","animator:Defend_GoblinSlayer","animator:Defend","animator:Defend","animator:Defend","animator:LizardPriest","animator:DwarfShaman","animator:PandorasActor+1","animator:MetalKnight","animator:Shalltear","animator:Sebas","animator:GoblinSlayer+1","animator:Ainz","animator:RinTohsaka+1","animator:PandorasActor","animator:GoblinSlayer","animator:CowGirl","animator:DolaSchwi"],"relics":["animator:LivingPicture","animator:TheMissingPiece","FossilizedHelix","Pocketwatch","Paper Frog","Question Card","PreservedInsect","Matryoshka","Sozu","hubris:FruitBowl","hubris:EvacipatedBox"],"acts_visited":["Exordium","TheCity"],"potions_floor_usage":[6,8,13,16],"damage_taken":[{"damage":7,"enemies":"2 Louse","floor":1,"turns":3},{"damage":0,"enemies":"Cultist","floor":2,"turns":4},{"damage":0,"enemies":"Jaw Worm","floor":4,"turns":5},{"damage":0,"enemies":"Lagavulin","floor":6,"turns":8},{"damage":1,"enemies":"Gremlin Nob","floor":8,"turns":5},{"damage":4,"enemies":"3 Sentries","floor":11,"turns":6},{"damage":0,"enemies":"Large Slime","floor":12,"turns":5},{"damage":6,"enemies":"Exordium Thugs","floor":13,"turns":5},{"damage":20,"enemies":"Hexaghost","floor":16,"turns":9},{"damage":1,"enemies":"Shell Parasite","floor":18,"turns":7},{"damage":0,"enemies":"Spheric Guardian","floor":19,"turns":4},{"damage":0,"enemies":"Snecko","floor":20,"turns":5},{"damage":7,"enemies":"Snake Plant","floor":22,"turns":3}],"seed_played":"-9092489891146347233","potions_obtained":[{"floor":2,"key":"Dexterity Potion"},{"floor":6,"key":"Weak Potion"},{"floor":8,"key":"FearPotion"},{"floor":13,"key":"infinitespire:BlackPotion"}],"is_trial":true,"path_per_floor":["M","M","?","M","$","E","R","E","T","R","E","M","M","T","R","B",null,"M","M","M","$","M"],"character_chosen":"THE_ANIMATOR","items_purchased":["animator:Shalltear","hubris:FruitBowl","hubris:EvacipatedBox"],"campfire_rested":0,"item_purchase_floors":[5,21,21],"current_hp_per_floor":[47,47,47,47,47,48,48,47,47,47,43,43,37,37,37,17,50,49,50,50,7,0,0],"gold":319,"neow_bonus":"","is_daily":false,"chose_seed":false,"campfire_upgraded":3,"win_rate":0.0,"timestamp":1611493930,"path_taken":["M","M","?","M","$","E","R","E","T","R","E","M","?","?","R","BOSS","M","M","M","?","M"],"items_purchased_type":["Card","Relic","Relic"],"build_version":"2020-12-22","purchased_purges":2,"victory":false,"max_hp_per_floor":[60,60,60,60,60,61,61,61,61,61,61,61,61,61,61,61,61,61,62,62,62,62,62],"relic_stats":{"Sozu":2,"counters":[13,66],"PreservedInsect":0,"Question Card":16,"obtain_stats":[{"Sozu":17,"Matryoshka":14,"animator:TheMissingPiece":0,"hubris:FruitBowl":21,"animator:LivingPicture":0,"PreservedInsect":11,"Question Card":9,"FossilizedHelix":0,"hubris:EvacipatedBox":21,"Pocketwatch":6,"Paper Frog":8},{"Sozu":9,"Matryoshka":8,"animator:TheMissingPiece":0,"hubris:FruitBowl":12,"animator:LivingPicture":0,"PreservedInsect":6,"Question Card":5,"FossilizedHelix":0,"hubris:EvacipatedBox":12,"Pocketwatch":4,"Paper Frog":5},{"Sozu":48,"Matryoshka":39,"animator:TheMissingPiece":0,"hubris:FruitBowl":63,"animator:LivingPicture":0,"PreservedInsect":29,"Question Card":23,"FossilizedHelix":0,"hubris:EvacipatedBox":63,"Pocketwatch":18,"Paper Frog":23}],"Pocketwatch":[81]},"card_choices":[{"not_picked":["animator:Cocytus","animator:SilverFang"],"picked":"animator:PandorasActor","floor":1},{"not_picked":["animator:Tatsumaki","animator:ShinjiMatou","animator:Sonic"],"picked":"SKIP","floor":2},{"not_picked":["animator:Yoichi","animator:SakuraMatou"],"picked":"animator:MetalKnight","floor":4},{"not_picked":["animator:Shalltear","animator:Cocytus"],"picked":"animator:Sebas","floor":6},{"not_picked":["animator:Shiro","animator:AcuraShin"],"picked":"animator:GoblinSlayer","floor":8},{"not_picked":["animator:Gilgamesh","animator:AcuraShin","animator:Guren"],"picked":"animator:Ainz","floor":11},{"not_picked":["animator:SakuraMatou","animator:DwarfShaman","animator:IzunaHatsuse"],"picked":"animator:RinTohsaka","floor":12},{"not_picked":["animator:Cocytus","animator:Shalltear","animator:NarberalGamma"],"picked":"animator:PandorasActor","floor":13},{"not_picked":["animator:FeridBathory","animator:Gilgamesh","animator:AcuraShin"],"picked":"animator:GoblinSlayer","floor":16},{"not_picked":["animator:Tet","animator:Geryuganshoop","animator:Shinoa","animator:Yoichi"],"picked":"SKIP","floor":18},{"not_picked":["animator:KrulTepes","animator:Sebas","animator:DwarfShaman"],"picked":"animator:CowGirl","floor":19},{"not_picked":["animator:Genos","animator:ChaikaBohdan","animator:Demiurge"],"picked":"animator:DolaSchwi","floor":20}],"player_experience":894858,"relics_obtained":[{"floor":6,"key":"Pocketwatch"},{"floor":8,"key":"Paper Frog"},{"floor":9,"key":"Question Card"},{"floor":11,"key":"PreservedInsect"},{"floor":14,"key":"Matryoshka"}],"event_choices":[{"cards_removed":["animator:Strike"],"damage_healed":0,"gold_gain":0,"player_choice":"Purged","damage_taken":0,"max_hp_gain":0,"max_hp_loss":0,"event_name":"Purifier","floor":3,"gold_loss":0}],"is_beta":false,"boss_relics":[{"not_picked":["hubris:ScarierMask","infinitespire:Cupcake"],"picked":"Sozu"}],"items_purged_floors":[5,21],"is_endless":false,"potions_floor_spawned":[2,6,8,13,19,20],"killed_by":"Snake Plant","ascension_level":20}}