{"host":"f9ztaq6figs4snwj","time":1611480350,"event":{"mods":["BaseMod","Bestiary","Colored Map","Colored Powertips","Curses Come First","DeckTracker","Minty Spire (QoL Compilation)","Quick Restart","StSLib"],"gold_per_floor":[115,115,115,65,77,77,104,104,128,138,169,180,180,150,150,251,251,267,192,192,192,209,209,236,254,254,272,272,272,289,10,10,110,110,125,137,137,137,154,183,183,183,231,77,77,93,125,135,135,135,135],"floor_reached":50,"language":"ENG","playtime":3086,"items_purged":["Fasting2"],"score":632,"play_id":"c1375afe-c1b2-4baa-93c9-54bd3dabd7f5","local_time":"20210124102550","is_ascension_mode":true,"campfire_choices":[{"data":"Eruption","floor":6,"key":"SMITH"},{"floor":13,"key":"REST"},{"floor":15,"key":"REST"},{"data":"SashWhip","floor":23,"key":"SMITH"},{"data":"Judgement","floor":28,"key":"SMITH"},{"floor":32,"key":"REST"},{"floor":41,"key":"RECALL"},{"data":"ConjureBlade","floor":45,"key":"SMITH"},{"floor":49,"key":"REST"}],"circlet_count":0,"master_deck":["Defend_P+1","Defend_P+1","Eruption+1","Vigilance","Perseverance+1","CutThroughFate","CutThroughFate","SashWhip+1","Nirvana","Consecrate","Judgement+1","ThirdEye+1","CarveReality+1","Scrawl+1","FollowUp","DeusExMachina","Indignation","Consecrate+1","FlurryOfBlows+1","DeusExMachina+1","Worship","ConjureBlade+1","CrushJoints+1","Flash of Steel+1","Consecrate+1","Brilliance+1","FlurryOfBlows+1","FollowUp+1","Consecrate+1"],"relics":["PureWater","Ice Cream","Centennial Puzzle","Kunai","Astrolabe","Oddly Smooth Stone","Molten Egg 2","War Paint","SacredBark","Bottled Flame","Regal Pillow","Dream Catcher"],"acts_visited":["Exordium","TheCity","TheBeyond"],"potions_floor_usage":[7,11,12,24,33,34,40,47,47,50,50],"damage_taken":[{"damage":0.0,"enemies":"2 Louse","floor":1.0,"turns":2.0},{"damage":0,"enemies":"Cultist","floor":5,"turns":3},{"damage":33,"enemies":"3 Sentries","floor":7,"turns":10},{"damage":0,"enemies":"Small Slimes","floor":10,"turns":3},{"damage":24,"enemies":"Gremlin Nob","floor":11,"turns":3},{"damage":3,"enemies":"Exordium Thugs","floor":12,"turns":6},{"damage":0,"enemies":"Looter","floor":14,"turns":4},{"damage":31,"enemies":"The Guardian","floor":16,"turns":14},{"damage":0,"enemies":"Spheric Guardian","floor":18,"turns":1},{"damage":0,"enemies":"3 Byrds","floor":22,"turns":2},{"damage":12,"enemies":"Slavers","floor":24,"turns":3},{"damage":3,"enemies":"Shelled Parasite and Fungi","floor":25,"turns":3},{"damage":9,"enemies":"Centurion and Healer","floor":27,"turns":2},{"damage":20,"enemies":"Sentry and Sphere","floor":30,"turns":3},{"damage":0,"enemies":"Automaton","floor":33,"turns":5},{"damage":10,"enemies":"Orb Walker","floor":35,"turns":3},{"damage":0,"enemies":"3 Darklings","floor":36,"turns":2},{"damage":10,"enemies":"Jaw Worm Horde","floor":39,"turns":3},{"damage":13,"enemies":"Giant Head","floor":40,"turns":6},{"damage":10,"enemies":"Writhing Mass","floor":46,"turns":4},{"damage":15,"enemies":"Reptomancer","floor":47,"turns":3},{"damage":1,"enemies":"3 Darklings","floor":48,"turns":2},{"damage":63,"enemies":"Time Eater","floor":50,"turns":5}],"seed_played":"4648754789603492390","potions_obtained":[{"floor":1.0,"key":"SkillPotion"},{"floor":5,"key":"SpeedPotion"},{"floor":10,"key":"SkillPotion"},{"floor":16,"key":"EssenceOfSteel"},{"floor":22,"key":"SpeedPotion"},{"floor":25,"key":"Ambrosia"},{"floor":33,"key":"Fruit Juice"},{"floor":35,"key":"GamblersBrew"},{"floor":36,"key":"Ambrosia"},{"floor":40,"key":"LiquidMemories"},{"floor":48,"key":"Energy Potion"}],"is_trial":false,"path_per_floor":["M","?","?","$","M","R","E","?","T","M","E","M","R","M","R","B",null,"M","?","?","?","M","R","E","M","T","M","R","?","M","$","R","B",null,"M","M","?","$","M","E","R","?","T","$","R","M","E","M","R","B"],"character_chosen":"WATCHER","items_purchased":["CutThroughFate","War Paint","Worship","Swift Potion","Brilliance+1"],"campfire_rested":4,"item_purchase_floors":[4,31,31,31,44],"current_hp_per_floor":[65,65,65,65,65,65,32,32,32,32,8,5,24,24,43,12,65,65,65,65,65,65,65,53,50,50,41,41,35,15,15,34,34,75,65,65,65,65,55,42,42,42,42,42,42,32,17,16,53,0,0],"gold":135,"neow_bonus":"ONE_RARE_RELIC","is_daily":false,"chose_seed":false,"campfire_upgraded":4,"win_rate":0.0,"timestamp":1611480350,"path_taken":["M","?","?","$","?","R","E","?","T","?","E","M","R","M","R","BOSS","M","?","?","?","M","R","E","M","T","?","R","?","M","$","R","BOSS","M","M","?","$","M","E","R","?","T","$","R","M","E","M","R","BOSS"],"items_purchased_type":["Card","Relic","Card","Potion","Card"],"build_version":"2020-12-22","purchased_purges":1,"victory":false,"max_hp_per_floor":[65,65,65,65,65,65,65,65,65,65,65,65,65,65,65,65,65,65,65,65,65,65,65,65,65,65,65,65,65,65,65,65,65,75,75,75,75,75,75,75,75,75,75,75,75,75,75,75,75,75,75],"card_choices":[{"not_picked":["Weave","EmptyFist","Adaptation"],"picked":"SKIP","floor":1.0},{"not_picked":["SashWhip","LikeWater"],"picked":"CutThroughFate","floor":5},{"not_picked":["CrushJoints","CutThroughFate"],"picked":"Fasting2","floor":7},{"not_picked":["EmptyBody","Crescendo"],"picked":"SashWhip","floor":10},{"not_picked":["Study","EmptyFist"],"picked":"Prostrate","floor":11},{"not_picked":["TalkToTheHand","Halt"],"picked":"Nirvana","floor":12},{"not_picked":["CrushJoints","EmptyFist"],"picked":"Consecrate","floor":14},{"not_picked":["Establishment","Scrawl"],"picked":"Judgement","floor":16},{"not_picked":["Worship","PathToVictory"],"picked":"FollowUp","floor":18},{"not_picked":["Swivel","CutThroughFate"],"picked":"Indignation","floor":22},{"not_picked":["EmptyFist","MentalFortress"],"picked":"Consecrate+1","floor":24},{"not_picked":["WindmillStrike","TalkToTheHand","CutThroughFate"],"picked":"SKIP","floor":25},{"not_picked":["CutThroughFate+1","TalkToTheHand+1"],"picked":"FlurryOfBlows+1","floor":27},{"not_picked":["CutThroughFate+1","EmptyBody"],"picked":"DeusExMachina","floor":30},{"not_picked":["DeusExMachina","Omniscience"],"picked":"ConjureBlade","floor":33},{"not_picked":["BowlingBash+1","Collect"],"picked":"CrushJoints+1","floor":35},{"not_picked":["BowlingBash+1","Protect","EmptyBody"],"picked":"SKIP","floor":36},{"not_picked":["Magnetism","Bandage Up"],"picked":"Flash of Steel+1","floor":37},{"not_picked":["Tantrum+1","WheelKick+1","EmptyFist+1"],"picked":"SKIP","floor":39},{"not_picked":["ThirdEye+1","BowlingBash+1"],"picked":"Consecrate+1","floor":40},{"not_picked":["BowlingBash+1","JustLucky+1"],"picked":"FlurryOfBlows+1","floor":46},{"not_picked":["Prostrate+1","FlyingSleeves+1"],"picked":"FollowUp+1","floor":47},{"not_picked":["FollowUp+1","ThirdEye+1"],"picked":"Consecrate+1","floor":48}],"player_experience":397310,"relics_obtained":[{"floor":7,"key":"Centennial Puzzle"},{"floor":11,"key":"Kunai"},{"floor":24,"key":"Oddly Smooth Stone"},{"floor":26,"key":"Molten Egg 2"},{"floor":40,"key":"Bottled Flame"},{"floor":43,"key":"Regal Pillow"},{"floor":47,"key":"Dream Catcher"}],"event_choices":[{"damage_healed":0.0,"max_hp_gain":0.0,"max_hp_loss":0.0,"gold_gain":0.0,"event_name":"The Cleric","player_choice":"Leave","floor":2.0,"gold_loss":0.0,"damage_taken":0.0},{"damage_healed":0.0,"max_hp_gain":0.0,"max_hp_loss":0.0,"gold_gain":0.0,"cards_transformed":["Strike_P"],"event_name":"Transmorgrifier","player_choice":"Transformed","floor":3.0,"gold_loss":0.0,"damage_taken":0.0,"cards_obtained":["Perseverance"]},{"cards_removed":["Defend_P"],"damage_healed":0,"gold_gain":0,"player_choice":"Purged","damage_taken":0,"max_hp_gain":0,"max_hp_loss":0,"event_name":"Purifier","floor":8,"gold_loss":0},{"cards_removed":["Defend_P"],"damage_healed":0,"gold_gain":0,"player_choice":"Gave Gold","damage_taken":0,"max_hp_gain":0,"max_hp_loss":0,"event_name":"Beggar","floor":19,"gold_loss":75},{"damage_healed":0,"gold_gain":0,"player_choice":"Simplicity","damage_taken":0,"max_hp_gain":0,"max_hp_loss":0,"event_name":"Back to Basics","floor":20,"gold_loss":0,"cards_upgraded":["Defend_P","Defend_P"]},{"damage_healed":0,"gold_gain":0,"cards_transformed":["Prostrate"],"player_choice":"Transformed","damage_taken":0,"max_hp_gain":0,"max_hp_loss":0,"event_name":"Transmorgrifier","floor":21,"gold_loss":0,"cards_obtained":["DeusExMachina"]},{"damage_healed":0,"gold_gain":0,"player_choice":"Damaged","damage_taken":6,"max_hp_gain":0,"max_hp_loss":0,"event_name":"Wheel of Change","floor":29,"gold_loss":0},{"damage_healed":0,"gold_gain":0,"player_choice":"Memory 1","damage_taken":0,"max_hp_gain":0,"max_hp_loss":0,"event_name":"SensoryStone","floor":37,"gold_loss":0},{"damage_healed":0,"gold_gain":0,"player_choice":"Ignored","damage_taken":0,"max_hp_gain":0,"max_hp_loss":0,"event_name":"Tomb of Lord Red Mask","floor":42,"gold_loss":0}],"is_beta":false,"boss_relics":[{"not_picked":["Coffee Dripper","Calling Bell"],"picked":"Astrolabe"},{"not_picked":["Snecko Eye","Runic Pyramid"],"picked":"SacredBark"}],"items_purged_floors":[44],"is_endless":false,"potions_floor_spawned":[1,5,10,16,22,25,33,35,36,40,48],"killed_by":"Time Eater","ascension_level":1}}