{"host":"vhkb6vx6yafo1fpa","time":1611456759,"event":{"mods":["BaseMod","Colored Map","Custom Start","Minty Spire (QoL Compilation)","Quick Restart","Replay The Spire","StSLib","SuperFastMode"],"gold_per_floor":[109,126,137,157,177,177,127,137,162,162,162,189,205,130,130,234,234,247,247,147,167,178,178,192,208,233,233,233,233,233],"floor_reached":29,"language":"KOR","playtime":671,"items_purged":["Strike_R","Wild Strike"],"score":277,"play_id":"d8a1c399-ee94-43b6-8edf-afe3c6b9fa61","local_time":"20210124115239","is_ascension_mode":true,"campfire_choices":[{"data":"Searing Blow","floor":6.0,"key":"SMITH"},{"data":"Searing Blow+1","floor":11.0,"key":"SMITH"},{"data":"Searing Blow+2","floor":15.0,"key":"SMITH"},{"data":"Searing Blow+3","floor":23.0,"key":"SMITH"}],"circlet_count":0,"master_deck":["Strike_R","Strike_R","Strike_R","Defend_R","Defend_R","Defend_R","Defend_R","Bash","Thunderclap","Searing Blow+4","Armaments","Demonic Infusion","Dual Wield","Brutality"],"relics":["Burning Blood","Vajra","Champion Belt","Ice Cream","Runic Cube","ReplayTheSpireMod:TigerMarble"],"acts_visited":["Exordium","TheCity"],"potions_floor_usage":[],"damage_taken":[{"damage":6.0,"enemies":"Jaw Worm","floor":1.0,"turns":3.0},{"damage":5.0,"enemies":"Small Slimes","floor":2.0,"turns":3.0},{"damage":0.0,"enemies":"2 Louse","floor":3.0,"turns":3.0},{"damage":15.0,"enemies":"Looter","floor":4.0,"turns":3.0},{"damage":16.0,"enemies":"Red Slaver","floor":5.0,"turns":3.0},{"damage":10.0,"enemies":"Gremlin Gang","floor":8.0,"turns":4.0},{"damage":2.0,"enemies":"Blue Slaver","floor":13.0,"turns":3.0},{"damage":31.0,"enemies":"The Guardian","floor":16.0,"turns":10.0},{"damage":16.0,"enemies":"Shell Parasite","floor":18.0,"turns":5.0},{"damage":27.0,"enemies":"2 Thieves","floor":21.0,"turns":5.0},{"damage":27.0,"enemies":"Shelled Parasite and Fungi","floor":22.0,"turns":4.0},{"damage":12.0,"enemies":"Snecko","floor":24.0,"turns":3.0},{"damage":32.0,"enemies":"Centurion and Healer","floor":25.0,"turns":6.0},{"damage":0.0,"enemies":"Gremlin Leader","floor":28.0,"turns":1.0},{"damage":0,"enemies":"3 Cultists","floor":29,"turns":2}],"seed_played":"2873600924198939323","potions_obtained":[{"floor":3.0,"key":"SmokeBomb"},{"floor":4.0,"key":"AttackPotion"},{"floor":8.0,"key":"AttackPotion"},{"floor":13.0,"key":"Doom Potion"},{"floor":22.0,"key":"BloodPotion"}],"is_trial":false,"path_per_floor":["M","M","M","M","M","R","?","M","T","?","R","?","M","$","R","B",null,"M","?","$","M","M","R","M","M","T","?","E","M"],"character_chosen":"IRONCLAD","items_purchased":[],"campfire_rested":0,"item_purchase_floors":[],"current_hp_per_floor":[85,85,85,76,66,66,66,62,62,37,37,37,41,41,41,16,85,75,75,75,54,33,33,27,18,18,18,24,24,24],"gold":233,"neow_bonus":"RANDOM_EVENT","is_daily":false,"chose_seed":false,"campfire_upgraded":4,"win_rate":0.0,"timestamp":1611456759,"path_taken":["M","M","M","M","M","R","?","M","T","?","R","?","M","$","R","BOSS","M","?","$","M","M","R","M","M","T","?","E","M"],"items_purchased_type":[],"build_version":"2020-12-22","purchased_purges":2,"victory":false,"max_hp_per_floor":[85,85,85,85,85,85,85,85,85,85,85,85,85,85,85,85,85,85,85,85,85,85,85,85,85,85,85,85,85,85],"card_choices":[{"not_picked":["Heavy Blade","Disarm","Replay:Undeath\u0027s Touch"],"picked":"SKIP","floor":1.0},{"not_picked":["ReplayTheSpireMod:Strike From Hell","Replay:Undeath\u0027s Touch"],"picked":"Wild Strike","floor":2.0},{"not_picked":["Life Link","True Grit"],"picked":"Thunderclap","floor":3.0},{"not_picked":["Havoc","Perfected Strike"],"picked":"Searing Blow","floor":4.0},{"not_picked":["Iron Wave","Dark Embrace"],"picked":"Armaments","floor":5.0},{"not_picked":["Hemokinesis","Warcry"],"picked":"Demonic Infusion","floor":8.0},{"not_picked":["Reckless Charge","Anger"],"picked":"Dual Wield","floor":13.0},{"not_picked":["Immolate","Demon Form"],"picked":"Brutality","floor":16.0},{"not_picked":["ReplayTheSpireMod:Limb From Limb+1","Twin Strike","Entrench"],"picked":"SKIP","floor":18.0},{"not_picked":["Havoc","Spot Weakness","Heavy Blade"],"picked":"SKIP","floor":21.0},{"not_picked":["Sever Soul","Bloodletting","Clothesline+1"],"picked":"SKIP","floor":22.0},{"not_picked":["Dual Wield","Armaments","Replay:Undeath\u0027s Touch+1"],"picked":"SKIP","floor":24.0},{"not_picked":["Thunderclap","Defy Death","Searing Blow"],"picked":"SKIP","floor":25.0}],"player_experience":330746,"relics_obtained":[{"floor":9.0,"key":"Vajra"},{"floor":12.0,"key":"Ice Cream"},{"floor":26.0,"key":"ReplayTheSpireMod:TigerMarble"}],"event_choices":[{"damage_healed":0.0,"max_hp_gain":5.0,"max_hp_loss":0.0,"gold_gain":0.0,"event_name":"Big Fish","player_choice":"Donut","floor":0.0,"gold_loss":0.0,"damage_taken":0.0},{"cards_removed":["Strike_R"],"damage_healed":0.0,"max_hp_gain":0.0,"max_hp_loss":0.0,"gold_gain":0.0,"event_name":"The Cleric","player_choice":"Card Removal","floor":7.0,"gold_loss":50.0,"damage_taken":0.0},{"damage_healed":0.0,"max_hp_gain":0.0,"max_hp_loss":0.0,"gold_gain":0.0,"event_name":"Scrap Ooze","player_choice":"Success","floor":10.0,"gold_loss":0.0,"damage_taken":25.0,"relics_obtained":["Champion Belt"]},{"damage_healed":0.0,"max_hp_gain":0.0,"max_hp_loss":0.0,"gold_gain":0.0,"event_name":"Ghosts","player_choice":"Ignored","floor":19.0,"gold_loss":0.0,"damage_taken":0.0},{"damage_healed":0.0,"max_hp_gain":0.0,"max_hp_loss":0.0,"gold_gain":0.0,"event_name":"Transmorgrifier","player_choice":"Ignored","floor":27.0,"gold_loss":0.0,"damage_taken":0.0}],"is_beta":false,"boss_relics":[{"not_picked":["Replay:Wanted Poster","Philosopher\u0027s Stone"],"picked":"Runic Cube"}],"items_purged_floors":[14,20],"is_endless":false,"potions_floor_spawned":[3,4,8,13,18,22,28],"killed_by":"3 Cultists","ascension_level":1}}