{"host":"ebj6lkgm8suah319","time":1611514909,"event":{"mods":["2.2 Compatiblity","AchievementEnabler","BaseMod","Block Reminder","Colored Map","Colored Powertips","Minty Spire (QoL Compilation)","Quick Restart","Rare Cards Sparkle","Relic Stats","SuperFastMode"],"gold_per_floor":[113,130,280,295,8,8,41,41,68,85,97,122,132,163,163,241,241,255,7,7,7,7,7,38,38,38,58,1,18,18,44,44,116,116,127,127,143,153,98,98,128,49,49,49,49,49,76,89,89,89,89,89],"floor_reached":51,"language":"ENG","playtime":2289,"items_purged":["Doubt"],"score":1452,"play_id":"a3bfa517-13bf-4f3a-8c19-907b67e79db4","local_time":"20210124140149","is_ascension_mode":true,"campfire_choices":[{"data":"Bash","floor":6.0,"key":"SMITH"},{"data":"Pommel Strike","floor":8.0,"key":"SMITH"},{"floor":15.0,"key":"REST"},{"floor":23.0,"key":"REST"},{"data":"Dark Embrace","floor":25,"key":"SMITH"},{"data":"Fiend Fire","floor":32,"key":"SMITH"},{"floor":40,"key":"REST"},{"floor":46,"key":"RECALL"},{"floor":49,"key":"REST"}],"circlet_count":0,"master_deck":["AscendersBane","Strike_R","Strike_R","Defend_R","Defend_R","Defend_R","Defend_R","Bash+1","Shockwave","Pommel Strike+1","Anger","Whirlwind","Fiend Fire+1","Fiend Fire+1","Cleave+1","Disarm+1","Spot Weakness","Dark Embrace+1","RitualDagger","Reaper","True Grit+1","Shrug It Off+1","Shrug It Off"],"relics":["Burning Blood","Regal Pillow","PreservedInsect","Centennial Puzzle","Bag of Preparation","Odd Mushroom","Singing Bowl","Astrolabe","Toy Ornithopter","Nilry\u0027s Codex","Charon\u0027s Ashes","Bottled Flame","Lantern","Runic Pyramid","Dead Branch","Nunchaku"],"acts_visited":["Exordium","TheCity","TheBeyond"],"potions_floor_usage":[24,31,33,33,38,41,47,47,51],"damage_taken":[{"damage":6.0,"enemies":"Cultist","floor":1.0,"turns":3.0},{"damage":13.0,"enemies":"2 Louse","floor":2.0,"turns":4.0},{"damage":4.0,"enemies":"Small Slimes","floor":4.0,"turns":4.0},{"damage":20.0,"enemies":"3 Sentries","floor":7.0,"turns":5.0},{"damage":3.0,"enemies":"Looter","floor":10.0,"turns":3.0},{"damage":5.0,"enemies":"Blue Slaver","floor":11.0,"turns":4.0},{"damage":25.0,"enemies":"The Mushroom Lair","floor":12.0,"turns":3.0},{"damage":5.0,"enemies":"3 Louse","floor":13.0,"turns":4.0},{"damage":8.0,"enemies":"Gremlin Nob","floor":14.0,"turns":3.0},{"damage":47.0,"enemies":"The Guardian","floor":16.0,"turns":15.0},{"damage":1.0,"enemies":"2 Thieves","floor":18.0,"turns":3.0},{"damage":23,"enemies":"Slavers","floor":24,"turns":3},{"damage":0,"enemies":"Chosen","floor":27,"turns":2},{"damage":0,"enemies":"Shelled Parasite and Fungi","floor":29,"turns":2},{"damage":2,"enemies":"Gremlin Leader","floor":31,"turns":4},{"damage":72,"enemies":"Automaton","floor":33,"turns":7},{"damage":0,"enemies":"Orb Walker","floor":35,"turns":1},{"damage":32,"enemies":"3 Darklings","floor":37,"turns":5},{"damage":48,"enemies":"Maw","floor":38,"turns":8},{"damage":28,"enemies":"Nemesis","floor":41,"turns":5},{"damage":54,"enemies":"Reptomancer","floor":47,"turns":5},{"damage":0,"enemies":"Spire Growth","floor":48,"turns":2},{"damage":65,"enemies":"Awakened One","floor":50,"turns":7},{"damage":36,"enemies":"Time Eater","floor":51,"turns":7}],"seed_played":"-5386966844203834114","potions_obtained":[{"floor":1.0,"key":"ElixirPotion"},{"floor":10.0,"key":"SpeedPotion"},{"floor":13.0,"key":"BlessingOfTheForge"},{"floor":14.0,"key":"LiquidBronze"},{"floor":16.0,"key":"DistilledChaos"},{"floor":18.0,"key":"Strength Potion"},{"floor":24,"key":"ElixirPotion"},{"floor":31,"key":"FearPotion"},{"floor":36,"key":"BloodPotion"},{"floor":36,"key":"EssenceOfSteel"},{"floor":38,"key":"Block Potion"},{"floor":48,"key":"Dexterity Potion"}],"is_trial":false,"path_per_floor":["M","M","?","M","$","R","E","R","T","M","M","?","M","E","R","B",null,"M","$","?","?","?","R","E","R","T","M","$","M","?","E","R","B",null,"M","?","M","M","$","R","E","$","T","?","?","R","E","M","R","B","B"],"character_chosen":"IRONCLAD","items_purchased":["PreservedInsect","SteroidPotion","Dark Embrace","Toy Ornithopter","AttackPotion","Shrug It Off","Regen Potion"],"campfire_rested":4,"item_purchase_floors":[5,5,19,19,28,39,42],"current_hp_per_floor":[68,61,61,63,63,63,49,49,49,52,53,34,35,35,73,32,66,71,71,65,44,44,77,62,62,62,70,70,76,76,83,83,22,68,74,74,50,30,30,70,55,55,55,55,55,55,28,36,77,28,0,0],"gold":89,"neow_bonus":"RANDOM_COMMON_RELIC","is_daily":false,"chose_seed":false,"campfire_upgraded":4,"win_rate":0.0,"timestamp":1611514909,"path_taken":["M","?","?","M","$","R","E","R","T","M","M","?","M","E","R","BOSS","M","$","?","?","?","R","E","R","T","M","$","M","?","E","R","BOSS","M","?","M","?","?","R","E","$","T","?","?","R","E","M","R","BOSS","BOSS"],"items_purchased_type":["Relic","Potion","Card","Relic","Potion","Card","Potion"],"build_version":"2020-12-22","purchased_purges":1,"victory":false,"max_hp_per_floor":[75,75,75,75,75,75,75,75,75,75,75,75,75,77,77,77,77,77,77,77,77,77,77,79,79,79,81,81,81,81,83,83,83,83,83,83,85,85,85,85,87,87,87,83,83,83,85,87,87,87,87,87],"relic_stats":{"Regal Pillow":55,"Singing Bowl":16,"counters":[24,109],"Astrolabe":["Fiend Fire","Cleave","Disarm"],"Dead Branch":[99],"PreservedInsect":267,"Charon\u0027s Ashes":[873],"Bag of Preparation":[40],"Burning Blood":134,"Centennial Puzzle":[43],"Nunchaku":[2],"obtain_stats":[{"Regal Pillow":0,"Lantern":31,"Singing Bowl":14,"Nilry\u0027s Codex":21,"Astrolabe":17,"Dead Branch":41,"PreservedInsect":5,"Charon\u0027s Ashes":24,"Bag of Preparation":9,"Odd Mushroom":12,"Burning Blood":0,"Centennial Puzzle":7,"Bottled Flame":26,"Nunchaku":47,"Toy Ornithopter":19,"Runic Pyramid":34},{"Regal Pillow":0,"Lantern":15,"Singing Bowl":9,"Nilry\u0027s Codex":11,"Astrolabe":10,"Dead Branch":20,"PreservedInsect":3,"Charon\u0027s Ashes":12,"Bag of Preparation":4,"Odd Mushroom":7,"Burning Blood":0,"Centennial Puzzle":4,"Bottled Flame":12,"Nunchaku":21,"Toy Ornithopter":11,"Runic Pyramid":16},{"Regal Pillow":0,"Lantern":62,"Singing Bowl":33,"Nilry\u0027s Codex":51,"Astrolabe":48,"Dead Branch":88,"PreservedInsect":11,"Charon\u0027s Ashes":54,"Bag of Preparation":16,"Odd Mushroom":26,"Burning Blood":0,"Centennial Puzzle":16,"Bottled Flame":54,"Nunchaku":93,"Toy Ornithopter":51,"Runic Pyramid":69}],"Toy Ornithopter":35},"card_choices":[{"not_picked":["Entrench","Warcry"],"picked":"Shockwave","floor":1.0},{"not_picked":["Anger","Clothesline"],"picked":"Pommel Strike","floor":2.0},{"not_picked":["Heavy Blade","Sword Boomerang"],"picked":"Anger","floor":4.0},{"not_picked":["Clash","Iron Wave","Heavy Blade"],"picked":"SKIP","floor":7.0},{"not_picked":["Intimidate","Anger","Body Slam"],"picked":"SKIP","floor":10.0},{"not_picked":["Dropkick","Twin Strike"],"picked":"Whirlwind","floor":11.0},{"not_picked":["Cleave","Warcry","Sword Boomerang"],"picked":"SKIP","floor":13.0},{"not_picked":["Cleave","Intimidate","Sword Boomerang"],"picked":"Singing Bowl","floor":14.0},{"not_picked":["Offering","Limit Break"],"picked":"Fiend Fire","floor":16.0},{"not_picked":["Pommel Strike+1","Rage+1"],"picked":"Spot Weakness","floor":18.0},{"not_picked":["Carnage","Whirlwind","Dark Embrace"],"picked":"Singing Bowl","floor":24},{"not_picked":["Clothesline","Pommel Strike","Carnage"],"picked":"Singing Bowl","floor":27},{"not_picked":["Battle Trance","Warcry+1"],"picked":"Burning Pact","floor":29},{"not_picked":["Thunderclap","Heavy Blade","Clothesline"],"picked":"Singing Bowl","floor":31},{"not_picked":["Limit Break","Immolate"],"picked":"Reaper","floor":33},{"not_picked":["Wild Strike+1","Reckless Charge"],"picked":"True Grit+1","floor":35},{"not_picked":["Pommel Strike","Body Slam+1","Flex"],"picked":"Singing Bowl","floor":37},{"not_picked":["True Grit","Havoc+1"],"picked":"Shrug It Off+1","floor":38},{"not_picked":["Pommel Strike","Warcry+1","Iron Wave+1"],"picked":"Singing Bowl","floor":41},{"not_picked":["Sever Soul","Pummel","Blood for Blood"],"picked":"Singing Bowl","floor":47},{"not_picked":["Pummel","Rage","Wild Strike"],"picked":"Singing Bowl","floor":48}],"player_experience":74321,"relics_obtained":[{"floor":7.0,"key":"Centennial Puzzle"},{"floor":9.0,"key":"Bag of Preparation"},{"floor":12.0,"key":"Odd Mushroom"},{"floor":14.0,"key":"Singing Bowl"},{"floor":21.0,"key":"Nilry\u0027s Codex"},{"floor":24,"key":"Charon\u0027s Ashes"},{"floor":26,"key":"Bottled Flame"},{"floor":31,"key":"Lantern"},{"floor":41,"key":"Dead Branch"},{"floor":47,"key":"Nunchaku"}],"event_choices":[{"damage_healed":0.0,"max_hp_gain":0.0,"max_hp_loss":0.0,"gold_gain":150.0,"event_name":"Liars Game","player_choice":"AGREE","floor":3.0,"gold_loss":0.0,"damage_taken":0.0,"cards_obtained":["Doubt"]},{"damage_healed":0.0,"max_hp_gain":0.0,"max_hp_loss":0.0,"gold_gain":0.0,"event_name":"Mushrooms","player_choice":"Fought Mushrooms","floor":12.0,"gold_loss":0.0,"damage_taken":0.0},{"damage_healed":0.0,"max_hp_gain":0.0,"max_hp_loss":0.0,"gold_gain":0.0,"event_name":"Nest","player_choice":"Joined the Cult","floor":20.0,"gold_loss":0.0,"damage_taken":6.0,"cards_obtained":["RitualDagger"]},{"damage_healed":0.0,"max_hp_gain":0.0,"max_hp_loss":0.0,"gold_gain":0.0,"event_name":"Cursed Tome","player_choice":"Obtained Book","floor":21.0,"gold_loss":0.0,"damage_taken":21.0},{"damage_healed":0.0,"max_hp_gain":0.0,"max_hp_loss":0.0,"gold_gain":0.0,"event_name":"Vampires","player_choice":"Ignored","floor":22.0,"gold_loss":0.0,"damage_taken":0.0},{"damage_healed":0,"gold_gain":0,"player_choice":"Got Potions","damage_taken":0,"max_hp_gain":0,"max_hp_loss":0,"event_name":"Lab","floor":36,"gold_loss":0},{"damage_healed":0,"gold_gain":0,"player_choice":"Max HP","damage_taken":0,"max_hp_gain":0,"max_hp_loss":4,"event_name":"Winding Halls","floor":44,"gold_loss":0},{"cards_removed":["Burning Pact"],"damage_healed":0,"gold_gain":0,"player_choice":"Removed Skill","damage_taken":0,"max_hp_gain":0,"max_hp_loss":0,"event_name":"Falling","floor":45,"gold_loss":0}],"is_beta":false,"boss_relics":[{"not_picked":["Coffee Dripper","Black Star"],"picked":"Astrolabe"},{"not_picked":["Sozu","Tiny House"],"picked":"Runic Pyramid"}],"items_purged_floors":[5],"is_endless":false,"potions_floor_spawned":[1,10,13,14,16,18,24,31,38,48],"killed_by":"Time Eater","ascension_level":20}}