{"host":"up2ld7cwom0c6tq3","time":1611487302,"event":{"mods":["Act Like it!","BaseMod","Conspire","Downfall","Gensokyo","Minty Spire (QoL Compilation)","StSLib","The Blackbeard","The Mystic","The Servant 0.9.4","Yuyuko"],"gold_per_floor":[99,99,99,116,158,172,221,21,50,50,35,210,210,237,248,248,248,248],"floor_reached":16,"language":"ZHS","playtime":1439,"items_purged":[],"score":131,"play_id":"a10e9fcf-0fbd-4ce6-ad05-76bf8a53a40f","local_time":"20210124192142","is_ascension_mode":false,"campfire_choices":[{"floor":1,"key":"RECALL"},{"data":"bronze:Return","floor":8,"key":"SMITH"},{"data":"bronze:Goto","floor":10,"key":"SMITH"},{"data":"bronze:Mutator","floor":13,"key":"SMITH"}],"circlet_count":0,"master_deck":["bronze:Strike","bronze:Strike","bronze:Strike","bronze:Defend","bronze:Defend","bronze:Defend","bronze:Defend","bronze:Replicate","bronze:Goto+1","champ:Execute","bronze:Turbo","bronze:Overload","bronze:Return+1","bronze:Mutator+1","bronze:DelayedSlice","Doubt","bronze:Shell","bronze:ClassDefault"],"relics":["bronze:BronzeCore","bronze:ProtectiveGoggles","downfall:HeartBlessingRed","downfall:HeartBlessingBlue","MealTicket","StoneCalendar"],"acts_visited":["Exordium"],"potions_floor_usage":[16],"damage_taken":[{"damage":12,"enemies":"2 Louse","floor":4,"turns":3},{"damage":53,"enemies":"conspire:MimicChest","floor":5,"turns":7},{"damage":15,"enemies":"Cultist","floor":6,"turns":4},{"damage":46,"enemies":"3 Sentries","floor":9,"turns":6},{"damage":20,"enemies":"downfall:FleeingMerchant","floor":11,"turns":4},{"damage":36,"enemies":"Gremlin Nob","floor":14,"turns":4},{"damage":0,"enemies":"Small Slimes","floor":15,"turns":3},{"damage":28,"enemies":"WA_ARCHETYPE_RETAIN","floor":16,"turns":4}],"seed_played":"-8638349548921256984","potions_obtained":[{"floor":5,"key":"Guardian:BlockOnCardUsePotion"},{"floor":9,"key":"conspire:TimeTravelPotion"}],"is_trial":false,"path_per_floor":["R","?","?","M","?","M","T","R","E","R","$","?","R","E","M","B"],"character_chosen":"THE_AUTOMATON","items_purchased":[],"campfire_rested":0,"item_purchase_floors":[],"current_hp_per_floor":[77,77,77,75,42,37,37,47,22,22,37,37,37,11,11,0,0,0],"gold":248,"neow_bonus":"TEN_PERCENT_HP_BONUS","is_daily":false,"chose_seed":false,"campfire_upgraded":3,"win_rate":0.0,"timestamp":1611487302,"path_taken":["R","?","?","?","?","M","T","R","E","R","?","?","R","E","M","BOSS"],"items_purchased_type":[],"build_version":"2020-12-22","purchased_purges":0,"victory":false,"max_hp_per_floor":[77,77,77,77,77,77,77,87,87,87,87,87,87,87,87,87,87,87],"card_choices":[{"not_picked":["bronze:BitShift","bronze:WhirlingStrike"],"picked":"bronze:Turbo","floor":4},{"not_picked":["bronze:DigitalCarnage","bronze:Shield"],"picked":"bronze:Overload","floor":5},{"not_picked":["bronze:Philosophize","bronze:Iterate"],"picked":"bronze:Return","floor":6},{"not_picked":["bronze:Deprecate","bronze:Fortify"],"picked":"bronze:Mutator","floor":9},{"not_picked":["bronze:Frontload","bronze:WhirlingStrike"],"picked":"bronze:DelayedSlice","floor":11},{"not_picked":["bronze:WhirlingStrike","bronze:Overheat"],"picked":"bronze:Shell","floor":14},{"not_picked":["bronze:Shell","bronze:Shield"],"picked":"bronze:ClassDefault","floor":15}],"player_experience":56487,"relics_obtained":[{"floor":5,"key":"bronze:ProtectiveGoggles"},{"floor":9,"key":"MealTicket"},{"floor":14,"key":"StoneCalendar"}],"event_choices":[{"cards_removed":["bronze:Backtrace"],"damage_healed":0,"gold_gain":0,"player_choice":"Took Card","damage_taken":0,"max_hp_gain":0,"max_hp_loss":0,"event_name":"NoteForYourself","floor":3,"gold_loss":0,"cards_obtained":["champ:Execute"]}],"is_beta":false,"boss_relics":[],"items_purged_floors":[],"is_endless":false,"potions_floor_spawned":[5,9],"killed_by":"WA_ARCHETYPE_RETAIN","ascension_level":0}}