{"host":"i9z6y8pcdeu2qxnx","time":1611520156,"event":{"mods":["BaseMod","Colored Map","Googly Eyes","Highlight Path","Minty Spire (QoL Compilation)","Replay The Spire","StSLib"],"gold_per_floor":[114,114,114,60,85,119,119,152,152,195,215,240,279,454,454,578,578,593,593,618,618,169,169,208,208,234,268,50,50,90,115,115,240,240,254,267,600,697,42,75,75,93,165,198,210,245,263,298,298,298],"floor_reached":51,"language":"ENG","playtime":4243,"items_purged":["Looming Evil"],"score":1274,"play_id":"48fd3ce0-7821-49b1-b862-9268a875734a","local_time":"20210124152916","daily_mods":["Cursed Run","Time Dilation","Elite Swarm"],"is_ascension_mode":false,"campfire_choices":[{"data":"Adrenaline","floor":7,"key":"SMITH"},{"data":"1","floor":15,"key":"LIFT"},{"data":"2","floor":23,"key":"LIFT"},{"data":"3","floor":25,"key":"LIFT"},{"data":"ReplayTheSpireMod:Necrogeddon","floor":32,"key":"SMITH"},{"data":"Apotheosis","floor":41,"key":"SMITH"},{"data":"Adrenaline","floor":49,"key":"SMITH"}],"circlet_count":0,"master_deck":["Strike_G","Strike_G","Strike_G","Strike_G","Strike_G","Defend_G","Defend_G","Defend_G","Defend_G","Defend_G","Survivor","Neutralize","Eviscerate","Injury","Languid","Bane","Deadly Poison","Adrenaline+1","Envenom","Bane","PiercingWail","Deadly Poison","Dodge and Roll","Bullet Time","Doubt","CommonCold","Glass Knife","Dodge and Roll+1","Accuracy","Blade Dance","Outmaneuver","Flying Knee","Noxious Fumes","Deadly Poison","ReplayTheSpireMod:Necrogeddon+1","Languid","Poison Darts","Spreading Infection","Midas Touch","Glass Knife","Cloak And Dagger","CommonCold","Corpse Explosion","Poisoned Strike","Dark Shackles","Apotheosis+1","Choke+1","Acrobatics","Noxious Fumes+1","ReplayTheSpireMod:Splinters","Concentrate+1","Blade Dance","Accuracy","Adrenaline+1","Pain","A Thousand Cuts","Parasite","Well Laid Plans+1","Deadly Poison+1","Toxin Wave","Adrenaline","Looming Evil"],"relics":["Cursed Key","Darkstone Periapt","Du-Vu Doll","Ring of Peace","ReplayTheSpireMod:Ring of Collecting","Shovel","Prayer Wheel","Replay:Bottled Snecko","ReplayTheSpireMod:Ring of Addiction","Potion Belt","Toy Ornithopter","Girya","Smiling Mask","HoveringKite","Mirror","Boot","ReplayTheSpireMod:Shallot","ReplayTheSpireMod:Ring of Exchange","Dream Catcher","Mercury Hourglass","ReplayTheSpireMod:CursedCoin","Snake Skull","Orichalcum","ReplayTheSpireMod:ShopPack","ReplayFunnel","Shuriken","Oddly Smooth Stone","Torii","Ring of Hypnosis","Kunai","White Beast Statue","Bag of Marbles","ReplayTheSpireMod:TigerMarble"],"acts_visited":["Exordium","TheCity","TheBeyond"],"potions_floor_usage":[6,10,13,13,16,20,24,27,27,30,36,42,48,50,50,50,50,50],"damage_taken":[{"damage":0,"enemies":"2 Louse","floor":1,"turns":3},{"damage":0,"enemies":"Small Slimes","floor":5,"turns":3},{"damage":10,"enemies":"3 Sentries","floor":6,"turns":8},{"damage":0,"enemies":"Lagavulin","floor":8,"turns":6},{"damage":4,"enemies":"Gremlin Nob","floor":10,"turns":4},{"damage":0,"enemies":"Cultist","floor":11,"turns":2},{"damage":0,"enemies":"Large Slime","floor":12,"turns":3},{"damage":0,"enemies":"3 Sentries","floor":13,"turns":5},{"damage":30,"enemies":"Hexaghost","floor":16,"turns":6},{"damage":0,"enemies":"Shell Parasite","floor":18,"turns":3},{"damage":0,"enemies":"Chosen","floor":20,"turns":3},{"damage":0,"enemies":"Book of Stabbing","floor":24,"turns":4},{"damage":14,"enemies":"Slavers","floor":27,"turns":4},{"damage":6,"enemies":"Gremlin Leader","floor":30,"turns":4},{"damage":1,"enemies":"Centurion and Healer","floor":31,"turns":3},{"damage":38,"enemies":"Pondfish","floor":33,"turns":7},{"damage":0,"enemies":"Orb Walker","floor":35,"turns":3},{"damage":0,"enemies":"3 Darklings","floor":36,"turns":4},{"damage":0,"enemies":"R_Hoarder","floor":40,"turns":4},{"damage":0,"enemies":"Maw","floor":42,"turns":4},{"damage":0,"enemies":"Reptomancer","floor":44,"turns":4},{"damage":17,"enemies":"Writhing Mass","floor":45,"turns":5},{"damage":0,"enemies":"R_Hoarder","floor":46,"turns":5},{"damage":3,"enemies":"4 Shapes","floor":47,"turns":3},{"damage":0,"enemies":"Giant Head","floor":48,"turns":6},{"damage":0,"enemies":"Replay:Hell Engine","floor":50,"turns":5}],"seed_played":"4025200539992664878","potions_obtained":[{"floor":1,"key":"CunningPotion"},{"floor":8,"key":"Dexterity Potion"},{"floor":9,"key":"FearPotion"},{"floor":9,"key":"DuplicationPotion"},{"floor":9,"key":"Regen Potion"},{"floor":10,"key":"Dexterity Potion"},{"floor":11,"key":"SkillPotion"},{"floor":16,"key":"FearPotion"},{"floor":18,"key":"ColorlessPotion"},{"floor":35,"key":"Fire Potion"},{"floor":44,"key":"Block Potion"},{"floor":45,"key":"DuplicationPotion"},{"floor":48,"key":"LiquidBronze"}],"is_trial":true,"path_per_floor":["M","?","?","$","M","E","R","E","T","E","M","M","E","?","R","B",null,"M","?","M","?","$","R","E","R","T","E","$","?","E","M","R","B",null,"M","M","?","?","$","E","R","M","T","E","M","E","M","E","R","B",null],"character_chosen":"THE_SILENT","items_purchased":["Bane","Boot","Noxious Fumes","Deadly Poison","ReplayTheSpireMod:Necrogeddon","ReplayTheSpireMod:CursedCoin","Snake Skull","Midas Touch","Shuriken","Oddly Smooth Stone","Blade Dance","Accuracy","Strength Potion","LiquidMemories"],"campfire_rested":0,"item_purchase_floors":[4,22,22,22,22,28,28,28,39,39,39,39,39,39],"current_hp_per_floor":[70,76,82,82,82,72,72,72,78,84,84,84,88,94,94,70,100,100,100,98,98,98,98,96,96,102,93,99,99,98,97,97,65,112,112,112,112,118,118,116,116,116,122,122,111,111,108,113,113,132],"gold":298,"neow_bonus":"","is_daily":false,"chose_seed":false,"campfire_upgraded":4,"win_rate":0.0,"timestamp":1611520156,"path_taken":["M","?","?","?","M","E","R","E","T","E","M","?","E","?","R","BOSS","M","?","?","?","$","R","E","R","T","E","?","?","E","M","R","BOSS","M","M","?","?","$","E","R","M","T","E","M","E","?","E","R","BOSS"],"items_purchased_type":["Card","Relic","Card","Card","Card","Relic","Relic","Card","Relic","Relic","Card","Card","Potion","Potion"],"build_version":"2020-12-22","purchased_purges":1,"victory":true,"max_hp_per_floor":[70,76,82,82,82,82,82,82,88,88,88,88,88,94,94,100,100,100,100,98,98,98,98,96,96,102,102,108,108,108,108,108,114,112,112,112,112,118,118,116,116,116,122,122,128,126,126,126,126,132],"card_choices":[{"not_picked":["Terror","Setup"],"picked":"Eviscerate","floor":1},{"not_picked":["Blade Dance","Prepared"],"picked":"Deadly Poison","floor":5},{"not_picked":["Malaise","Atom Bomb"],"picked":"Adrenaline","floor":6},{"not_picked":["Grand Finale","Unload"],"picked":"Envenom","floor":8},{"not_picked":["Doppelganger","Replay:Bag of Tricks","Atom Bomb"],"picked":"SKIP","floor":10},{"not_picked":["Cloak And Dagger","Underhanded Strike"],"picked":"Bane","floor":11},{"not_picked":["Hidden Blade","Crippling Poison"],"picked":"PiercingWail","floor":11},{"not_picked":["Dagger Spray","Terror"],"picked":"Deadly Poison","floor":12},{"not_picked":["Reflex","Prepared"],"picked":"Dodge and Roll","floor":12},{"not_picked":["Poison Darts","Envenom"],"picked":"Bullet Time","floor":13},{"not_picked":["Atom Bomb","Tools of the Trade"],"picked":"Glass Knife","floor":16},{"not_picked":["Calculated Gamble","Hidden Blade"],"picked":"Dodge and Roll+1","floor":18},{"not_picked":["Hidden Blade+1","Bane"],"picked":"Accuracy","floor":18},{"not_picked":["Noxious Fumes+1","Heel Hook"],"picked":"Blade Dance","floor":20},{"not_picked":["Footwork","Deflect+1"],"picked":"Outmaneuver","floor":20},{"not_picked":["Doppelganger","Grand Finale","Night Terror"],"picked":"SKIP","floor":24},{"not_picked":["Atom Bomb","Grand Finale"],"picked":"Poison Darts","floor":27},{"not_picked":["Tools of the Trade","Burst"],"picked":"Glass Knife","floor":30},{"not_picked":["Prepared","Crippling Poison"],"picked":"Cloak And Dagger","floor":31},{"not_picked":["Bane","Deadly Poison","Slice"],"picked":"SKIP","floor":31},{"not_picked":["After Image","Atom Bomb"],"picked":"Corpse Explosion","floor":33},{"not_picked":["Master of Strategy","Chrysalis"],"picked":"Poisoned Strike","floor":34},{"not_picked":["Trip","Finesse"],"picked":"Dark Shackles","floor":34},{"not_picked":["Finesse","ReplayTheSpireMod:Brewmster"],"picked":"Apotheosis","floor":34},{"not_picked":["Slice","Calculated Gamble"],"picked":"Choke+1","floor":35},{"not_picked":["Deflect","Backflip"],"picked":"Acrobatics","floor":35},{"not_picked":["Catalyst","Flying Knee+1"],"picked":"Noxious Fumes+1","floor":36},{"not_picked":["Deflect","Skewer+1","Cloak And Dagger+1"],"picked":"SKIP","floor":36},{"not_picked":["Crippling Poison+1","Distraction"],"picked":"Concentrate+1","floor":38},{"not_picked":["Phantasmal Killer","Venomology"],"picked":"Adrenaline","floor":40},{"not_picked":["Cloak And Dagger","ReplayTheSpireMod:Scrap Shanks","Sucker Punch"],"picked":"SKIP","floor":42},{"not_picked":["Cloak And Dagger+1","Backflip","Tools of the Trade"],"picked":"SKIP","floor":42},{"not_picked":["Tools of the Trade","Poison Darts"],"picked":"A Thousand Cuts","floor":44},{"not_picked":["Prepared","Bane"],"picked":"Well Laid Plans+1","floor":45},{"not_picked":["Backflip+1","Riddle With Holes"],"picked":"Deadly Poison+1","floor":45},{"not_picked":["Die Die Die","Grand Finale","Replay:Bag of Tricks"],"picked":"SKIP","floor":46},{"not_picked":["Tactician+1","Dodge and Roll"],"picked":"Toxin Wave","floor":47},{"not_picked":["Cloak And Dagger","Backflip+1","Flying Knee"],"picked":"SKIP","floor":47},{"not_picked":["Grand Finale","Phantasmal Killer"],"picked":"Adrenaline","floor":48}],"player_experience":956141,"relics_obtained":[{"floor":3,"key":"Ring of Peace"},{"floor":3,"key":"ReplayTheSpireMod:Ring of Collecting"},{"floor":6,"key":"Shovel"},{"floor":8,"key":"Prayer Wheel"},{"floor":9,"key":"Replay:Bottled Snecko"},{"floor":9,"key":"ReplayTheSpireMod:Ring of Addiction"},{"floor":9,"key":"Potion Belt"},{"floor":9,"key":"Toy Ornithopter"},{"floor":10,"key":"Girya"},{"floor":13,"key":"Smiling Mask"},{"floor":24,"key":"ReplayTheSpireMod:Shallot"},{"floor":26,"key":"ReplayTheSpireMod:Ring of Exchange"},{"floor":26,"key":"Dream Catcher"},{"floor":27,"key":"Mercury Hourglass"},{"floor":30,"key":"Orichalcum"},{"floor":38,"key":"ReplayFunnel"},{"floor":40,"key":"Torii"},{"floor":43,"key":"Ring of Hypnosis"},{"floor":43,"key":"Kunai"},{"floor":44,"key":"White Beast Statue"},{"floor":46,"key":"Bag of Marbles"},{"floor":48,"key":"ReplayTheSpireMod:TigerMarble"}],"event_choices":[{"damage_healed":0,"gold_gain":0,"player_choice":"Take Wound","damage_taken":0,"relics_obtained":["Golden Idol"],"max_hp_gain":0,"max_hp_loss":0,"event_name":"Golden Idol","floor":2,"gold_loss":0,"cards_obtained":["Injury"]},{"damage_healed":0,"gold_gain":175,"player_choice":"AGREE","damage_taken":0,"max_hp_gain":0,"max_hp_loss":0,"event_name":"Liars Game","floor":14,"gold_loss":0,"cards_obtained":["Doubt"]},{"damage_healed":0,"gold_gain":0,"player_choice":"Read","damage_taken":0,"max_hp_gain":0,"max_hp_loss":0,"event_name":"The Library","floor":21,"gold_loss":0,"cards_obtained":["Flying Knee"]},{"damage_healed":0,"gold_gain":333,"player_choice":"Gave Idol","damage_taken":0,"max_hp_gain":0,"max_hp_loss":0,"event_name":"The Moai Head","floor":37,"relics_lost":["Golden Idol"],"gold_loss":0}],"is_beta":false,"boss_relics":[{"not_picked":["SacredBark","Snecko Heart"],"picked":"HoveringKite"},{"not_picked":["TheAbacus","Coffee Dripper"],"picked":"ReplayTheSpireMod:ShopPack"}],"items_purged_floors":[28],"is_endless":false,"potions_floor_spawned":[1,8,10,11,16,18,24,35,44,45,46,47,48],"ascension_level":0}}