{"host":"vumwfieg2b2mnrfl","time":1611466879,"event":{"mods":["AchievementEnabler","BaseMod","Minty Spire (QoL Compilation)","Rare Cards Sparkle","Relic Stats"],"gold_per_floor":[14,30,43,56,56,56,90,90,90,90,90,103,135,210,210,284,284,297,212,223,223,223,253,253,283,283,283,106,156,190,112,112,186,186,206,231,243,243,260,289,289,289,289,316,316,332,332,44,44,44],"floor_reached":51,"language":"ENG","playtime":1453,"items_purged":["Strike_R"],"score":1515,"play_id":"1e2c8ebb-fa82-4c3d-931a-5e724c141ea3","local_time":"20210123234119","is_ascension_mode":true,"campfire_choices":[{"floor":6.0,"key":"REST"},{"data":"Metamorphosis","floor":8.0,"key":"SMITH"},{"floor":15.0,"key":"REST"},{"data":"Limit Break","floor":24,"key":"SMITH"},{"floor":27,"key":"REST"},{"data":"Double Tap","floor":32,"key":"SMITH"},{"data":"Battle Trance","floor":41,"key":"SMITH"},{"floor":45,"key":"REST"},{"data":"Shrug It Off","floor":49,"key":"SMITH"}],"circlet_count":0,"master_deck":["AscendersBane","Strike_R","Strike_R","Strike_R","Defend_R","Defend_R","Defend_R","Bash","Metamorphosis+1","Shrug It Off+1","Headbutt","Whirlwind","Spot Weakness","Flame Barrier","Limit Break+1","Spot Weakness+1","Battle Trance+1","Reaper","Double Tap+1","Offering","Fire Breathing+1","Exhume","True Grit+1","Armaments+1","Shrug It Off+1","True Grit+1","Mayhem+1"],"relics":["Burning Blood","Ice Cream","HornCleat","Frozen Egg 2","Gremlin Horn","Sozu","Question Card","Oddly Smooth Stone","Centennial Puzzle","White Beast Statue","Pen Nib","Mark of Pain","StoneCalendar","Charon\u0027s Ashes","Strawberry","Happy Flower"],"acts_visited":["Exordium","TheCity","TheBeyond"],"potions_floor_usage":[16,30],"damage_taken":[{"damage":15.0,"enemies":"Small Slimes","floor":1.0,"turns":3.0},{"damage":12.0,"enemies":"Jaw Worm","floor":2.0,"turns":2.0},{"damage":1.0,"enemies":"2 Louse","floor":3.0,"turns":4.0},{"damage":14.0,"enemies":"Looter","floor":4.0,"turns":3.0},{"damage":15.0,"enemies":"Lagavulin","floor":7.0,"turns":5.0},{"damage":7.0,"enemies":"2 Fungi Beasts","floor":12.0,"turns":3.0},{"damage":27.0,"enemies":"Gremlin Nob","floor":13.0,"turns":4.0},{"damage":24,"enemies":"Slime Boss","floor":16,"turns":6},{"damage":18,"enemies":"2 Thieves","floor":18,"turns":4},{"damage":0,"enemies":"3 Byrds","floor":20,"turns":3},{"damage":0,"enemies":"Gremlin Leader","floor":23,"turns":4},{"damage":33,"enemies":"Book of Stabbing","floor":25,"turns":5},{"damage":2,"enemies":"Gremlin Leader","floor":30,"turns":3},{"damage":16,"enemies":"Collector","floor":33,"turns":5},{"damage":22,"enemies":"3 Shapes","floor":35,"turns":6},{"damage":22,"enemies":"Mind Bloom Boss Battle","floor":36,"turns":4},{"damage":14,"enemies":"Orb Walker","floor":37,"turns":4},{"damage":51,"enemies":"Spire Growth","floor":39,"turns":5},{"damage":17,"enemies":"Reptomancer","floor":40,"turns":7},{"damage":35,"enemies":"Nemesis","floor":44,"turns":5},{"damage":20,"enemies":"Jaw Worm Horde","floor":46,"turns":2},{"damage":60,"enemies":"Donu and Deca","floor":50,"turns":7}],"seed_played":"-4683691512106854786","potions_obtained":[{"floor":3.0,"key":"SmokeBomb"},{"floor":12.0,"key":"BlessingOfTheForge"},{"floor":13.0,"key":"FearPotion"},{"floor":16,"key":"DistilledChaos"}],"is_trial":false,"path_per_floor":["M","M","M","M","?","R","E","R","T","$","?","M","E","?","R","B",null,"M","?","M","?","$","E","R","E","T","R","$","?","E","$","R","B",null,"M","?","M","?","M","E","R","?","T","E","R","M","?","$","R","B",null],"character_chosen":"IRONCLAD","items_purchased":["Double Tap","Fire Breathing+1","Mayhem+1"],"campfire_rested":4,"item_purchase_floors":[28,31,48],"current_hp_per_floor":[59,53,58,50,39,61,52,52,52,52,45,44,23,12,34,16,60,48,48,54,54,54,60,60,33,33,55,55,55,71,71,71,61,72,56,72,68,68,68,75,75,75,82,53,77,82,78,78,78,78],"gold":44,"neow_bonus":"RANDOM_COLORLESS_2","is_daily":false,"chose_seed":false,"campfire_upgraded":5,"win_rate":0.0,"timestamp":1611466879,"path_taken":["M","M","M","M","?","R","E","R","T","$","?","M","E","?","R","BOSS","M","?","M","?","?","E","R","E","T","R","$","?","E","$","R","BOSS","M","?","M","?","M","E","R","?","T","E","R","M","?","$","R","BOSS"],"items_purchased_type":["Card","Card","Card"],"build_version":"2020-12-22","purchased_purges":1,"victory":true,"max_hp_per_floor":[75,75,75,75,75,75,75,75,75,75,75,75,75,75,75,75,75,75,75,75,75,75,75,75,75,75,75,75,75,75,75,75,75,75,75,75,75,75,75,75,75,75,82,82,82,82,78,78,78,78],"relic_stats":{"Sozu":10,"Centennial Puzzle":[27],"Gremlin Horn":[25,27],"Happy Flower":[3],"counters":[22,94],"StoneCalendar":[0],"Pen Nib":[8],"Charon\u0027s Ashes":[64],"Question Card":12,"obtain_stats":[{"Ice Cream":5,"Gremlin Horn":13,"Happy Flower":44,"Oddly Smooth Stone":23,"StoneCalendar":36,"Pen Nib":30,"Charon\u0027s Ashes":40,"Frozen Egg 2":9,"Question Card":19,"Burning Blood":0,"White Beast Statue":26,"Sozu":17,"Centennial Puzzle":25,"HornCleat":7,"Strawberry":43,"Mark of Pain":34},{"Ice Cream":4,"Gremlin Horn":7,"Happy Flower":20,"Oddly Smooth Stone":11,"StoneCalendar":16,"Pen Nib":13,"Charon\u0027s Ashes":19,"Frozen Egg 2":5,"Question Card":9,"Burning Blood":0,"White Beast Statue":12,"Sozu":8,"Centennial Puzzle":12,"HornCleat":5,"Strawberry":19,"Mark of Pain":14},{"Ice Cream":12,"Gremlin Horn":24,"Happy Flower":85,"Oddly Smooth Stone":41,"StoneCalendar":64,"Pen Nib":49,"Charon\u0027s Ashes":80,"Frozen Egg 2":17,"Question Card":34,"Burning Blood":0,"White Beast Statue":46,"Sozu":30,"Centennial Puzzle":46,"HornCleat":17,"Strawberry":80,"Mark of Pain":54}],"Burning Blood":117},"card_choices":[{"not_picked":["Thinking Ahead","Secret Weapon"],"picked":"Metamorphosis","floor":0.0},{"not_picked":["Heavy Blade","Sword Boomerang"],"picked":"Shrug It Off","floor":1.0},{"not_picked":["Wild Strike","Havoc"],"picked":"Headbutt","floor":2.0},{"not_picked":["Iron Wave","Perfected Strike"],"picked":"Whirlwind","floor":3.0},{"not_picked":["Body Slam","Clothesline","Infernal Blade"],"picked":"SKIP","floor":4.0},{"not_picked":["Clash","Armaments"],"picked":"Spot Weakness","floor":7.0},{"not_picked":["Clash","Feel No Pain+1","Thunderclap"],"picked":"SKIP","floor":12.0},{"not_picked":["Blood for Blood","Sword Boomerang"],"picked":"Flame Barrier","floor":13.0},{"not_picked":["Exhume","Offering"],"picked":"Limit Break","floor":16},{"not_picked":["Perfected Strike+1","Whirlwind"],"picked":"Spot Weakness+1","floor":18},{"not_picked":["Clothesline","Inflame+1","Dropkick","Clash"],"picked":"SKIP","floor":20},{"not_picked":["Clothesline+1","Anger+1","Juggernaut+1"],"picked":"Battle Trance","floor":23},{"not_picked":["Wild Strike+1","Perfected Strike","Thunderclap"],"picked":"Reaper","floor":25},{"not_picked":["Sword Boomerang","Second Wind","Dropkick"],"picked":"Offering","floor":30},{"not_picked":["Fiend Fire","Impervious","Demon Form+1"],"picked":"Exhume","floor":33},{"not_picked":["Clothesline","Carnage+1","Perfected Strike"],"picked":"True Grit+1","floor":35},{"not_picked":["Pommel Strike","Perfected Strike","Anger+1"],"picked":"Armaments+1","floor":36},{"not_picked":["Fiend Fire","Sword Boomerang+1","Anger"],"picked":"Shrug It Off+1","floor":37},{"not_picked":["True Grit","Rage","Spot Weakness","Iron Wave"],"picked":"SKIP","floor":39},{"not_picked":["Iron Wave+1","Ghostly Armor+1","Feed"],"picked":"True Grit+1","floor":40},{"not_picked":["Whirlwind","Havoc","Pommel Strike","Carnage"],"picked":"SKIP","floor":44},{"not_picked":["Intimidate+1","Whirlwind","Sentinel+1","Perfected Strike"],"picked":"SKIP","floor":46}],"player_experience":454279,"relics_obtained":[{"floor":7.0,"key":"HornCleat"},{"floor":9.0,"key":"Frozen Egg 2"},{"floor":13.0,"key":"Gremlin Horn"},{"floor":23,"key":"Oddly Smooth Stone"},{"floor":25,"key":"Centennial Puzzle"},{"floor":26,"key":"White Beast Statue"},{"floor":30,"key":"Pen Nib"},{"floor":36,"key":"StoneCalendar"},{"floor":40,"key":"Charon\u0027s Ashes"},{"floor":43,"key":"Strawberry"},{"floor":44,"key":"Happy Flower"}],"event_choices":[{"damage_healed":0.0,"max_hp_gain":0.0,"max_hp_loss":0.0,"gold_gain":0.0,"event_name":"Scrap Ooze","player_choice":"Success","floor":5.0,"gold_loss":0.0,"damage_taken":11.0,"relics_obtained":["Ice Cream"]},{"cards_removed":["Strike_R"],"damage_healed":0.0,"max_hp_gain":0.0,"max_hp_loss":0.0,"gold_gain":0.0,"event_name":"Golden Wing","player_choice":"Card Removal","floor":11.0,"gold_loss":0.0,"damage_taken":7.0},{"damage_healed":0.0,"max_hp_gain":0.0,"max_hp_loss":0.0,"gold_gain":75.0,"event_name":"World of Goop","player_choice":"Gather Gold","floor":14.0,"gold_loss":0.0,"damage_taken":11.0},{"damage_healed":0,"gold_gain":0,"player_choice":"Obtained Relic","damage_taken":0,"relics_obtained":["Question Card"],"max_hp_gain":0,"max_hp_loss":0,"event_name":"Addict","floor":19,"gold_loss":85},{"damage_healed":0,"gold_gain":0,"player_choice":"Ignored","damage_taken":0,"max_hp_gain":0,"max_hp_loss":0,"event_name":"Cursed Tome","floor":21,"gold_loss":0},{"damage_healed":0,"gold_gain":50,"player_choice":"Stole From Cult","damage_taken":0,"max_hp_gain":0,"max_hp_loss":0,"event_name":"Nest","floor":29,"gold_loss":0},{"damage_healed":0,"gold_gain":0,"player_choice":"Fight","damage_taken":0,"max_hp_gain":0,"max_hp_loss":0,"event_name":"MindBloom","floor":36,"gold_loss":0},{"cards_removed":["Defend_R"],"damage_healed":0,"gold_gain":0,"player_choice":"Removed Skill","damage_taken":0,"max_hp_gain":0,"max_hp_loss":0,"event_name":"Falling","floor":38,"gold_loss":0},{"damage_healed":0,"gold_gain":0,"player_choice":"Ignored","damage_taken":0,"max_hp_gain":0,"max_hp_loss":0,"event_name":"Tomb of Lord Red Mask","floor":42,"gold_loss":0},{"damage_healed":0,"gold_gain":0,"player_choice":"Max HP","damage_taken":0,"max_hp_gain":0,"max_hp_loss":4,"event_name":"Winding Halls","floor":47,"gold_loss":0}],"is_beta":false,"boss_relics":[{"not_picked":["Cursed Key","Empty Cage"],"picked":"Sozu"},{"not_picked":["Tiny House","Runic Dome"],"picked":"Mark of Pain"}],"items_purged_floors":[48],"is_endless":false,"potions_floor_spawned":[3,12,13,16,20,30,33,35,36,37,39,40,44,46],"ascension_level":17}}