{"host":"syozzdlzcqop4jia","time":1611465625,"event":{"mods":["BaseMod","Colored Powertips","Minty Spire (QoL Compilation)","Quick Restart"],"gold_per_floor":[118,134,146,201,214,214,179,179,179,130,157,170,204,215,215,319,319,331,347,358,20,20,20,37,56,56,56,68,68,84,60,60,156,156,168,188,188,78,95,95,105,105,178,178,232,244,0,0,0,0,0],"floor_reached":50,"language":"ENG","playtime":3570,"items_purged":[],"score":552,"play_id":"c63d88a4-1324-4245-a455-867a9a511a6e","local_time":"20210124062025","is_ascension_mode":true,"campfire_choices":[{"data":"Flex","floor":6,"key":"SMITH"},{"floor":15,"key":"REST"},{"floor":23,"key":"REST"},{"floor":27,"key":"REST"},{"data":"Carnage","floor":29,"key":"SMITH"},{"floor":32,"key":"REST"},{"floor":40,"key":"REST"},{"floor":49,"key":"REST"}],"circlet_count":0,"master_deck":["Strike_R","Strike_R","Strike_R","Strike_R","Defend_R","Defend_R","Defend_R","Defend_R","Bash","Metallicize","Clash","Flex+1","Iron Wave","Double Tap","Carnage+1","Wild Strike","Demon Form","Clash","Shrug It Off+1","Iron Wave","Flex","Perfected Strike+1","Carnage","Twin Strike","Flex","Limit Break","Perfected Strike","Inflame","Rampage","Ghostly Armor+1","Perfected Strike+1","Flex"],"relics":["Burning Blood","Shuriken","Boot","Thread and Needle","Sozu","Happy Flower","Pen Nib","Nunchaku","Philosopher\u0027s Stone","Question Card","Dead Branch","Red Mask","Mummified Hand"],"acts_visited":["Exordium","TheCity","TheBeyond"],"potions_floor_usage":[13,16,18,20],"damage_taken":[{"damage":11,"enemies":"Cultist","floor":1,"turns":5},{"damage":3,"enemies":"Jaw Worm","floor":2,"turns":7},{"damage":10,"enemies":"Small Slimes","floor":3,"turns":4},{"damage":26,"enemies":"Gremlin Gang","floor":5,"turns":6},{"damage":26,"enemies":"3 Sentries","floor":11,"turns":10},{"damage":8,"enemies":"Lots of Slimes","floor":12,"turns":4},{"damage":22,"enemies":"Lagavulin","floor":13,"turns":6},{"damage":5,"enemies":"Red Slaver","floor":14,"turns":3},{"damage":46,"enemies":"The Guardian","floor":16,"turns":11},{"damage":34,"enemies":"3 Byrds","floor":18,"turns":7},{"damage":8,"enemies":"Chosen","floor":19,"turns":3},{"damage":41,"enemies":"Snecko","floor":20,"turns":6},{"damage":8,"enemies":"Cultist and Chosen","floor":24,"turns":4},{"damage":31,"enemies":"Snake Plant","floor":25,"turns":4},{"damage":6,"enemies":"Centurion and Healer","floor":28,"turns":4},{"damage":25,"enemies":"Shelled Parasite and Fungi","floor":30,"turns":4},{"damage":48,"enemies":"Collector","floor":33,"turns":5},{"damage":3,"enemies":"Orb Walker","floor":35,"turns":2},{"damage":55,"enemies":"3 Darklings","floor":36,"turns":6},{"damage":32,"enemies":"4 Shapes","floor":39,"turns":4},{"damage":19,"enemies":"Sphere and 2 Shapes","floor":41,"turns":3},{"damage":41,"enemies":"2 Orb Walkers","floor":45,"turns":4},{"damage":21,"enemies":"Writhing Mass","floor":46,"turns":3},{"damage":55,"enemies":"Time Eater","floor":50,"turns":4}],"seed_played":"545090536074747138","potions_obtained":[{"floor":1,"key":"ElixirPotion"},{"floor":2,"key":"Swift Potion"},{"floor":11,"key":"Strength Potion"},{"floor":14,"key":"Dexterity Potion"},{"floor":16,"key":"Weak Potion"}],"is_trial":false,"path_per_floor":["M","M","M","?","M","R","?","?","T","$","E","M","E","M","R","B",null,"M","M","M","$","$","R","M","M","T","R","M","R","M","$","R","B",null,"M","M","?","$","M","R","M","?","T","?","?","M","?","T","R","B"],"character_chosen":"IRONCLAD","items_purchased":["Iron Wave","Happy Flower","Pen Nib","Flex","Flex","Inflame","Rampage"],"campfire_rested":6,"item_purchase_floors":[10,21,21,21,31,38,38],"current_hp_per_floor":[83,86,82,82,62,62,84,84,84,84,64,62,46,47,73,33,88,60,58,23,23,23,49,47,22,22,48,48,48,29,29,55,13,88,88,39,39,39,13,39,26,77,77,77,42,27,27,27,50,0,0],"gold":0,"neow_bonus":"TEN_PERCENT_HP_BONUS","is_daily":false,"chose_seed":false,"campfire_upgraded":2,"win_rate":0.0,"timestamp":1611465625,"path_taken":["M","?","M","?","M","R","?","?","T","$","E","M","E","M","R","BOSS","M","?","?","?","$","R","M","M","T","R","?","R","M","$","R","BOSS","M","M","?","$","?","R","M","?","T","?","?","M","?","?","R","BOSS"],"items_purchased_type":["Card","Relic","Relic","Card","Card","Card","Card"],"build_version":"2020-12-22","purchased_purges":0,"victory":false,"max_hp_per_floor":[88,88,88,88,88,88,88,88,88,88,88,88,88,88,88,88,88,88,88,88,88,88,88,88,88,88,88,88,88,88,88,88,88,88,88,88,88,88,88,88,88,77,77,77,77,77,77,77,77,77,77],"card_choices":[{"not_picked":["Sever Soul","Headbutt"],"picked":"Metallicize","floor":1},{"not_picked":["Battle Trance","Combust"],"picked":"Clash","floor":2},{"not_picked":["Seeing Red","Dropkick","Whirlwind"],"picked":"SKIP","floor":3},{"not_picked":["Anger","Rupture"],"picked":"Flex","floor":5},{"not_picked":["Evolve","True Grit"],"picked":"Double Tap","floor":11},{"not_picked":["Armaments","Body Slam"],"picked":"Carnage","floor":12},{"not_picked":["Entrench","Spot Weakness"],"picked":"Wild Strike","floor":13},{"not_picked":["Cleave","Feel No Pain","Havoc"],"picked":"SKIP","floor":14},{"not_picked":["Barricade","Juggernaut"],"picked":"Demon Form","floor":16},{"not_picked":["Pommel Strike","Thunderclap+1"],"picked":"Clash","floor":18},{"not_picked":["Havoc+1","Fire Breathing"],"picked":"Shrug It Off+1","floor":19},{"not_picked":["Flame Barrier","Clothesline"],"picked":"Iron Wave","floor":20},{"not_picked":["Iron Wave+1","Seeing Red+1"],"picked":"Perfected Strike","floor":24},{"not_picked":["Armaments","Cleave","Havoc"],"picked":"SKIP","floor":25},{"not_picked":["Spot Weakness","Pommel Strike"],"picked":"Carnage","floor":28},{"not_picked":["Fiend Fire","Wild Strike"],"picked":"Twin Strike","floor":30},{"not_picked":["Immolate","Demon Form"],"picked":"Limit Break","floor":33},{"not_picked":["Searing Blow","Dual Wield"],"picked":"Perfected Strike","floor":35},{"not_picked":["Iron Wave","Clothesline+1"],"picked":"Armaments+1","floor":36},{"not_picked":["Body Slam","Searing Blow+1"],"picked":"Ghostly Armor+1","floor":39},{"not_picked":["Sword Boomerang","Armaments","True Grit+1"],"picked":"SKIP","floor":41},{"not_picked":["Havoc+1","Cleave","Seeing Red+1"],"picked":"Perfected Strike+1","floor":45},{"not_picked":["Anger","Iron Wave+1","Clothesline+1"],"picked":"Flex","floor":46}],"player_experience":334833,"relics_obtained":[{"floor":9,"key":"Shuriken"},{"floor":11,"key":"Boot"},{"floor":13,"key":"Thread and Needle"},{"floor":26,"key":"Nunchaku"},{"floor":43,"key":"Question Card"},{"floor":45,"key":"Dead Branch"},{"floor":48,"key":"Mummified Hand"}],"event_choices":[{"damage_healed":0,"gold_gain":55,"player_choice":"Gained Gold","damage_taken":0,"max_hp_gain":0,"max_hp_loss":0,"event_name":"Golden Wing","floor":4,"gold_loss":0},{"damage_healed":22,"gold_gain":0,"player_choice":"Healed","damage_taken":0,"max_hp_gain":0,"max_hp_loss":0,"event_name":"The Cleric","floor":7,"gold_loss":35},{"cards_removed":["Strike_R"],"damage_healed":0,"gold_gain":0,"player_choice":"Offered Basic","damage_taken":0,"max_hp_gain":0,"max_hp_loss":0,"event_name":"Bonfire Elementals","floor":8,"gold_loss":0},{"damage_healed":0,"gold_gain":0,"player_choice":"Forge","damage_taken":0,"max_hp_gain":0,"max_hp_loss":0,"event_name":"Accursed Blacksmith","floor":37,"gold_loss":0,"cards_upgraded":["Perfected Strike"]},{"damage_healed":77,"gold_gain":0,"player_choice":"Heal","damage_taken":0,"max_hp_gain":0,"max_hp_loss":11,"event_name":"The Moai Head","floor":42,"gold_loss":0},{"cards_removed":["Armaments"],"damage_healed":0,"gold_gain":0,"player_choice":"Removed Skill","damage_taken":0,"max_hp_gain":0,"max_hp_loss":0,"event_name":"Falling","floor":44,"gold_loss":0},{"damage_healed":0,"gold_gain":0,"player_choice":"Fight","damage_taken":0,"max_hp_gain":0,"max_hp_loss":0,"event_name":"Mysterious Sphere","floor":45,"gold_loss":0},{"damage_healed":0,"gold_gain":0,"player_choice":"Paid","damage_taken":0,"relics_obtained":["Red Mask"],"max_hp_gain":0,"max_hp_loss":0,"event_name":"Tomb of Lord Red Mask","floor":47,"gold_loss":244}],"is_beta":false,"boss_relics":[{"not_picked":["Black Blood","Pandora\u0027s Box"],"picked":"Sozu"},{"not_picked":["Runic Pyramid","SacredBark"],"picked":"Philosopher\u0027s Stone"}],"items_purged_floors":[],"is_endless":false,"potions_floor_spawned":[1,2,11,14,16,19,24,25,36,39],"killed_by":"Time Eater","ascension_level":2}}