{"host":"nwd160me4iqdtr8u","time":1611472380,"event":{"mods":["AchievementEnabler","Act Like it!","BaseMod","Colored Map","DeckTracker","Minty Spire (QoL Compilation)","Quick Restart","Rare Cards Sparkle","StSLib","SuperFastMode","The IronCluck","everything is the same but u backflip on backflip"],"gold_per_floor":[117,117,292,33,50,50,82,82,82,92,17,17,42,57,57,154,154,172,189,15,35,54,54,66,66,66,84,84,100,100,110,110,110,110],"floor_reached":33,"language":"KOR","playtime":1619,"items_purged":["Doubt","Strike_R"],"score":324,"play_id":"d0a222ff-6744-49d2-b543-31b3f249283b","local_time":"20210124161300","is_ascension_mode":true,"campfire_choices":[{"data":"Second Wind","floor":6.0,"key":"SMITH"},{"data":"Entrench","floor":8.0,"key":"SMITH"},{"data":"Body Slam","floor":15.0,"key":"SMITH"},{"data":"Barricade","floor":23.0,"key":"SMITH"},{"floor":30.0,"key":"REST"},{"data":"Flame Barrier","floor":32.0,"key":"SMITH"}],"circlet_count":0,"master_deck":["Strike_R","Strike_R","Strike_R","Strike_R","Defend_R","Defend_R","Defend_R","Defend_R","Bash","Thunderclap","Second Wind+1","Entrench+1","Body Slam+1","Barricade+1","Clothesline","Juggernaut","Rage","Ghostly Armor","Flame Barrier+1","Impervious","Shrug It Off"],"relics":["Burning Blood","PreservedInsect","Lantern","Matryoshka","Boot","Regal Pillow","Pen Nib","Bronze Scales","Bottled Flame","InkBottle","Runic Cube","HornCleat","Nloth\u0027s Gift"],"acts_visited":["Exordium","TheCity"],"potions_floor_usage":[],"damage_taken":[{"damage":0.0,"enemies":"2 Louse","floor":1.0,"turns":3.0},{"damage":5.0,"enemies":"Small Slimes","floor":5.0,"turns":4.0},{"damage":0.0,"enemies":"Gremlin Nob","floor":7.0,"turns":2.0},{"damage":0.0,"enemies":"Jaw Worm","floor":10.0,"turns":3.0},{"damage":42.0,"enemies":"Lagavulin","floor":13.0,"turns":7.0},{"damage":16.0,"enemies":"Exordium Wildlife","floor":14.0,"turns":4.0},{"damage":16.0,"enemies":"Hexaghost","floor":16.0,"turns":11.0},{"damage":4.0,"enemies":"3 Byrds","floor":18.0,"turns":3.0},{"damage":17.0,"enemies":"Chosen","floor":19.0,"turns":5.0},{"damage":16.0,"enemies":"Centurion and Healer","floor":21.0,"turns":8.0},{"damage":26.0,"enemies":"Sentry and Sphere","floor":22.0,"turns":6.0},{"damage":23.0,"enemies":"Snake Plant","floor":24.0,"turns":4.0},{"damage":0.0,"enemies":"Chosen and Byrds","floor":27.0,"turns":10.0},{"damage":7.0,"enemies":"Centurion and Healer","floor":29.0,"turns":8.0},{"damage":0.0,"enemies":"Snake Plant","floor":31.0,"turns":4.0},{"damage":96,"enemies":"Collector","floor":33,"turns":7}],"seed_played":"-1420728953656119944","potions_obtained":[{"floor":1.0,"key":"Fire Potion"},{"floor":7.0,"key":"LiquidBronze"},{"floor":16.0,"key":"Explosive Potion"},{"floor":18.0,"key":"Strength Potion"},{"floor":21.0,"key":"Weak Potion"},{"floor":24.0,"key":"Weak Potion"}],"is_trial":false,"path_per_floor":["M","?","?","$","M","R","E","R","T","M","$","T","E","M","R","B",null,"M","M","$","M","M","R","M","?","T","M","?","M","R","M","R","B"],"character_chosen":"IRONCLAD","items_purchased":["Matryoshka","LiquidMemories"],"campfire_rested":1,"item_purchase_floors":[4,20],"current_hp_per_floor":[80,62,62,62,63,63,69,69,69,75,75,75,39,29,29,19,80,80,69,69,59,39,39,22,22,22,29,29,28,67,73,73,0,0],"gold":110,"neow_bonus":"RANDOM_COMMON_RELIC","is_daily":false,"chose_seed":false,"campfire_upgraded":5,"win_rate":0.0,"timestamp":1611472380,"path_taken":["M","?","?","$","M","R","E","R","T","M","$","?","E","?","R","BOSS","M","M","$","M","M","R","M","?","T","?","?","M","R","M","R","BOSS"],"items_purchased_type":["Relic","Potion"],"build_version":"2020-12-22","purchased_purges":2,"victory":false,"max_hp_per_floor":[80,80,80,80,80,80,80,80,80,80,80,80,80,80,80,80,80,80,80,80,80,80,80,80,80,80,81,81,81,81,81,81,81,81],"card_choices":[{"not_picked":["Burning Pact","Iron Wave"],"picked":"Thunderclap","floor":1.0},{"not_picked":["Heavy Blade","Ghostly Armor"],"picked":"Second Wind","floor":5.0},{"not_picked":["Metallicize","Demon Form"],"picked":"Entrench","floor":7.0},{"not_picked":["Pommel Strike","Havoc"],"picked":"Body Slam","floor":10.0},{"not_picked":["Sever Soul","Headbutt"],"picked":"Barricade","floor":13.0},{"not_picked":["Flex","True Grit"],"picked":"Clothesline","floor":14.0},{"not_picked":["Brutality","Fiend Fire"],"picked":"Juggernaut","floor":16.0},{"not_picked":["Uppercut","Pommel Strike","Anger"],"picked":"SKIP","floor":18.0},{"not_picked":["Flex","Sword Boomerang"],"picked":"Rage","floor":19.0},{"not_picked":["Anger+1","Perfected Strike"],"picked":"Ghostly Armor","floor":21.0},{"not_picked":["Brutality","Headbutt"],"picked":"Flame Barrier","floor":22.0},{"not_picked":["Body Slam","Clash+1","Iron Wave"],"picked":"SKIP","floor":24.0},{"not_picked":["Sentinel","Dual Wield"],"picked":"Impervious","floor":27.0},{"not_picked":["Ghostly Armor","Perfected Strike+1"],"picked":"Shrug It Off","floor":29.0},{"not_picked":["Sword Boomerang","Clash+1","Whirlwind"],"picked":"SKIP","floor":31.0}],"player_experience":236017,"relics_obtained":[{"floor":7.0,"key":"Boot"},{"floor":9.0,"key":"Regal Pillow"},{"floor":9.0,"key":"Pen Nib"},{"floor":12.0,"key":"Bronze Scales"},{"floor":12.0,"key":"Bottled Flame"},{"floor":13.0,"key":"InkBottle"},{"floor":26.0,"key":"HornCleat"}],"event_choices":[{"damage_healed":0.0,"max_hp_gain":0.0,"max_hp_loss":0.0,"gold_gain":0.0,"event_name":"Scrap Ooze","player_choice":"Success","floor":2.0,"gold_loss":0.0,"damage_taken":18.0,"relics_obtained":["Lantern"]},{"damage_healed":0.0,"max_hp_gain":0.0,"max_hp_loss":0.0,"gold_gain":175.0,"event_name":"Liars Game","player_choice":"AGREE","floor":3.0,"gold_loss":0.0,"damage_taken":0.0,"cards_obtained":["Doubt"]},{"damage_healed":0.0,"max_hp_gain":0.0,"max_hp_loss":0.0,"gold_gain":0.0,"event_name":"FaceTrader","player_choice":"Trade","floor":25.0,"gold_loss":0.0,"damage_taken":0.0,"relics_obtained":["FaceOfCleric"]},{"damage_healed":0.0,"max_hp_gain":0.0,"max_hp_loss":0.0,"gold_gain":0.0,"event_name":"N\u0027loth","player_choice":"Traded Relic","floor":28.0,"relics_lost":["FaceOfCleric"],"gold_loss":0.0,"damage_taken":0.0,"relics_obtained":["Nloth\u0027s Gift"]}],"is_beta":false,"boss_relics":[{"not_picked":["Sozu","Philosopher\u0027s Stone"],"picked":"Runic Cube"}],"items_purged_floors":[11,20],"is_endless":false,"potions_floor_spawned":[1,7,16,18,21,24],"killed_by":"Collector","ascension_level":1}}