{"host":"zk71suw73lg2r165","time":1611501474,"event":{"mods":["BaseMod","Colored Map","Minty Spire (QoL Compilation)","Permanent Neow","Relic Stats","StSLib"],"gold_per_floor":[116,116,130,280,299,334,348,3,3,3,3,19,53,73,73,73,73],"floor_reached":16,"language":"ENG","playtime":397,"items_purged":["Doubt"],"score":224,"play_id":"e0562cdd-f4a5-45aa-888f-559dfbb1cf29","local_time":"20210124101754","is_ascension_mode":true,"campfire_choices":[{"floor":10,"key":"REST"},{"data":"Uppercut","floor":15,"key":"SMITH"}],"circlet_count":0,"master_deck":["AscendersBane","Strike_R","Strike_R","Strike_R","Strike_R","Defend_R","Defend_R","Defend_R","Defend_R","Bash","Pommel Strike","Inflame","Infernal Blade","Thunderclap","Battle Trance","Flame Barrier","Clothesline","Exhume","Uppercut+1"],"relics":["Burning Blood","Calipers","Dream Catcher","Pear","Tiny Chest","Matryoshka"],"acts_visited":["Exordium"],"potions_floor_usage":[7,14],"damage_taken":[{"damage":9,"enemies":"Jaw Worm","floor":1,"turns":5},{"damage":12,"enemies":"Small Slimes","floor":3,"turns":4},{"damage":1,"enemies":"Cultist","floor":5,"turns":3},{"damage":59,"enemies":"Gremlin Nob","floor":6,"turns":5},{"damage":1,"enemies":"Looter","floor":7,"turns":3},{"damage":18,"enemies":"Large Slime","floor":12,"turns":4},{"damage":25,"enemies":"Lagavulin","floor":13,"turns":6},{"damage":1,"enemies":"Blue Slaver","floor":14,"turns":5},{"damage":28,"enemies":"Slime Boss","floor":16,"turns":3}],"seed_played":"-7196747177734726836","potions_obtained":[{"floor":6,"key":"Block Potion"},{"floor":12,"key":"Weak Potion"},{"floor":13,"key":"Block Potion"}],"is_trial":false,"path_per_floor":["M","?","M","?","M","E","M","$","T","R","?","M","E","M","R","B"],"character_chosen":"IRONCLAD","items_purchased":["Pear"],"campfire_rested":1,"item_purchase_floors":[8],"current_hp_per_floor":[65,65,59,59,64,11,16,26,26,51,51,39,20,25,25,0,0],"gold":73,"neow_bonus":"ONE_RARE_RELIC","is_daily":false,"chose_seed":false,"campfire_upgraded":1,"win_rate":0.0,"timestamp":1611501474,"path_taken":["M","?","M","?","?","E","M","$","T","R","?","M","E","?","R","BOSS"],"items_purchased_type":["Relic"],"build_version":"2020-12-22","purchased_purges":1,"victory":false,"max_hp_per_floor":[75,75,75,75,75,75,75,85,85,85,85,85,85,85,85,85,85],"relic_stats":{"Dream Catcher":1,"counters":[9,38],"Tiny Chest":0,"obtain_stats":[{"Dream Catcher":6,"Calipers":0,"Pear":8,"Matryoshka":13,"Tiny Chest":9,"Burning Blood":0},{"Dream Catcher":4,"Calipers":0,"Pear":5,"Matryoshka":7,"Tiny Chest":5,"Burning Blood":0},{"Dream Catcher":17,"Calipers":0,"Pear":20,"Matryoshka":30,"Tiny Chest":20,"Burning Blood":0}],"Burning Blood":48},"card_choices":[{"not_picked":["Wild Strike","Reckless Charge"],"picked":"Pommel Strike","floor":1},{"not_picked":["Pummel","Clash"],"picked":"Inflame","floor":3},{"not_picked":["Dual Wield","Havoc"],"picked":"Infernal Blade","floor":5},{"not_picked":["Heavy Blade","Armaments"],"picked":"Thunderclap","floor":6},{"not_picked":["Iron Wave","Clash"],"picked":"Battle Trance","floor":7},{"not_picked":["Havoc","Bloodletting"],"picked":"Flame Barrier","floor":10},{"not_picked":["Havoc","Heavy Blade"],"picked":"Clothesline","floor":12},{"not_picked":["Clothesline","Fire Breathing"],"picked":"Exhume","floor":13},{"not_picked":["Clash","Anger"],"picked":"Uppercut","floor":14}],"player_experience":1354300,"relics_obtained":[{"floor":6,"key":"Dream Catcher"},{"floor":9,"key":"Tiny Chest"},{"floor":13,"key":"Matryoshka"}],"event_choices":[{"cards_removed":["Normality"],"damage_healed":0,"gold_gain":0,"player_choice":"Forget","damage_taken":0,"max_hp_gain":0,"max_hp_loss":0,"event_name":"Living Wall","floor":2,"gold_loss":0},{"damage_healed":0,"gold_gain":150,"player_choice":"AGREE","damage_taken":0,"max_hp_gain":0,"max_hp_loss":0,"event_name":"Liars Game","floor":4,"gold_loss":0,"cards_obtained":["Doubt"]},{"cards_removed":["Strike_R"],"damage_healed":0,"gold_gain":0,"player_choice":"Purged","damage_taken":0,"max_hp_gain":0,"max_hp_loss":0,"event_name":"Purifier","floor":11,"gold_loss":0}],"is_beta":false,"boss_relics":[],"items_purged_floors":[8],"is_endless":false,"potions_floor_spawned":[6,12,13],"killed_by":"Slime Boss","ascension_level":20}}