{"host":"3l94tha3a4jgu0q4","time":1611447842,"event":{"mods":["2.2 Compatiblity","AchievementEnabler","BaseMod","Colored Map","Colored Powertips","Highlight Path","Minty Spire (QoL Compilation)","Permanent Neow","StSLib","SuperFastMode","The IronCluck","slay the spire mod where everything is the same but ironclad has a cowboy hat"],"gold_per_floor":[116,135,135,60,71,97,97,97,97],"floor_reached":8,"language":"ENG","playtime":194,"items_purged":["Strike_P"],"score":106,"play_id":"0c6dcef9-d9d6-49c5-9006-9d53770632f9","local_time":"20210123162402","is_ascension_mode":true,"campfire_choices":[{"data":"Wallop","floor":7,"key":"SMITH"}],"circlet_count":0,"master_deck":["AscendersBane","Strike_P","Defend_P","Defend_P","Defend_P","Eruption","Vigilance","Protect+1","Devotion+1","Prostrate+1","Wallop+1","Prostrate","Pray"],"relics":["Astrolabe","Lantern"],"acts_visited":["Exordium"],"potions_floor_usage":[2,6,6],"damage_taken":[{"damage":4,"enemies":"Small Slimes","floor":1,"turns":5},{"damage":0,"enemies":"Cultist","floor":2,"turns":3},{"damage":0,"enemies":"Jaw Worm","floor":5,"turns":4},{"damage":20,"enemies":"3 Sentries","floor":6,"turns":12},{"damage":44,"enemies":"Gremlin Nob","floor":8,"turns":4}],"seed_played":"3446370320836528952","potions_obtained":[{"floor":1,"key":"AttackPotion"},{"floor":2,"key":"Fire Potion"},{"floor":5,"key":"BlessingOfTheForge"}],"is_trial":false,"path_per_floor":["M","M","?","$","M","E","R","E"],"character_chosen":"WATCHER","items_purchased":[],"campfire_rested":0,"item_purchase_floors":[],"current_hp_per_floor":[57,57,62,62,62,42,42,0,0],"gold":97,"neow_bonus":"BOSS_RELIC","is_daily":false,"chose_seed":false,"campfire_upgraded":1,"win_rate":0.0,"timestamp":1611447842,"path_taken":["M","M","?","?","M","E","R","E"],"items_purchased_type":[],"build_version":"2020-12-22","purchased_purges":1,"victory":false,"max_hp_per_floor":[68,68,68,68,68,68,68,68,68],"card_choices":[{"not_picked":["Crescendo","ForeignInfluence"],"picked":"CrushJoints","floor":1},{"not_picked":["FollowUp","Crescendo"],"picked":"Wallop","floor":2},{"not_picked":["CrushJoints","Halt"],"picked":"Prostrate","floor":5},{"not_picked":["Worship","Tantrum"],"picked":"Pray","floor":6}],"player_experience":1953548,"relics_obtained":[{"floor":6,"key":"Lantern"}],"event_choices":[{"cards_removed":["CrushJoints"],"damage_healed":5,"gold_gain":0,"player_choice":"Offered Common","damage_taken":0,"max_hp_gain":0,"max_hp_loss":0,"event_name":"Bonfire Elementals","floor":3,"gold_loss":0},{"cards_removed":["CrushJoints"],"damage_healed":5,"gold_gain":0,"player_choice":"Offered Special","damage_taken":0,"max_hp_gain":0,"max_hp_loss":0,"event_name":"Bonfire Elementals","floor":3,"gold_loss":0}],"is_beta":false,"boss_relics":[],"items_purged_floors":[4],"is_endless":false,"potions_floor_spawned":[1,2,5],"killed_by":"Gremlin Nob","ascension_level":18}}