{"host":"z42sc0n2dozsmk72","time":1611493957,"event":{"mods":["AchievementEnabler","BaseMod","Better Third Choice","Colored Map","Curses Come First","Highlight Path","Minty Spire (QoL Compilation)","Permanent Neow","Quick Restart","Relic Stats","Shop Mod","StSLib","egg","slay the spire mod where everything is the same but ironclad has a cowboy hat"],"gold_per_floor":[112,112,127,141,157,157,189,189,189,207,232,232,232,248,248,348,348,367,282,301,211,229,229,229,229,229,264,264,264,264,275,275,275,275],"floor_reached":33,"language":"ENG","playtime":1587,"items_purged":[],"score":399,"play_id":"4d47b0e3-5688-4516-a53c-61e4d8da37c6","local_time":"20210125021237","is_ascension_mode":true,"campfire_choices":[{"data":"Uppercut","floor":6.0,"key":"SMITH"},{"data":"Uppercut","floor":8.0,"key":"SMITH"},{"data":"Uppercut","floor":12.0,"key":"SMITH"},{"data":"Burning Pact","floor":15.0,"key":"SMITH"},{"data":"Feed","floor":23,"key":"SMITH"},{"floor":25,"key":"RECALL"},{"data":"Bash","floor":28,"key":"SMITH"},{"data":"Bite","floor":32,"key":"SMITH"}],"circlet_count":0,"master_deck":["Defend_R+1","Defend_R+1","Defend_R+1","Defend_R+1","Bash+1","Burning Pact+1","Seek+1","Uppercut+1","Uppercut+1","Uppercut+1","Feed+1","Warcry+1","Shrug It Off+1","Bite+1","Bite","Bite","Bite","Bite"],"relics":["SacredBark","Oddly Smooth Stone","Matryoshka","StrikeDummy","Kunai","Red Skull","SlaversCollar","Paper Frog","Mummified Hand","Torii"],"acts_visited":["Exordium","TheCity"],"potions_floor_usage":[20,20,20,33],"damage_taken":[{"damage":1.0,"enemies":"Small Slimes","floor":1.0,"turns":4.0},{"damage":6.0,"enemies":"Jaw Worm","floor":3.0,"turns":4.0},{"damage":7.0,"enemies":"2 Louse","floor":4.0,"turns":3.0},{"damage":10.0,"enemies":"Looter","floor":5.0,"turns":4.0},{"damage":37.0,"enemies":"Lagavulin","floor":7.0,"turns":8.0},{"damage":2.0,"enemies":"Red Slaver","floor":10.0,"turns":4.0},{"damage":7.0,"enemies":"3 Sentries","floor":11.0,"turns":7.0},{"damage":9.0,"enemies":"2 Fungi Beasts","floor":14.0,"turns":4.0},{"damage":0.0,"enemies":"The Guardian","floor":16.0,"turns":10.0},{"damage":31,"enemies":"Spheric Guardian","floor":18,"turns":5},{"damage":12,"enemies":"2 Thieves","floor":20,"turns":3},{"damage":26,"enemies":"Snake Plant","floor":22,"turns":5},{"damage":49,"enemies":"Book of Stabbing","floor":27,"turns":6},{"damage":32,"enemies":"Cultist and Chosen","floor":31,"turns":7},{"damage":54,"enemies":"Collector","floor":33,"turns":6}],"seed_played":"-6518148466519233888","potions_obtained":[{"floor":1.0,"key":"Dexterity Potion"},{"floor":3.0,"key":"FairyPotion"},{"floor":7.0,"key":"SneckoOil"},{"floor":11.0,"key":"HeartOfIron"},{"floor":18,"key":"EntropicBrew"},{"floor":20,"key":"Weak Potion"}],"is_trial":false,"path_per_floor":["M","?","M","M","M","R","E","R","T","M","E","R","?","M","R","B",null,"M","?","M","?","M","R","?","R","T","E","R","?","?","M","R","B"],"character_chosen":"IRONCLAD","items_purchased":[],"campfire_rested":0,"item_purchase_floors":[],"current_hp_per_floor":[79,47,41,34,24,24,48,48,48,46,39,39,32,23,23,23,80,52,52,74,74,51,51,80,80,80,31,31,31,31,19,19,0,0],"gold":275,"neow_bonus":"BOSS_RELIC","is_daily":false,"chose_seed":false,"campfire_upgraded":7,"win_rate":0.0,"timestamp":1611493957,"path_taken":["M","?","M","M","M","R","E","R","T","M","E","R","?","M","R","BOSS","M","?","M","?","?","R","?","R","T","E","R","?","?","M","R","BOSS"],"items_purchased_type":[],"build_version":"2020-12-22","purchased_purges":0,"victory":false,"max_hp_per_floor":[80,80,80,80,80,80,80,80,80,80,80,80,80,80,80,80,80,83,83,86,86,89,89,89,89,89,89,89,89,62,66,66,66,66],"relic_stats":{"Torii":0,"counters":[15,80],"Mummified Hand":[0],"Kunai":[4],"obtain_stats":[{"SlaversCollar":17,"Matryoshka":7,"Torii":27,"Mummified Hand":26,"SacredBark":0,"Oddly Smooth Stone":2,"Kunai":9,"StrikeDummy":9,"Burning Blood":0,"Red Skull":11,"Paper Frog":19},{"SlaversCollar":9,"Matryoshka":5,"Torii":13,"Mummified Hand":12,"SacredBark":0,"Oddly Smooth Stone":1,"Kunai":5,"StrikeDummy":5,"Burning Blood":0,"Red Skull":7,"Paper Frog":10},{"SlaversCollar":48,"Matryoshka":23,"Torii":67,"Mummified Hand":61,"SacredBark":0,"Oddly Smooth Stone":4,"Kunai":23,"StrikeDummy":23,"Burning Blood":0,"Red Skull":34,"Paper Frog":53}]},"card_choices":[{"not_picked":["Havoc","Warcry"],"picked":"Burning Pact","floor":1.0},{"not_picked":["Wild Strike","Armaments"],"picked":"Uppercut","floor":3.0},{"not_picked":["Perfected Strike","Sever Soul","Heavy Blade"],"picked":"SKIP","floor":4.0},{"not_picked":["Power Through","Hemokinesis"],"picked":"Uppercut","floor":5.0},{"not_picked":["Sword Boomerang","Carnage"],"picked":"Uppercut","floor":7.0},{"not_picked":["Armaments","Thunderclap","Perfected Strike"],"picked":"SKIP","floor":10.0},{"not_picked":["Cleave","Clothesline","Juggernaut"],"picked":"SKIP","floor":11.0},{"not_picked":["Clothesline","Clash","Flex"],"picked":"SKIP","floor":14.0},{"not_picked":["Berserk","Fiend Fire"],"picked":"Feed","floor":16.0},{"not_picked":["Hemokinesis","Twin Strike"],"picked":"Warcry+1","floor":18},{"not_picked":["Burning Pact","Uppercut","Wild Strike"],"picked":"SKIP","floor":20},{"not_picked":["Hemokinesis","Flex"],"picked":"Shrug It Off+1","floor":22},{"not_picked":["Warcry","Perfected Strike+1","Pommel Strike"],"picked":"SKIP","floor":27},{"not_picked":["Body Slam+1","Headbutt+1","Sword Boomerang"],"picked":"SKIP","floor":31}],"player_experience":873808,"relics_obtained":[{"floor":7.0,"key":"Matryoshka"},{"floor":9.0,"key":"StrikeDummy"},{"floor":9.0,"key":"Kunai"},{"floor":11.0,"key":"Red Skull"},{"floor":26,"key":"Mummified Hand"},{"floor":27,"key":"Torii"}],"event_choices":[{"cards_removed":["Strike_R"],"damage_healed":0.0,"max_hp_gain":0.0,"max_hp_loss":0.0,"gold_gain":0.0,"event_name":"Golden Wing","player_choice":"Card Removal","floor":13.0,"gold_loss":0.0,"damage_taken":7.0},{"damage_healed":0,"gold_gain":0,"player_choice":"Obtained Relic","damage_taken":0,"relics_obtained":["Paper Frog"],"max_hp_gain":0,"max_hp_loss":0,"event_name":"Addict","floor":19,"gold_loss":85},{"cards_removed":["Strike_R"],"damage_healed":0,"gold_gain":0,"player_choice":"Upgrade and Remove","damage_taken":0,"max_hp_gain":0,"max_hp_loss":0,"event_name":"Designer","floor":21,"gold_loss":90,"cards_upgraded":["Strike_R"]},{"damage_healed":29,"gold_gain":0,"player_choice":"Heal","damage_taken":0,"max_hp_gain":0,"max_hp_loss":0,"event_name":"The Library","floor":24,"gold_loss":0},{"damage_healed":0,"gold_gain":0,"player_choice":"Simplicity","damage_taken":0,"max_hp_gain":0,"max_hp_loss":6,"event_name":"betterThird:BetterWriting","floor":29,"gold_loss":0},{"damage_healed":0,"gold_gain":0,"player_choice":"Became a vampire","damage_taken":0,"max_hp_gain":0,"max_hp_loss":27,"event_name":"Vampires","floor":30,"gold_loss":0,"cards_obtained":["Bite","Bite","Bite","Bite","Bite"]}],"is_beta":false,"boss_relics":[{"not_picked":["Runic Cube","Philosopher\u0027s Stone"],"picked":"SlaversCollar"}],"items_purged_floors":[],"is_endless":false,"potions_floor_spawned":[1,3,7,11,18,20],"killed_by":"Collector","ascension_level":3}}