{"host":"refsn2q8at3dn95k","time":1611462523,"event":{"mods":["BaseMod","Hubris","Infinite Spire","Minty Spire (QoL Compilation)","Replay The Spire","StSLib","The Jungle"],"gold_per_floor":[111,121,121,121,140,168,168,198,198,198,198,198,54,69,69,167,167,181,181,192,203,217,247,259,259,307,307,324,341,352,386,386,491,491,510,1509,1529,1046,1046,1071,1071,1085,1136,1151,1198,1227,1255,1281,1281,1289,1289,1289,539,572,618,618],"floor_reached":55,"language":"ENG","playtime":5494,"items_purged":["Normality","Parasite"],"score":556,"play_id":"d58da5bf-8d1a-4e82-a1a8-28d49697c452","local_time":"20210123222843","is_ascension_mode":true,"campfire_choices":[{"floor":7,"key":"REST"},{"floor":12,"key":"REST"},{"floor":15,"key":"REST"},{"floor":25,"key":"REST"},{"floor":27,"key":"REST"},{"data":"Buffer","floor":32,"key":"SMITH"},{"floor":41,"key":"REST"},{"floor":49,"key":"RECALL"},{"data":"Normality","floor":52,"key":"PURGE"}],"circlet_count":0,"master_deck":["Strike_B","Strike_B","Strike_B","Defend_B","Defend_B+1","Defend_B","Defend_B","Zap","Dualcast","Hallucinations","hubris:Fate","Jack Of All Trades+1","Ball Lightning","Static Discharge","Loop","Mirror Shield","Buffer+1","Echo Form","Capacitor","Apotheosis"],"relics":["ReplayTheSpireMod:SealedPack","infinitespire:Bottled Soul","Peace Pipe","infinitespire:Joker Card","Blue Doll","Painkiller Herb","hubris:SlimyHat","infinitespire:PuzzleCube","Lizard Tail","hubris:ScarierMask","Mercury Hourglass","Strange Spoon","MealTicket","Gremlin Food","Thread and Needle","Replay:Bandana","Bottled Flame","Frozen Eye","infinitespire:Midas Blood"],"acts_visited":["Exordium","TheCity","TheBeyond","TheEnding"],"potions_floor_usage":[16,18,18,22,23,24,28,40,42,50,54,55,55],"damage_taken":[{"damage":7,"enemies":"2 Louse","floor":1,"turns":3},{"damage":3,"enemies":"Jaw Worm","floor":2,"turns":4},{"damage":0,"enemies":"Small Slimes","floor":5,"turns":3},{"damage":36,"enemies":"Gremlin Nob","floor":6,"turns":4},{"damage":13,"enemies":"Lagavulin","floor":8,"turns":5},{"damage":14,"enemies":"Looter","floor":14,"turns":4},{"damage":15,"enemies":"Slime Boss","floor":16,"turns":5},{"damage":18,"enemies":"3 Byrds","floor":18,"turns":3},{"damage":14,"enemies":"Shell Parasite","floor":20,"turns":4},{"damage":7,"enemies":"Shelled Parasite and Fungi","floor":21,"turns":5},{"damage":15,"enemies":"Centurion and Healer","floor":22,"turns":5},{"damage":18,"enemies":"Gremlin Leader","floor":23,"turns":5},{"damage":6,"enemies":"3 Cultists","floor":24,"turns":4},{"damage":6,"enemies":"Snake Plant","floor":28,"turns":5},{"damage":9,"enemies":"Shelled Parasite and Fungi","floor":29,"turns":2},{"damage":28,"enemies":"Cultist and Chosen","floor":30,"turns":6},{"damage":7,"enemies":"Replay:Snechameleon","floor":31,"turns":7},{"damage":0,"enemies":"Automaton","floor":33,"turns":2},{"damage":0,"enemies":"3 Shapes","floor":35,"turns":5},{"damage":0,"enemies":"Orb Walker","floor":37,"turns":6},{"damage":31,"enemies":"R_Hoarder","floor":40,"turns":7},{"damage":15,"enemies":"Writhing Mass","floor":42,"turns":4},{"damage":4,"enemies":"Sphere and 2 Shapes","floor":44,"turns":3},{"damage":0,"enemies":"2 Orb Walkers","floor":45,"turns":4},{"damage":0,"enemies":"Nightmare","floor":46,"turns":5},{"damage":0,"enemies":"Transient","floor":47,"turns":5},{"damage":3,"enemies":"Jaw Worm Horde","floor":48,"turns":6},{"damage":58,"enemies":"Replay:Hell Engine","floor":50,"turns":10},{"damage":34,"enemies":"Shield and Spear","floor":54,"turns":6},{"damage":124,"enemies":"The Heart","floor":55,"turns":6}],"seed_played":"5985490498339237337","potions_obtained":[{"floor":1,"key":"ColorlessPotion"},{"floor":14,"key":"SpeedPotion"},{"floor":16,"key":"Adrenaline Potion"},{"floor":20,"key":"LifebloodPotion"},{"floor":22,"key":"PowerPotion"},{"floor":23,"key":"Toxic Potion"},{"floor":24,"key":"Energy Potion"},{"floor":31,"key":"Block Potion"},{"floor":35,"key":"Toxic Potion"},{"floor":45,"key":"CultistPotion"},{"floor":47,"key":"Explosive Potion"},{"floor":48,"key":"LiquidBronze"}],"is_trial":false,"path_per_floor":["M","M","?","?","M","E","R","E","T","T","?","R","$","M","R","B",null,"?","?","?","?","?","E","?","T","T","T","?","?","?","E","T","B",null,"?","?","?","T","?","E","T","?","T","?","?","NM","?","?","T","B",null,"T","T","E","B"],"character_chosen":"DEFECT","items_purchased":["Blue Doll","Mercury Hourglass","Strange Spoon","Apotheosis","AttackPotion","Bottled Flame","Frozen Eye"],"campfire_rested":6,"item_purchase_floors":[13,38,38,53,53,53,53],"current_hp_per_floor":[68,65,50,75,75,39,61,48,48,48,48,70,70,56,75,60,75,57,57,58,51,36,18,27,49,49,71,65,56,73,75,75,75,75,75,75,75,75,75,44,66,75,75,71,71,71,71,75,75,17,75,75,72,38,0,0],"gold":618,"neow_bonus":"BOSS_RELIC","is_daily":false,"chose_seed":false,"campfire_upgraded":1,"win_rate":0.0,"timestamp":1611462523,"path_taken":["M","M","?","?","M","E","R","E","T","?","?","R","?","M","R","BOSS","?","?","?","?","?","E","?","T","T","T","?","?","?","E","T","BOSS","?","?","?","T","?","E","T","?","T","?","?","NM","?","?","T","BOSS","T","T","E","BOSS"],"items_purchased_type":["Relic","Relic","Relic","Card","Potion","Relic","Relic"],"build_version":"2020-12-22","purchased_purges":2,"victory":false,"max_hp_per_floor":[75,75,75,75,75,75,75,75,75,75,75,75,75,75,75,75,75,75,75,75,75,75,75,75,75,75,75,75,75,75,75,75,75,75,75,75,75,75,75,75,75,75,75,75,75,75,75,75,75,75,75,75,72,72,72,72],"card_choices":[{"not_picked":["infinitespire:SealOfDarkness+","infinitespire:SevenWalls"],"picked":"hubris:Fate","floor":0},{"not_picked":["Replay:Sssssssssshield","Finesse"],"picked":"Jack Of All Trades","floor":0},{"not_picked":["Beam Cell","Streamline"],"picked":"Ball Lightning","floor":1},{"not_picked":["ReplayTheSpireMod:System Scan","Turbo","Aggregate"],"picked":"SKIP","floor":2},{"not_picked":["Time Bomb","Panic Button"],"picked":"Static Discharge","floor":5},{"not_picked":["Coolheaded","Streamline"],"picked":"Loop","floor":6},{"not_picked":["ReplayTheSpireMod:Calculation Training","Melter","Ball Lightning"],"picked":"SKIP","floor":8},{"not_picked":["Machine Learning","Ball Lightning","Conserve Battery"],"picked":"SKIP","floor":14},{"not_picked":["ReplayTheSpireMod:Fabricate Wheel","ReplayRNGCard"],"picked":"Mirror Shield","floor":16},{"not_picked":["Doom and Gloom","Coolheaded","Panic Button"],"picked":"SKIP","floor":18},{"not_picked":["Sweeping Beam","Steam Power","ReplayTheSpireMod:System Scan"],"picked":"SKIP","floor":20},{"not_picked":["Lockon","Blizzard","Go for the Eyes"],"picked":"SKIP","floor":21},{"not_picked":["Coolheaded","Barrage+1","Leap"],"picked":"SKIP","floor":22},{"not_picked":["Sweeping Beam","Beam Cell","Streamline"],"picked":"SKIP","floor":23},{"not_picked":["Ball Lightning","ReplayTheSpireMod:Calculation Training","Rebound+1"],"picked":"SKIP","floor":24},{"not_picked":["BootSequence","Redo"],"picked":"Buffer","floor":28},{"not_picked":["Scrape+1","ReplayTheSpireMod:System Scan+1","Steam Power"],"picked":"SKIP","floor":29},{"not_picked":["Sweeping Beam","Conserve Battery+1","Leap"],"picked":"SKIP","floor":30},{"not_picked":["Cold Snap","Rebound","Hello World"],"picked":"SKIP","floor":31},{"not_picked":["Core Surge","Mirror Shield"],"picked":"Echo Form","floor":33},{"not_picked":["Compile Driver","Turbo+1","Panic Button+1"],"picked":"SKIP","floor":35},{"not_picked":["Beam Cell+1","Rip and Tear","Force Field"],"picked":"SKIP","floor":37},{"not_picked":["ReplayGash+1","Go for the Eyes","Turbo"],"picked":"SKIP","floor":40},{"not_picked":["Storm","Compile Driver","Scrape"],"picked":"SKIP","floor":42},{"not_picked":["Stack","All For One","Chaos"],"picked":"SKIP","floor":44},{"not_picked":["hubris:PowerSurge+1","Storm"],"picked":"Capacitor","floor":46},{"not_picked":["Go for the Eyes","Static Discharge+1","Chill"],"picked":"SKIP","floor":47},{"not_picked":["Rebound","Leap","Streamline+1"],"picked":"SKIP","floor":48},{"not_picked":["Cold Snap","Fusion+1","Gash+1"],"picked":"SKIP","floor":54}],"player_experience":1693269,"relics_obtained":[{"floor":6,"key":"infinitespire:Bottled Soul"},{"floor":8,"key":"Peace Pipe"},{"floor":10,"key":"infinitespire:Joker Card"},{"floor":23,"key":"hubris:SlimyHat"},{"floor":26,"key":"infinitespire:PuzzleCube"},{"floor":31,"key":"Lizard Tail"},{"floor":40,"key":"MealTicket"},{"floor":43,"key":"Gremlin Food"},{"floor":45,"key":"Thread and Needle"},{"floor":46,"key":"Replay:Bandana"},{"floor":54,"key":"infinitespire:Midas Blood"}],"event_choices":[{"damage_healed":0,"gold_gain":0,"player_choice":"Entered Light","damage_taken":15,"max_hp_gain":0,"max_hp_loss":0,"event_name":"Shining Light","floor":3,"gold_loss":0,"cards_upgraded":["Jack Of All Trades","Defend_B"]},{"damage_healed":25,"gold_gain":0,"player_choice":"Banana","damage_taken":0,"max_hp_gain":0,"max_hp_loss":0,"event_name":"Big Fish","floor":4,"gold_loss":0},{"cards_removed":["Defend_R"],"damage_healed":0,"gold_gain":0,"player_choice":"Took Card","damage_taken":0,"max_hp_gain":0,"max_hp_loss":0,"event_name":"NoteForYourself","floor":19,"gold_loss":0,"cards_obtained":["Defend_R"]},{"damage_healed":0,"gold_gain":999,"player_choice":"Gold","damage_taken":0,"max_hp_gain":0,"max_hp_loss":0,"event_name":"MindBloom","floor":36,"gold_loss":0,"cards_obtained":["Normality","Normality"]},{"damage_healed":0,"gold_gain":0,"player_choice":"Ignored","damage_taken":0,"max_hp_gain":0,"max_hp_loss":0,"event_name":"Tomb of Lord Red Mask","floor":39,"gold_loss":0},{"damage_healed":0,"gold_gain":0,"player_choice":"Fight","damage_taken":0,"max_hp_gain":0,"max_hp_loss":0,"event_name":"Mysterious Sphere","floor":45,"gold_loss":0}],"is_beta":false,"boss_relics":[{"not_picked":["hubris:GrandSneckoEye","Fusion Hammer"],"picked":"Painkiller Herb"},{"not_picked":["Sozu","Honey Jar"],"picked":"hubris:ScarierMask"}],"items_purged_floors":[38,53],"is_endless":false,"potions_floor_spawned":[1,14,16,20,22,23,24,31,35,45,47,48],"killed_by":"The Heart","ascension_level":1}}