{"host":"5fpb1gzflhq9886n","time":1611449535,"event":{"mods":["AchievementEnabler","BaseMod","Colored Map","Colored Powertips","Minty Spire (QoL Compilation)","Permanent Neow"],"gold_per_floor":[110,110,13,13,24,53,67,86,132,145,157,188,45,61,61,156,156,176,99,99,99,111,111,137,137,161,180,208,62,92,108,108,108,108],"floor_reached":33,"language":"ENG","playtime":2158,"items_purged":["Regret"],"score":380,"play_id":"e9d8a3cc-1b0d-496e-9069-d480b9257afb","local_time":"20210123195215","is_ascension_mode":true,"campfire_choices":[{"floor":15.0,"key":"REST"},{"floor":23.0,"key":"REST"},{"data":"Accuracy","floor":25.0,"key":"SMITH"},{"floor":32,"key":"REST"}],"circlet_count":0,"master_deck":["Strike_G","Strike_G","Strike_G","Strike_G","Strike_G","Defend_G","Defend_G","Defend_G","Defend_G","Defend_G","Survivor","Neutralize","Footwork+1","Blade Dance+1","All Out Attack","Poisoned Stab","Caltrops","Crippling Poison","Leg Sweep","Blur","Dodge and Roll","Die Die Die","Dash","Malaise","All Out Attack","Accuracy+1","Writhe","Concentrate+1","Cloak And Dagger+1","Finisher","Backstab","Corpse Explosion+1","Footwork+1","Dagger Spray"],"relics":["Snecko Eye","Meat on the Bone","Bronze Scales","Bag of Marbles","Ornamental Fan","WristBlade","Snake Skull","Toxic Egg 2","Dream Catcher","Strange Spoon","Pear"],"acts_visited":["Exordium","TheCity"],"potions_floor_usage":[33,33],"damage_taken":[{"damage":1.0,"enemies":"2 Louse","floor":1.0,"turns":4.0},{"damage":4.0,"enemies":"Jaw Worm","floor":5.0,"turns":4.0},{"damage":38.0,"enemies":"Gremlin Nob","floor":6.0,"turns":5.0},{"damage":8.0,"enemies":"Cultist","floor":7.0,"turns":3.0},{"damage":10.0,"enemies":"Red Slaver","floor":8.0,"turns":2.0},{"damage":25.0,"enemies":"Exordium Wildlife","floor":10.0,"turns":5.0},{"damage":3.0,"enemies":"Blue Slaver","floor":11.0,"turns":2.0},{"damage":39.0,"enemies":"Lagavulin","floor":12.0,"turns":6.0},{"damage":0.0,"enemies":"Gremlin Gang","floor":14.0,"turns":1.0},{"damage":45.0,"enemies":"Slime Boss","floor":16.0,"turns":12.0},{"damage":13.0,"enemies":"Chosen","floor":18.0,"turns":4.0},{"damage":26.0,"enemies":"2 Thieves","floor":22.0,"turns":4.0},{"damage":11.0,"enemies":"Slavers","floor":24.0,"turns":2.0},{"damage":22.0,"enemies":"3 Cultists","floor":27.0,"turns":4.0},{"damage":6,"enemies":"Gremlin Leader","floor":28,"turns":7},{"damage":16,"enemies":"Slavers","floor":30,"turns":4},{"damage":10,"enemies":"Chosen and Byrds","floor":31,"turns":2},{"damage":88,"enemies":"Collector","floor":33,"turns":7}],"seed_played":"4061412648306259359","potions_obtained":[{"floor":1.0,"key":"ColorlessPotion"},{"floor":6.0,"key":"PowerPotion"},{"floor":10.0,"key":"SkillPotion"},{"floor":11.0,"key":"CunningPotion"},{"floor":16.0,"key":"DistilledChaos"},{"floor":18.0,"key":"LiquidMemories"},{"floor":24.0,"key":"Explosive Potion"},{"floor":30,"key":"FearPotion"}],"is_trial":false,"path_per_floor":["M","?","$","?","M","E","M","M","T","M","M","E","$","M","R","B",null,"M","$","?","?","M","R","E","R","T","M","E","$","E","M","R","B"],"character_chosen":"THE_SILENT","items_purchased":["Blade Dance","Die Die Die","Accuracy","Strange Spoon"],"campfire_rested":3,"item_purchase_floors":[3,13,19,29],"current_hp_per_floor":[69,69,69,69,65,39,43,45,45,32,41,14,14,26,47,14,70,57,57,57,57,43,64,53,53,53,43,37,37,43,45,69,0,0],"gold":108,"neow_bonus":"BOSS_RELIC","is_daily":false,"chose_seed":false,"campfire_upgraded":1,"win_rate":0.0,"timestamp":1611449535,"path_taken":["M","?","$","?","M","E","M","M","T","?","M","E","?","M","R","BOSS","M","$","?","?","M","R","E","R","T","M","E","$","E","M","R","BOSS"],"items_purchased_type":["Card","Card","Card","Relic"],"build_version":"2020-12-22","purchased_purges":1,"victory":false,"max_hp_per_floor":[70,70,70,70,70,70,70,70,70,70,70,70,70,70,70,70,70,70,70,70,70,70,70,70,70,70,70,70,70,80,80,80,80,80],"card_choices":[{"not_picked":["Leg Sweep","Dodge and Roll"],"picked":"Footwork","floor":1.0},{"not_picked":["Deflect","Bouncing Flask"],"picked":"All Out Attack","floor":5.0},{"not_picked":["Night Terror","Slice"],"picked":"Poisoned Stab","floor":6.0},{"not_picked":["Calculated Gamble","Heel Hook"],"picked":"Caltrops","floor":7.0},{"not_picked":["Caltrops","Bane"],"picked":"Crippling Poison","floor":8.0},{"not_picked":["Concentrate","Cloak And Dagger"],"picked":"Leg Sweep","floor":10.0},{"not_picked":["Acrobatics","Underhanded Strike"],"picked":"Blur","floor":11.0},{"not_picked":["Cloak And Dagger","Setup"],"picked":"Dodge and Roll","floor":12.0},{"not_picked":["Crippling Poison","Heel Hook"],"picked":"Dash","floor":14.0},{"not_picked":["Envenom","Glass Knife"],"picked":"Malaise","floor":16.0},{"not_picked":["Quick Slash","Dodge and Roll"],"picked":"All Out Attack","floor":18.0},{"not_picked":["Calculated Gamble","Dodge and Roll"],"picked":"Concentrate+1","floor":22.0},{"not_picked":["Bane","Backflip+1"],"picked":"Cloak And Dagger+1","floor":24.0},{"not_picked":["Caltrops","Blur+1"],"picked":"Finisher","floor":27.0},{"not_picked":["Blur+1","Outmaneuver+1"],"picked":"Backstab","floor":28},{"not_picked":["Dagger Spray","Outmaneuver+1"],"picked":"Corpse Explosion+1","floor":30},{"not_picked":["Dodge and Roll+1","Underhanded Strike"],"picked":"Footwork+1","floor":31},{"not_picked":["Calculated Gamble+1","Footwork"],"picked":"Dagger Spray","floor":32}],"player_experience":753554,"relics_obtained":[{"floor":6.0,"key":"Bronze Scales"},{"floor":9.0,"key":"Bag of Marbles"},{"floor":12.0,"key":"Ornamental Fan"},{"floor":24.0,"key":"Toxic Egg 2"},{"floor":28,"key":"Dream Catcher"},{"floor":30,"key":"Pear"}],"event_choices":[{"damage_healed":0.0,"max_hp_gain":0.0,"max_hp_loss":0.0,"gold_gain":0.0,"event_name":"Big Fish","player_choice":"Box","floor":2.0,"gold_loss":0.0,"damage_taken":0.0,"relics_obtained":["Meat on the Bone"],"cards_obtained":["Regret"]},{"damage_healed":0.0,"max_hp_gain":0.0,"max_hp_loss":0.0,"gold_gain":0.0,"event_name":"Upgrade Shrine","player_choice":"Upgraded","floor":4.0,"gold_loss":0.0,"damage_taken":0.0,"cards_upgraded":["Footwork"]},{"damage_healed":0.0,"max_hp_gain":0.0,"max_hp_loss":0.0,"gold_gain":0.0,"event_name":"The Mausoleum","player_choice":"Opened","floor":20.0,"gold_loss":0.0,"damage_taken":0.0,"relics_obtained":["Snake Skull"],"cards_obtained":["Writhe"]},{"damage_healed":0.0,"max_hp_gain":0.0,"max_hp_loss":0.0,"gold_gain":0.0,"event_name":"Upgrade Shrine","player_choice":"Upgraded","floor":21.0,"gold_loss":0.0,"damage_taken":0.0,"cards_upgraded":["Blade Dance"]}],"is_beta":false,"boss_relics":[{"not_picked":["Ectoplasm","SlaversCollar"],"picked":"WristBlade"}],"items_purged_floors":[3],"is_endless":false,"potions_floor_spawned":[1,6,10,11,16,18,24,30],"killed_by":"Collector","ascension_level":4}}