{"host":"v1g0lpd6z6lg7is8","time":1611490292,"event":{"mods":["BaseMod","Colored Map","Colored Powertips","Minty Spire (QoL Compilation)","Quick Restart"],"gold_per_floor":[119,138,138,18,18,53,64,64,90,105,105,167,181,181,181,286,286,305,305,205,225,225,225,245,245,270,286,318,330,62,62,62,158,158,176,192,212,237,252,252,263,295,295,14,14,34,34,50,50,50],"floor_reached":51,"language":"ZHS","playtime":2422,"items_purged":["Body Slam","Strike_R","Defend_R","Shockwave+1"],"score":824,"play_id":"945851e4-595f-4251-968e-52c9ff95a12c","local_time":"20210124201132","is_ascension_mode":false,"campfire_choices":[{"data":"Flex","floor":8,"key":"SMITH"},{"data":"Sword Boomerang","floor":11,"key":"SMITH"},{"data":"Spot Weakness","floor":15,"key":"SMITH"},{"data":"Sword Boomerang","floor":23,"key":"SMITH"},{"data":"Shockwave","floor":25,"key":"SMITH"},{"data":"Offering","floor":32,"key":"SMITH"},{"data":"Offering","floor":40,"key":"SMITH"},{"data":"Limit Break","floor":47,"key":"SMITH"},{"data":"Bash","floor":49,"key":"SMITH"}],"circlet_count":0,"master_deck":["Defend_R","Defend_R","Defend_R","Bash+1","Sword Boomerang+1","Flex+1","Spot Weakness+1","Flame Barrier+1","Sword Boomerang+1","Offering+1","Heavy Blade+1","Offering+1","Limit Break+1"],"relics":["Burning Blood","NeowsBlessing","MealTicket","Red Skull","Lizard Tail","Pantograph","Empty Cage","PreservedInsect","Toy Ornithopter","Oddly Smooth Stone","Meat on the Bone","Bag of Preparation","Smiling Mask","Lantern"],"acts_visited":["Exordium","TheCity","TheBeyond"],"potions_floor_usage":[12,16,39,42,50,50,50],"damage_taken":[{"damage":0,"enemies":"2 Louse","floor":1,"turns":1},{"damage":0,"enemies":"Small Slimes","floor":2,"turns":1},{"damage":0,"enemies":"3 Sentries","floor":6,"turns":1},{"damage":1,"enemies":"Cultist","floor":7,"turns":3},{"damage":12,"enemies":"3 Louse","floor":10,"turns":3},{"damage":34,"enemies":"3 Sentries","floor":12,"turns":6},{"damage":7,"enemies":"Large Slime","floor":13,"turns":5},{"damage":35,"enemies":"The Guardian","floor":16,"turns":12},{"damage":16,"enemies":"Chosen","floor":18,"turns":2},{"damage":0,"enemies":"3 Byrds","floor":21,"turns":5},{"damage":12,"enemies":"Shelled Parasite and Fungi","floor":24,"turns":1},{"damage":24,"enemies":"Cultist and Chosen","floor":27,"turns":4},{"damage":14,"enemies":"Book of Stabbing","floor":28,"turns":2},{"damage":6,"enemies":"Snake Plant","floor":29,"turns":2},{"damage":32,"enemies":"Automaton","floor":33,"turns":6},{"damage":18,"enemies":"3 Darklings","floor":35,"turns":1},{"damage":6,"enemies":"Orb Walker","floor":36,"turns":1},{"damage":18,"enemies":"3 Darklings","floor":37,"turns":1},{"damage":16,"enemies":"Jaw Worm Horde","floor":39,"turns":2},{"damage":26,"enemies":"4 Shapes","floor":41,"turns":2},{"damage":18,"enemies":"Giant Head","floor":42,"turns":2},{"damage":18,"enemies":"Sphere and 2 Shapes","floor":46,"turns":1},{"damage":38,"enemies":"Writhing Mass","floor":48,"turns":2},{"damage":78,"enemies":"Awakened One","floor":50,"turns":7}],"seed_played":"-6080478028949496262","potions_obtained":[{"floor":1,"key":"Fruit Juice"},{"floor":6,"key":"AttackPotion"},{"floor":10,"key":"Weak Potion"},{"floor":12,"key":"Explosive Potion"},{"floor":18,"key":"BloodPotion"},{"floor":28,"key":"Explosive Potion"},{"floor":42,"key":"BloodPotion"},{"floor":46,"key":"AttackPotion"}],"is_trial":false,"path_per_floor":["M","M","?","$","?","E","M","R","T","M","R","?","M","?","R","B",null,"M","?","$","M","?","R","M","R","T","M","E","M","$","T","R","B",null,"M","M","M","T","M","R","M","E","T","$","?","M","R","M","R","B",null],"character_chosen":"IRONCLAD","items_purchased":["Flex","Oddly Smooth Stone","Limit Break","Lantern"],"campfire_rested":0,"item_purchase_floors":[4,30,44,44],"current_hp_per_floor":[80,80,73,73,73,79,80,80,80,74,74,51,50,50,50,46,85,75,75,85,85,85,85,79,79,79,61,53,53,68,68,68,59,85,73,73,61,61,56,56,48,58,58,73,95,83,83,63,63,62],"gold":50,"neow_bonus":"THREE_ENEMY_KILL","is_daily":false,"chose_seed":false,"campfire_upgraded":9,"win_rate":0.0,"timestamp":1611490292,"path_taken":["M","M","?","$","?","E","?","R","T","M","R","?","M","?","R","BOSS","M","?","$","M","?","R","?","R","T","?","E","M","$","?","R","BOSS","M","?","?","?","M","R","M","E","T","?","?","?","R","M","R","BOSS"],"items_purchased_type":["Card","Relic","Card","Relic"],"build_version":"2020-12-22","purchased_purges":4,"victory":true,"max_hp_per_floor":[80,80,80,80,80,80,80,80,80,80,80,85,85,85,85,85,85,85,85,85,85,85,85,85,85,85,85,85,85,85,85,85,85,85,85,85,85,85,85,85,85,85,85,85,95,95,95,95,95,95],"card_choices":[{"not_picked":["Dark Embrace","Rage"],"picked":"Sword Boomerang","floor":1},{"not_picked":["Iron Wave","Rupture"],"picked":"Body Slam","floor":2},{"not_picked":["Thunderclap","Body Slam","Brutality"],"picked":"SKIP","floor":6},{"not_picked":["True Grit","Twin Strike"],"picked":"Spot Weakness","floor":7},{"not_picked":["Body Slam","Feel No Pain","Disarm"],"picked":"SKIP","floor":10},{"not_picked":["Power Through","Warcry"],"picked":"Shockwave","floor":12},{"not_picked":["True Grit","Warcry","Anger"],"picked":"SKIP","floor":13},{"not_picked":["Fiend Fire","Demon Form"],"picked":"Offering","floor":16},{"not_picked":["Body Slam","Headbutt"],"picked":"Flame Barrier+1","floor":18},{"not_picked":["Second Wind","Twin Strike","Spot Weakness+1"],"picked":"SKIP","floor":21},{"not_picked":["Flex","Anger"],"picked":"Heavy Blade+1","floor":24},{"not_picked":["Flex","Thunderclap","Cleave+1"],"picked":"SKIP","floor":27},{"not_picked":["Twin Strike","Dark Embrace","Metallicize"],"picked":"SKIP","floor":28},{"not_picked":["Clash+1","Armaments","Feed"],"picked":"SKIP","floor":29},{"not_picked":["Bludgeon","Berserk"],"picked":"Offering","floor":33},{"not_picked":["Sword Boomerang","Iron Wave","Flame Barrier"],"picked":"SKIP","floor":35},{"not_picked":["Pommel Strike","Clothesline","Seeing Red+1"],"picked":"SKIP","floor":36},{"not_picked":["Pommel Strike+1","Shockwave","Feel No Pain"],"picked":"SKIP","floor":37},{"not_picked":["Perfected Strike","Twin Strike+1","Carnage+1"],"picked":"SKIP","floor":39},{"not_picked":["Thunderclap","Uppercut+1","Clothesline+1"],"picked":"SKIP","floor":41},{"not_picked":["Warcry+1","Perfected Strike","Dual Wield"],"picked":"SKIP","floor":42},{"not_picked":["Shockwave","Reckless Charge","Heavy Blade+1"],"picked":"SKIP","floor":46},{"not_picked":["Whirlwind","Body Slam+1","Headbutt+1"],"picked":"SKIP","floor":48}],"player_experience":1972246,"relics_obtained":[{"floor":6,"key":"MealTicket"},{"floor":9,"key":"Red Skull"},{"floor":12,"key":"Lizard Tail"},{"floor":26,"key":"PreservedInsect"},{"floor":28,"key":"Toy Ornithopter"},{"floor":31,"key":"Meat on the Bone"},{"floor":38,"key":"Bag of Preparation"},{"floor":43,"key":"Smiling Mask"}],"event_choices":[{"cards_removed":["Strike_R"],"damage_healed":0,"gold_gain":0,"player_choice":"Card Removal","damage_taken":7,"max_hp_gain":0,"max_hp_loss":0,"event_name":"Golden Wing","floor":3,"gold_loss":0},{"cards_removed":["Strike_R"],"damage_healed":0,"gold_gain":0,"player_choice":"Purged","damage_taken":0,"max_hp_gain":0,"max_hp_loss":0,"event_name":"Purifier","floor":5,"gold_loss":0},{"damage_healed":0,"gold_gain":30,"player_choice":"Searched \u00273\u0027 times","damage_taken":0,"max_hp_gain":0,"max_hp_loss":0,"event_name":"Dead Adventurer","floor":12,"gold_loss":0},{"damage_healed":0,"gold_gain":0,"player_choice":"Gave Potion","damage_taken":0,"relics_obtained":["Pantograph"],"max_hp_gain":0,"max_hp_loss":0,"event_name":"WeMeetAgain","floor":14,"gold_loss":0},{"damage_healed":0,"gold_gain":0,"player_choice":"Read","damage_taken":0,"max_hp_gain":0,"max_hp_loss":0,"event_name":"The Library","floor":19,"gold_loss":0,"cards_obtained":["Sword Boomerang"]},{"damage_healed":0,"gold_gain":0,"player_choice":"Copied","damage_taken":0,"max_hp_gain":0,"max_hp_loss":0,"event_name":"Duplicator","floor":22,"gold_loss":0,"cards_obtained":["Offering"]},{"cards_removed":["Offering"],"damage_healed":12,"gold_gain":0,"player_choice":"Offered Rare","damage_taken":0,"max_hp_gain":10,"max_hp_loss":0,"event_name":"Bonfire Elementals","floor":45,"gold_loss":0}],"is_beta":false,"boss_relics":[{"not_picked":["Runic Pyramid","SacredBark"],"picked":"Empty Cage"},{"not_picked":["Cursed Key","Runic Dome","Snecko Eye"]}],"items_purged_floors":[4,20,30,44],"is_endless":false,"potions_floor_spawned":[1,6,10,12,18,28,33,35,42,46,48],"ascension_level":0}}