{"host":"8inpc3yxphy2r27y","time":1611457989,"event":{"mods":["ATMod(°¢èªMod)","Bard","BaseMod","Better Synergies","Challenge The Spire","Conspire","Downfall","Energized Spire","FutureSeer","Gremlin Mod","GungeonMod","KinomotoSakuraMod(Ä¾Ö®±¾Ó£)","Lobotomy","LobotomyExtend","Minty Spire (QoL Compilation)","Quick Restart","Replay The Spire","RumiaBox-Â¶Ã×æ«µÄÉñÃØºÐ×Ó","RyuuouÁúÍõ","SIMod","Shop Mod","Spicy Shops","StSLib","TestMod","The Construct","The Cursed","The Gatherer","The Hierophant","[IsaacMod]ÒÔÈö¼âËþ","[JumpMod]Îè¶¯¼âËþ","noobMod","vexMod","¡¾ÒÅÎï¿¨ÅÆ¡¿REMEMod","óô»ðÖ¸ÄÏ"],"gold_per_floor":[99,114,129,144,159,174,224,124,139,154,64,78,118,132,146,245,245,183,212,241,241,241,270,281,321,361,18,47,47,76,76,105,204,204,24,60,10,10,89,133,208,100,123,170,230,29,77,55,172,305,305,398,72,28,44,44],"floor_reached":55,"language":"ZHS","playtime":5923,"items_purged":[],"score":1429,"play_id":"14d8a1ee-5628-45b4-bfc5-677f64cea80f","local_time":"20210124111309","daily_mods":["Specialized","downfall:Jewelcrafting","downfall:WorldOfGoo"],"is_ascension_mode":false,"campfire_choices":[{"floor":8.0,"key":"RECALL"}],"circlet_count":0,"master_deck":["conspire:GhostlyDefend","conspire:GhostlyDefend","conspire:GhostlyDefend","conspire:GhostlyDefend","Guardian:ExploitGems+1","Guardian:ExploitGems+1","sneckomod:Transmogrify+1","AT_ShadowStep","Adaptation","Adaptation","Adaptation","Adaptation","Indignation+1","Halt","Evaluate+1","Replay:Anticipation","Crescendo+1","ThirdEye","Replay:ManipulateFuture","Replay:AtTheReady","ForeignInfluence","AT_RealColorLess+1","REME_CRH","AT_TearsDenial","Decay","Pray","Replay:Battleflow","REME_Repentance","Replay:Battleflow","ConjureBlade+1","Replay:LoomingThreat+1","Fasting2+1","REME_CRH+1","Replay:Cycle","conspire:SpireCoStock","Mind Blast+1","REME_EyeOfCthun+1","testmod-WeaknessCounterattack+1","testmod-SunMoon+1","testmod-WeaknessCounterattack+1","JustLucky+1","WindmillStrike+1","Wallop+1","Tantrum+1","JustLucky+1","Wallop+1","FlyingSleeves+1","Establishment+1","ReachHeaven+1","REME_MusicOfDeath+1","Tantrum","JustLucky","Tantrum"],"relics":["PureWater","HushsDoor","REME_ComplimentaryCards","testmod-TestBox","AT_ATBox","ice","LetterFromLob","downfall:HeartBlessingBlue","RedMistMask","Replay:Bandana","ChampionBelt","MyShadow","downfall:HeartBlessingRed","MerchantsRug","AT_SeraphEmbrace","Iron Hammer","Strange Spoon","Frozen Egg 2","downfall:RedIOU","Enchiridion","downfall:HeartBlessingGreen","Guide Book","GodSword6","REME_CardOfGreed","testmod-BouquetWithThorns","DemoMod:RiddleOfLead","Quantum Egg","testmod-ArcanaOfDestiny","testmod-Maize","Replay:Purple Gloves","Replay:Bottled Steam","Guardian:PocketSentry","Simple Rune","AT_BellDemon","DemoMod:GlassGuonStoneRelic","testmod-CasingShield","DemoMod:Metronome","AT_EbonyIvory","testmod-RainbowHikingShoes","BFFS","REME_PuzzleBoxRelic","Medical Kit"],"acts_visited":["Exordium","TheCity","TheBeyond","TheEnding"],"potions_floor_usage":[],"damage_taken":[{"damage":13.0,"enemies":"conspire:RoseBush","floor":2.0,"turns":6.0},{"damage":32.0,"enemies":"Small Slimes","floor":3.0,"turns":4.0},{"damage":7.0,"enemies":"Jaw Worm","floor":4.0,"turns":5.0},{"damage":63.0,"enemies":"Lots of Slimes","floor":5.0,"turns":7.0},{"damage":238.0,"enemies":"Gremlin Gang","floor":6.0,"turns":17.0},{"damage":44.0,"enemies":"2 Fungi Beasts","floor":9.0,"turns":5.0},{"damage":7.0,"enemies":"Blue Slaver","floor":10.0,"turns":4.0},{"damage":2.0,"enemies":"downfall:FleeingMerchant","floor":11.0,"turns":4.0},{"damage":36.0,"enemies":"Lots of Slimes","floor":12.0,"turns":3.0},{"damage":31.0,"enemies":"3 Sentries","floor":13.0,"turns":8.0},{"damage":19.0,"enemies":"Exordium Thugs","floor":14.0,"turns":5.0},{"damage":3.0,"enemies":"Large Slime","floor":15.0,"turns":5.0},{"damage":0.0,"enemies":"Fading Forest","floor":16.0,"turns":11.0},{"damage":118.0,"enemies":"REME_1_Revenger","floor":19.0,"turns":5.0},{"damage":87.0,"enemies":"Slavers","floor":20.0,"turns":3.0},{"damage":38.0,"enemies":"Book of Stabbing","floor":23.0,"turns":4.0},{"damage":51.0,"enemies":"Slavers","floor":25.0,"turns":3.0},{"damage":0,"enemies":"Replay:Snechameleon","floor":26,"turns":1},{"damage":30,"enemies":"downfall:FleeingMerchant","floor":27,"turns":3},{"damage":71,"enemies":"REME_1_Revenger","floor":28,"turns":3},{"damage":0,"enemies":"conspire:SneckoGhost","floor":30,"turns":1},{"damage":2,"enemies":"conspire:Head Lice","floor":32,"turns":4},{"damage":187,"enemies":"IC_MUSHROOM_ARCHETYPE","floor":33,"turns":6},{"damage":0,"enemies":"R_Hoarder","floor":36,"turns":6},{"damage":50,"enemies":"conspire:MimicChest","floor":39,"turns":7},{"damage":0,"enemies":"3 Darklings","floor":40,"turns":2},{"damage":0,"enemies":"Nemesis","floor":44,"turns":1},{"damage":22,"enemies":"Giant Head","floor":45,"turns":3},{"damage":0,"enemies":"Orb Walker","floor":47,"turns":1},{"damage":110,"enemies":"R_Hoarder","floor":49,"turns":3},{"damage":11,"enemies":"DF_ARCHETYPE_ORBS","floor":50,"turns":5},{"damage":0,"enemies":"downfall:CharBossMerchant","floor":52,"turns":3},{"damage":0,"enemies":"downfall:NeowBoss","floor":55,"turns":4}],"seed_played":"-992185634128019100","potions_obtained":[{"floor":3.0,"key":"LiquidMemories"},{"floor":5.0,"key":"Block Potion"},{"floor":6.0,"key":"Weak Potion"},{"floor":13.0,"key":"SteroidPotion"},{"floor":19.0,"key":"Venom Potion"},{"floor":25.0,"key":"EssenceOfSteel"},{"floor":26,"key":"Venom Potion"},{"floor":36,"key":"LiquidBronze"},{"floor":39,"key":"SpeedPotion"},{"floor":40,"key":"SteroidPotion"},{"floor":44,"key":"SteroidPotion"},{"floor":45,"key":"FearPotion"},{"floor":47,"key":"Fire Potion"}],"is_trial":false,"path_per_floor":["R","M","M","M","M","M","T","R","M","M","$","M","?","M","M","B",null,"R","M","M","?","?","M","T","M","M","$","E","?","E","?","M","B",null,"R","M","?","?","?","M","T","R","?","M","E","R","M","$","M","B",null,"E","$","R","B"],"character_chosen":"WATCHER","items_purchased":["testmod-Charity","DeathBook","MyShadow","REME_CRH","AT_TearsDenial","ReplayTheSpireMod:CursedCoin","MerchantsRug","Strange Spoon","Frozen Egg 2","Quantum Egg","Sling","Guide Book","GodSword3","GodSword6","AT_BellDemon","Replay:Bottled Steam","Blue Doll","BFFS","REME_PuzzleBoxRelic","Medical Kit","Tantrum"],"campfire_rested":0,"item_purchase_floors":[11,17,17,17,17,18,18,27,27,27,27,35,35,35,42,46,48,53,53,53,54],"current_hp_per_floor":[144,275,531,524,461,223,223,263,219,212,210,178,151,136,739,775,1178,1186,1116,1089,1089,1089,1111,1115,1115,1122,1129,1069,1069,1129,1108,1131,973,1419,1425,1422,1422,1422,1432,1432,1432,1432,860,860,838,838,838,838,728,717,1253,1253,1253,1253,1253,1253],"gold":44,"neow_bonus":"","is_daily":true,"chose_seed":false,"campfire_upgraded":0,"win_rate":0.0,"timestamp":1611457989,"path_taken":["R","?","?","M","M","M","T","R","M","M","$","M","?","?","M","BOSS","R","M","M","?","?","M","T","M","M","$","E","?","E","?","M","BOSS","R","M","?","?","?","?","T","R","?","M","E","R","M","?","M","BOSS","E","$","R","BOSS"],"items_purchased_type":["Relic","Relic","Relic","Card","Card","Relic","Relic","Relic","Relic","Relic","Relic","Relic","Relic","Relic","Relic","Relic","Relic","Relic","Relic","Relic","Card"],"build_version":"2020-12-22","purchased_purges":0,"victory":false,"max_hp_per_floor":[144,288,576,576,576,576,576,596,596,596,596,598,600,602,1206,1208,1178,1186,1220,1247,1247,1247,1277,1279,1312,1318,1335,1344,1344,1383,1383,1400,1419,1419,1425,1422,1422,1422,1432,1432,1432,1432,1432,1432,1432,1432,1432,1432,1432,1432,1432,1432,1432,1432,1432,1432],"card_choices":[{"not_picked":[],"picked":"BloodyBrimstone","floor":0.0},{"not_picked":["Adaptation","AT_RealFormLess"],"picked":"Indignation","floor":2.0},{"not_picked":["FollowUp","Protect"],"picked":"Halt","floor":3.0},{"not_picked":["Protect","JustLucky"],"picked":"Evaluate","floor":4.0},{"not_picked":["CutThroughFate","Adaptation"],"picked":"Replay:Anticipation","floor":5.0},{"not_picked":["Adaptation","Evaluate"],"picked":"Crescendo","floor":6.0},{"not_picked":["Evaluate","ThirdEye"],"picked":"BowlingBash","floor":9.0},{"not_picked":["AT_IrregularMenstruation","EmptyBody"],"picked":"Tantrum","floor":10.0},{"not_picked":["AT_SoftenMuscles","Prostrate"],"picked":"ThirdEye","floor":11.0},{"not_picked":["Protect","PathToVictory"],"picked":"WindmillStrike","floor":12.0},{"not_picked":["CutThroughFate","REME_MusicOfDeath"],"picked":"Replay:ManipulateFuture","floor":13.0},{"not_picked":["Replay:ManipulateFuture","AT_RealFormLess"],"picked":"Replay:AtTheReady","floor":14.0},{"not_picked":["JustLucky","BowlingBash"],"picked":"ForeignInfluence","floor":15.0},{"not_picked":["SpiritShield","Wish"],"picked":"AT_RealColorLess","floor":16.0},{"not_picked":["SashWhip","FearNoEvil"],"picked":"WheelKick","floor":19.0},{"not_picked":["Replay:DivineShield","CutThroughFate"],"picked":"Pray","floor":20.0},{"not_picked":["FollowUp+1","Conclude"],"picked":"TalkToTheHand","floor":23.0},{"not_picked":["Replay:AtTheReady","Adaptation"],"picked":"FlyingSleeves+1","floor":25.0},{"not_picked":["Collect","ReachHeaven"],"picked":"Replay:Battleflow","floor":26},{"not_picked":["Replay:ManipulateFuture","SashWhip+1"],"picked":"REME_Repentance","floor":27},{"not_picked":["CrushJoints","JustLucky"],"picked":"FlurryOfBlows","floor":28},{"not_picked":["SashWhip+1","SignatureMove"],"picked":"Replay:Battleflow","floor":30},{"not_picked":["BowlingBash+1","MentalFortress+1"],"picked":"Fasting2+1","floor":32},{"not_picked":["Blasphemy","Devotion+1"],"picked":"REME_CRH","floor":33},{"not_picked":["FearNoEvil","Prostrate"],"picked":"Replay:Cycle","floor":36},{"not_picked":["Replay:BluntJabs","ThirdEye+1"],"picked":"Establishment+1","floor":39},{"not_picked":["Conclude","ThirdEye"],"picked":"ReachHeaven+1","floor":40},{"not_picked":["AT_MachinaRedman","BowlingBash"],"picked":"REME_MusicOfDeath+1","floor":44},{"not_picked":["Adaptation+1","AT_OneInchPunch+1","JustLucky"],"picked":"SKIP","floor":45},{"not_picked":["AT_SoftenMuscles","Replay:AtTheReady","FollowUp"],"picked":"SKIP","floor":47},{"not_picked":["CutThroughFate+1","Replay:ManipulateFuture"],"picked":"Tantrum","floor":49},{"not_picked":["Replay:BluntJabs","CrushJoints"],"picked":"JustLucky","floor":52}],"player_experience":61723,"relics_obtained":[{"floor":2.0,"key":"testmod-HarvestTotem"},{"floor":2.0,"key":"LetterFromLob"},{"floor":3.0,"key":"testmod-HarvestTotem"},{"floor":3.0,"key":"Juzu Bracelet"},{"floor":4.0,"key":"War Paint"},{"floor":5.0,"key":"DeadEye"},{"floor":6.0,"key":"DeadEye"},{"floor":9.0,"key":"War Paint"},{"floor":9.0,"key":"Damaru"},{"floor":10.0,"key":"War Paint"},{"floor":10.0,"key":"REME_HourglassOfDeath"},{"floor":11.0,"key":"Damaru"},{"floor":11.0,"key":"War Paint"},{"floor":12.0,"key":"RedMistMask"},{"floor":13.0,"key":"Pet Ghost"},{"floor":14.0,"key":"War Paint"},{"floor":15.0,"key":"testmod-HarvestTotem"},{"floor":16.0,"key":"Replay:Bandana"},{"floor":19.0,"key":"ReplayFunnel"},{"floor":19.0,"key":"Pet Ghost"},{"floor":20.0,"key":"Replay:Rubber Ducky"},{"floor":23.0,"key":"ReplayFunnel"},{"floor":23.0,"key":"MawBank"},{"floor":23.0,"key":"AT_ArchangelStaff"},{"floor":24.0,"key":"Iron Hammer"},{"floor":25.0,"key":"DemoMod:Antibody"},{"floor":25.0,"key":"AddBug"},{"floor":26,"key":"Darkstone Periapt"},{"floor":28,"key":"DemoMod:JetPack"},{"floor":30,"key":"White Beast Statue"},{"floor":30,"key":"Bag of Marbles"},{"floor":30,"key":"SumBook"},{"floor":31,"key":"Enchiridion"},{"floor":32,"key":"Toy Ornithopter"},{"floor":33,"key":"Sling"},{"floor":36,"key":"REME_CardOfGreed"},{"floor":36,"key":"testmod-Acrobat"},{"floor":39,"key":"testmod-BouquetWithThorns"},{"floor":39,"key":"DemoMod:RiddleOfLead"},{"floor":39,"key":"Quantum Egg"},{"floor":41,"key":"testmod-ArcanaOfDestiny"},{"floor":43,"key":"testmod-Maize"},{"floor":44,"key":"Replay:Purple Gloves"},{"floor":44,"key":"Slimebound:PreparedRelic"},{"floor":45,"key":"AT_MibuBalloonWealth"},{"floor":45,"key":"CaptainsWheel"},{"floor":47,"key":"Guardian:PocketSentry"},{"floor":49,"key":"Simple Rune"},{"floor":49,"key":"AT_BellDemon"},{"floor":49,"key":"Ccalipers"},{"floor":52,"key":"testmod-CasingShield"},{"floor":52,"key":"DemoMod:Metronome"},{"floor":52,"key":"AT_EbonyIvory"},{"floor":52,"key":"testmod-RainbowHikingShoes"}],"event_choices":[{"damage_healed":0.0,"max_hp_gain":0.0,"max_hp_loss":0.0,"gold_gain":0.0,"event_name":"conspire:LoneGhost","player_choice":"Agree","floor":1.0,"gold_loss":0.0,"damage_taken":0.0},{"damage_healed":0.0,"max_hp_gain":0.0,"max_hp_loss":0.0,"gold_gain":0.0,"event_name":"Dead Adventurer","player_choice":"Searched \u00272\u0027 times","floor":13.0,"gold_loss":0.0,"damage_taken":0.0,"relics_obtained":["Happy Flower"]},{"cards_removed":["Adaptation"],"damage_healed":0.0,"max_hp_gain":0.0,"max_hp_loss":0.0,"gold_gain":0.0,"event_name":"Back to Basics","player_choice":"Elegance","floor":22.0,"gold_loss":0.0,"damage_taken":0.0},{"damage_healed":0,"gold_gain":0,"player_choice":"Invest 1","damage_taken":0,"max_hp_gain":0,"max_hp_loss":0,"event_name":"conspire:Investor","floor":37,"gold_loss":0}],"is_beta":false,"boss_relics":[{"not_picked":["vexMod:ImprovementManual","Philosopher\u0027s Stone"],"picked":"ChampionBelt"},{"not_picked":[]},{"not_picked":["REME_DemonsWealth","conspire:RoyalGoblet"],"picked":"testmod-SaigiyounoYou"},{"not_picked":[]}],"items_purged_floors":[],"is_endless":false,"potions_floor_spawned":[3,5,6,13,14,16,19,25,26,28,30,32,33,36,39,40,44,45,47,49],"killed_by":"downfall:NeowBoss","ascension_level":20}}