{"host":"d7fiu2yjkssjxoz6","time":1611459791,"event":{"mods":["AchievementEnabler","BaseMod","Duelist Mod","Minty Spire (QoL Compilation)","StSLib"],"gold_per_floor":[143,158,173,187,206,231,245,245,245],"floor_reached":8,"language":"ENG","playtime":425,"items_purged":[],"score":81,"play_id":"d308cd8c-16dd-4913-8bcf-ada8dfe7f43c","local_time":"20210123194311","is_ascension_mode":true,"campfire_choices":[],"circlet_count":0,"master_deck":["theDuelist:CastleWalls","theDuelist:CastleWalls","theDuelist:ColossalFighter","theDuelist:CommandKnight","theDuelist:FeedbackWarrior","theDuelist:FeedbackWarrior","theDuelist:MightyWarrior","theDuelist:Sparks","theDuelist:Sparks","theDuelist:SuperheavySoulbuster","theDuelist:GoyoChaser","theDuelist:GilfordLegend","theDuelist:MeteorDestruction","theDuelist:CelticGuardian","theDuelist:CyberRaider","theDuelist:AgainstTheWind","theDuelist:ScrapFactory"],"relics":["theDuelist:MillenniumPuzzle","theDuelist:CardPoolRelic","theDuelist:CardPoolBasicRelic","theDuelist:BoosterPackPoolRelic","theDuelist:CardPoolAddRelic","theDuelist:CardPoolMinusRelic","theDuelist:CardPoolSaveRelic","theDuelist:CardPoolOptionsRelic","theDuelist:SummonAnchorRare"],"acts_visited":["Exordium"],"potions_floor_usage":[6,8,8],"damage_taken":[{"damage":4,"enemies":"Small Slimes","floor":1,"turns":3},{"damage":0,"enemies":"2 Louse","floor":2,"turns":2},{"damage":0,"enemies":"Cultist","floor":3,"turns":2},{"damage":0,"enemies":"Gremlin Gang","floor":4,"turns":3},{"damage":3,"enemies":"Looter","floor":5,"turns":2},{"damage":38,"enemies":"Lagavulin","floor":6,"turns":4},{"damage":19,"enemies":"Red Slaver","floor":7,"turns":4},{"damage":16,"enemies":"Gremlin Nob","floor":8,"turns":2}],"seed_played":"-8032133533627223028","potions_obtained":[{"floor":2,"key":"Block Potion"},{"floor":6,"key":"theDuelist:BurningPotion"},{"floor":7,"key":"Dexterity Potion"}],"is_trial":false,"path_per_floor":["M","M","M","M","M","E","M","E"],"character_chosen":"THE_DUELIST","items_purchased":[],"campfire_rested":0,"item_purchase_floors":[],"current_hp_per_floor":[76,76,76,76,73,35,16,0,0],"gold":245,"neow_bonus":"TEN_PERCENT_HP_BONUS","is_daily":false,"chose_seed":false,"campfire_upgraded":0,"win_rate":0.0,"timestamp":1611459791,"path_taken":["M","M","M","M","M","E","M","E"],"items_purchased_type":[],"build_version":"2020-12-22","purchased_purges":0,"victory":false,"max_hp_per_floor":[88,88,88,88,88,88,88,88,88],"card_choices":[{"not_picked":["theDuelist:ColossalFighter","theDuelist:BullBlader","theDuelist:GaiaFierce","theDuelist:Zombyra"],"picked":"theDuelist:GoyoChaser","floor":1},{"not_picked":["theDuelist:DarklordSuperbia","theDuelist:LightningRodLord","theDuelist:LightningVortex","theDuelist:Fissure"],"picked":"theDuelist:GilfordLegend","floor":2},{"not_picked":["theDuelist:CelticGuardian","theDuelist:GoyoChaser","theDuelist:ComboFighter","theDuelist:FlameSwordsman"],"picked":"theDuelist:MeteorDestruction","floor":3},{"not_picked":["theDuelist:BetaMagnet","theDuelist:SuperheavyMagnet","theDuelist:Downbeat","theDuelist:HardArmor"],"picked":"theDuelist:CelticGuardian","floor":4},{"not_picked":["theDuelist:MightyWarrior","theDuelist:BattleWarrior","theDuelist:LegendaryBlackBelt","theDuelist:BladeKnight"],"picked":"theDuelist:CyberRaider","floor":5},{"not_picked":["theDuelist:Hayate","theDuelist:Zombyra","theDuelist:EgoBoost","theDuelist:FeedbackWarrior"],"picked":"theDuelist:AgainstTheWind","floor":6},{"not_picked":["theDuelist:NitroWarrior","theDuelist:SuperheavyBlueBrawler","theDuelist:GuardianOrder","theDuelist:BattleguardRage"],"picked":"theDuelist:ScrapFactory","floor":7}],"player_experience":251179,"relics_obtained":[{"floor":6,"key":"theDuelist:SummonAnchorRare"}],"event_choices":[],"is_beta":false,"boss_relics":[],"items_purged_floors":[],"is_endless":false,"potions_floor_spawned":[2,6,7],"killed_by":"Gremlin Nob","ascension_level":6}}