{"host":"l9yshwnp37vxhsgm","time":1611523765,"event":{"mods":["BaseMod","Block Reminder","Colored Map","Colored Powertips","DeckTracker","Highlight Path","Minty Spire (QoL Compilation)","Quick Restart","Relic Stats","StSLib","The Cursed"],"gold_per_floor":[109,109,121,121,121,147,166,166,192,207,207,221,238,257,257,354,404,420,147,147,147],"floor_reached":20,"language":"ITA","playtime":1442,"items_purged":[],"score":176,"play_id":"5365b407-c139-40f4-8657-beb5159a5e31","local_time":"20210124222925","is_ascension_mode":false,"campfire_choices":[{"floor":8,"key":"REST"},{"data":"TheCursedMod:SoulReap","floor":11,"key":"SMITH"},{"data":"TheCursedMod:RapidMovement","floor":15,"key":"SMITH"}],"circlet_count":0,"master_deck":["TheCursedMod:Strike_TheCursed","TheCursedMod:Strike_TheCursed","TheCursedMod:Strike_TheCursed","TheCursedMod:Strike_TheCursed","TheCursedMod:Defend_TheCursed","TheCursedMod:Defend_TheCursed","TheCursedMod:Defend_TheCursed","TheCursedMod:Defend_TheCursed","TheCursedMod:CursedWand+1","TheCursedMod:CleanUpWorkshop","TheCursedMod:Dregs","TheCursedMod:Obscuration","TheCursedMod:TacticalStrike","TheCursedMod:SoulReap+1","TheCursedMod:Stigma","TheCursedMod:FleshFromBone","TheCursedMod:CursedBoomerang+1","TheCursedMod:RapidMovement+1","TheCursedMod:WearCloak","TheCursedMod:RapidMovement","TheCursedMod:DemonicPact","TheCursedMod:CursedMace+1","TheCursedMod:WearCloak","TheCursedMod:HellsGateOpen"],"relics":["TheCursedMod:BlackMagic101","Bag of Marbles","Smiling Mask","Dream Catcher","Omamori","Tiny House","Whetstone"],"acts_visited":["Exordium","TheCity"],"potions_floor_usage":[16,16,18,18,20],"damage_taken":[{"damage":0.0,"enemies":"Small Slimes","floor":1.0,"turns":4.0},{"damage":0,"enemies":"2 Louse","floor":3,"turns":2},{"damage":22,"enemies":"3 Sentries","floor":6,"turns":15},{"damage":1,"enemies":"Jaw Worm","floor":7,"turns":3},{"damage":8,"enemies":"Lots of Slimes","floor":10,"turns":6},{"damage":2,"enemies":"Blue Slaver","floor":12,"turns":4},{"damage":9,"enemies":"Large Slime","floor":13,"turns":5},{"damage":2,"enemies":"Looter","floor":14,"turns":3},{"damage":40,"enemies":"Hexaghost","floor":16,"turns":15},{"damage":24,"enemies":"Spheric Guardian","floor":18,"turns":6},{"damage":18,"enemies":"Masked Bandits","floor":20,"turns":4}],"seed_played":"6954194797603945770","potions_obtained":[{"floor":7,"key":"Fire Potion"},{"floor":10,"key":"FearPotion"},{"floor":13,"key":"ColorlessPotion"},{"floor":17,"key":"LiquidMemories"}],"is_trial":false,"path_per_floor":["M","?","M","?","?","E","M","R","T","M","R","M","M","M","R","B",null,"M","$","?"],"character_chosen":"THE_CURSED","items_purchased":["Whetstone","TheCursedMod:HellsGateOpen","AttackPotion"],"campfire_rested":1,"item_purchase_floors":[19,19,19],"current_hp_per_floor":[75,75,75,63,63,41,45,67,67,62,62,70,68,73,73,38,80,56,56,43,43],"gold":147,"neow_bonus":"RANDOM_COMMON_RELIC","is_daily":false,"chose_seed":false,"campfire_upgraded":2,"win_rate":0.0,"timestamp":1611523765,"path_taken":["M","?","M","?","?","E","?","R","T","M","R","M","M","?","R","BOSS","M","$","?"],"items_purchased_type":["Relic","Card","Potion"],"build_version":"2020-12-22","purchased_purges":0,"victory":false,"max_hp_per_floor":[75,75,75,75,75,75,75,75,75,75,75,75,75,75,75,75,80,80,80,80,80],"relic_stats":{"Dream Catcher":1,"counters":[11,67],"Whetstone":["TheCursedMod:CursedMace","TheCursedMod:CursedWand"],"Smiling Mask":0,"obtain_stats":[{"TheCursedMod:BlackMagic101":0,"Dream Catcher":6,"Tiny House":17,"Bag of Marbles":0,"Omamori":9,"Whetstone":19,"Smiling Mask":4},{"TheCursedMod:BlackMagic101":0,"Dream Catcher":3,"Tiny House":9,"Bag of Marbles":0,"Omamori":4,"Whetstone":10,"Smiling Mask":2},{"TheCursedMod:BlackMagic101":0,"Dream Catcher":21,"Tiny House":57,"Bag of Marbles":0,"Omamori":24,"Whetstone":63,"Smiling Mask":6}]},"card_choices":[{"not_picked":["TheCursedMod:CircleOfCorruption","TheCursedMod:CircleOfBlood"],"picked":"TheCursedMod:Obscuration","floor":1.0},{"not_picked":["TheCursedMod:CursedMace","TheCursedMod:BlessingInDisguise"],"picked":"TheCursedMod:TacticalStrike","floor":3},{"not_picked":["TheCursedMod:VitalStrike","TheCursedMod:SpitefulStrike"],"picked":"TheCursedMod:SoulReap","floor":6},{"not_picked":["TheCursedMod:ReleasedKnowledge","TheCursedMod:SmokeScreen"],"picked":"TheCursedMod:Stigma","floor":7},{"not_picked":["TheCursedMod:CursedAmulet","TheCursedMod:CircleOfWindfury"],"picked":"TheCursedMod:FleshFromBone","floor":8},{"not_picked":["TheCursedMod:TroublousMinions","TheCursedMod:HellfireBreathing"],"picked":"TheCursedMod:CursedBoomerang","floor":10},{"not_picked":["TheCursedMod:TacticalStrike","TheCursedMod:AbyssShockwave"],"picked":"TheCursedMod:RapidMovement","floor":12},{"not_picked":["TheCursedMod:SoulReap","TheCursedMod:ReleasedKnowledge"],"picked":"TheCursedMod:WearCloak","floor":13},{"not_picked":["TheCursedMod:FleshFromBone","TheCursedMod:CircleOfAbyss"],"picked":"TheCursedMod:RapidMovement","floor":14},{"not_picked":["TheCursedMod:ShockAndAwe","TheCursedMod:VoidForm"],"picked":"TheCursedMod:DemonicPact","floor":16},{"not_picked":["TheCursedMod:EmpowerCircles","TheCursedMod:Obscuration"],"picked":"TheCursedMod:CursedMace","floor":17},{"not_picked":["TheCursedMod:RavingStaff","TheCursedMod:ReleasedStrength"],"picked":"TheCursedMod:WearCloak","floor":18}],"player_experience":126514,"relics_obtained":[{"floor":6,"key":"Dream Catcher"},{"floor":9,"key":"Omamori"}],"event_choices":[{"damage_healed":0,"gold_gain":0,"player_choice":"Ignored","damage_taken":0,"max_hp_gain":0,"max_hp_loss":0,"event_name":"Golden Wing","floor":2,"gold_loss":0},{"damage_healed":0,"gold_gain":0,"player_choice":"Success","damage_taken":12,"relics_obtained":["Smiling Mask"],"max_hp_gain":0,"max_hp_loss":0,"event_name":"Scrap Ooze","floor":4,"gold_loss":0},{"damage_healed":0,"gold_gain":0,"player_choice":"Ignored","damage_taken":0,"max_hp_gain":0,"max_hp_loss":0,"event_name":"Liars Game","floor":5,"gold_loss":0},{"damage_healed":0,"gold_gain":0,"player_choice":"Fought Bandits","damage_taken":0,"max_hp_gain":0,"max_hp_loss":0,"event_name":"Masked Bandits","floor":20,"gold_loss":0}],"is_beta":false,"boss_relics":[{"not_picked":["Empty Cage","Ectoplasm"],"picked":"Tiny House"}],"items_purged_floors":[],"is_endless":false,"potions_floor_spawned":[7,10,13,14],"killed_by":"Masked Bandits","ascension_level":0}}