{"host":"yaxsefyig1et0yi2","time":1611516257,"event":{"mods":["Aspiration","BaseMod","BetterRewards","Colored Powertips","Conspire","Displayed Cursed Tome","Downfall","Halation","Hubris","Infinite Spire","JesterMod","Minty Spire (QoL Compilation)","Quick Restart","RatMod","Replay The Spire","Reworked Bosses","Spikes Relics","StSLib","The Jungle"],"gold_per_floor":[99,117,129,142,156,66,66,83,102,102,121,121,179,179,199,295,295,295,314,314,330,342,368,417,433,0,0,16,27,27,41,60,60,60,60],"floor_reached":33,"language":"ENG","playtime":1643,"items_purged":["bronze:BuggyMess","hubris:Gluttony"],"score":272,"play_id":"d2ddd114-780d-403e-826f-f859f0aa972a","local_time":"20210124142417","is_ascension_mode":false,"campfire_choices":[{"data":"bronze:Replicate","floor":1.0,"key":"SMITH"},{"data":"bronze:Mutator","floor":10.0,"key":"SMITH"},{"data":"bronze:CloningBeam","floor":18.0,"key":"SMITH"}],"circlet_count":0,"master_deck":["bronze:Strike","bronze:Strike","bronze:Strike","bronze:Strike","bronze:Defend","bronze:Defend","bronze:Defend","bronze:Defend","bronze:Replicate+1","bronze:Goto","bronze:Repulsor","bronze:WhirlingStrike","bronze:CloningBeam+1","bronze:WhirlingStrike","bronze:Repair","bronze:Mutator+1","bronze:OilSpill","bronze:OilSpill","bronze:Replicate+1","bronze:Iterate","bronze:Format","bronze:GetLatest","bronze:Branch","ReplayTheSpireMod:Splinters","hubris:Envy","downfall:Icky","bronze:FineTuning+1","bronze:Iterate","bronze:ForLoop","bronze:Repair+1","bronze:BitShift+1","infinitespire:UltimateForm","infinitespire:Collect","bronze:Iterate","bronze:Verify"],"relics":["bronze:BronzeCore","Mirror","downfall:ExtraCursedKey","halation:LettersToHer","conspire:SpecialSausage","halation:PrussianBluePaint","Blood Vial","hubris:SlimyHat","Lee\u0027s Waffle"],"acts_visited":["Exordium","TheCity"],"potions_floor_usage":[33],"damage_taken":[{"damage":10.0,"enemies":"Jaw Worm","floor":2.0,"turns":4.0},{"damage":0.0,"enemies":"Small Slimes","floor":3.0,"turns":3.0},{"damage":9.0,"enemies":"Cultist","floor":4.0,"turns":4.0},{"damage":24.0,"enemies":"Exordium Thugs","floor":5.0,"turns":5.0},{"damage":10.0,"enemies":"downfall:FleeingMerchant","floor":6.0,"turns":4.0},{"damage":0.0,"enemies":"Large Slime","floor":8.0,"turns":4.0},{"damage":6.0,"enemies":"Blue Slaver","floor":9.0,"turns":4.0},{"damage":17.0,"enemies":"Exordium Thugs","floor":11.0,"turns":3.0},{"damage":13.0,"enemies":"3 Sentries","floor":13.0,"turns":4.0},{"damage":2.0,"enemies":"3 Louse","floor":15.0,"turns":2.0},{"damage":12.0,"enemies":"WA_ARCHETYPE_RETAIN","floor":16.0,"turns":4.0},{"damage":0.0,"enemies":"Chosen","floor":19.0,"turns":2.0},{"damage":2.0,"enemies":"Spheric Guardian","floor":21.0,"turns":3.0},{"damage":21.0,"enemies":"Snake Plant","floor":22.0,"turns":2.0},{"damage":0.0,"enemies":"Snecko","floor":25.0,"turns":3.0},{"damage":2.0,"enemies":"downfall:FleeingMerchant","floor":26.0,"turns":4.0},{"damage":11.0,"enemies":"Sentry and Sphere","floor":28.0,"turns":4.0},{"damage":13.0,"enemies":"Snake Plant","floor":29.0,"turns":3.0},{"damage":46.0,"enemies":"Snecko","floor":31.0,"turns":6.0},{"damage":18.0,"enemies":"3 Cultists","floor":32.0,"turns":5.0},{"damage":49,"enemies":"DF_ARCHETYPE_CLAW","floor":33,"turns":3}],"seed_played":"-2170010609828756135","potions_obtained":[{"floor":3.0,"key":"DistilledChaos"},{"floor":8.0,"key":"Weak Potion"},{"floor":9.0,"key":"FearPotion"},{"floor":13.0,"key":"Weak Potion"},{"floor":15.0,"key":"Energy Potion"},{"floor":16.0,"key":"CultistPotion"},{"floor":21.0,"key":"Adrenaline Potion"},{"floor":28.0,"key":"Ancient Potion"}],"is_trial":false,"path_per_floor":["R","M","M","M","M","$","T","M","M","R","M","?","?","?","M","B",null,"R","M","?","M","M","T","T","M","$","?","M","M","AVR","M","M","B"],"character_chosen":"THE_AUTOMATON","items_purchased":["hubris:SlimyHat","Lee\u0027s Waffle","bronze:ForLoop","Energy Potion"],"campfire_rested":0,"item_purchase_floors":[26,26,26,26],"current_hp_per_floor":[77,67,67,58,34,24,24,24,32,32,22,22,16,16,14,9,77,77,77,77,75,54,54,54,56,84,84,73,77,77,62,46,0,0,0],"gold":60,"neow_bonus":"TEN_PERCENT_HP_BONUS","is_daily":false,"chose_seed":false,"campfire_upgraded":3,"win_rate":0.0,"timestamp":1611516257,"path_taken":["R","M","M","M","M","$","T","M","M","R","M","?","?","?","M","BOSS","R","M","?","M","M","?","T","M","$","?","M","M","AVR","?","M","BOSS"],"items_purchased_type":["Relic","Relic","Card","Potion"],"build_version":"2020-12-22","purchased_purges":2,"victory":false,"max_hp_per_floor":[77,77,77,77,77,77,77,77,77,77,77,77,77,77,77,77,77,77,77,77,77,77,77,77,77,84,84,84,84,84,84,84,84,84,84],"card_choices":[{"not_picked":["bronze:ChildClass","bronze:CutThrough"],"picked":"bronze:Repulsor","floor":2.0},{"not_picked":["bronze:Turbo","bronze:Deprecate"],"picked":"bronze:BuggyMess","floor":3.0},{"not_picked":["bronze:Shield","bronze:DigitalCarnage"],"picked":"bronze:WhirlingStrike","floor":4.0},{"not_picked":["bronze:CutThrough","bronze:ForLoop"],"picked":"bronze:CloningBeam","floor":5.0},{"not_picked":["bronze:Invalidate","bronze:Shell"],"picked":"bronze:WhirlingStrike","floor":6.0},{"not_picked":["bronze:Frontload","bronze:Branch"],"picked":"bronze:Repair","floor":8.0},{"not_picked":["bronze:FollowUp","bronze:Deprecate"],"picked":"bronze:Mutator","floor":9.0},{"not_picked":["bronze:DelayedGuard","bronze:Deprecate"],"picked":"bronze:OilSpill","floor":11.0},{"not_picked":["bronze:BugBarrage","bronze:Iterate"],"picked":"bronze:OilSpill","floor":13.0},{"not_picked":["bronze:GetLatest","bronze:WhirlingStrike"],"picked":"bronze:Iterate","floor":15.0},{"not_picked":["bronze:Virus","bronze:ShipIt"],"picked":"bronze:Format","floor":16.0},{"not_picked":["bronze:Return","bronze:WhirlingStrike","bronze:Overheat"],"picked":"SKIP","floor":19.0},{"not_picked":["bronze:BronzeOrb","bronze:Shield+1"],"picked":"bronze:GetLatest","floor":21.0},{"not_picked":["bronze:Turbo","bronze:Shell"],"picked":"bronze:Branch","floor":22.0},{"not_picked":["bronze:Iterate","bronze:Turbo+1"],"picked":"bronze:FineTuning+1","floor":25.0},{"not_picked":["bronze:Allocate","bronze:Shield"],"picked":"bronze:Iterate","floor":26.0},{"not_picked":["bronze:Overheat","bronze:Frontload+1"],"picked":"bronze:Repair+1","floor":28.0},{"not_picked":["bronze:WildBeam","bronze:Shield+1"],"picked":"bronze:BitShift+1","floor":29.0},{"not_picked":["bronze:WildBeam","bronze:Deprecate"],"picked":"bronze:Iterate","floor":31.0},{"not_picked":["bronze:BuggyMess","bronze:Frontload"],"picked":"bronze:Verify","floor":32.0}],"player_experience":257856,"relics_obtained":[{"floor":7.0,"key":"Mirror"},{"floor":13.0,"key":"halation:LettersToHer"},{"floor":23.0,"key":"halation:LettersToHer"},{"floor":23.0,"key":"halation:PrussianBluePaint"},{"floor":24.0,"key":"halation:LettersToHer"},{"floor":24.0,"key":"Blood Vial"}],"event_choices":[],"is_beta":false,"boss_relics":[{"not_picked":["hubris:BlackHole","Replay:Fungal Core"],"picked":"conspire:SpecialSausage"}],"items_purged_floors":[6,30],"is_endless":false,"potions_floor_spawned":[3,8,9,13,15,16,21,28,32],"killed_by":"DF_ARCHETYPE_CLAW","ascension_level":0}}