{"host":"tq99ucv8ezzqzioe","time":1611454527,"event":{"mods":["BaseMod","Colored Map","Downfall","Highlight Path","Minty Spire (QoL Compilation)","StSLib"],"gold_per_floor":[99,109,259,278,278,298,353,380,396,96,116,143,143,158,176,281,281,281,291,58,58,70,70,93,113,131,156,176,176,176,176],"floor_reached":29,"language":"ENG","playtime":2316,"items_purged":["sneckomod:Defend"],"score":264,"play_id":"0db50c1c-bcce-4d48-8d39-da9e132e737a","local_time":"20210123211527","is_ascension_mode":false,"campfire_choices":[{"floor":1,"key":"RECALL"},{"data":"sneckomod:Unknown2Cost","floor":10,"key":"SMITH"},{"data":"sneckomod:SnekBite","floor":13,"key":"SMITH"},{"data":"sneckomod:UnknownRareSkill","floor":18,"key":"SMITH"}],"circlet_count":0,"master_deck":["sneckomod:TailWhip","sneckomod:SnekBite+1","sneckomod:Unknown","sneckomod:Unknown","sneckomod:UnknownUncommonPower","downfall:Icky","sneckomod:UnknownClassTHE_CHAMP_GRAY","sneckomod:DefensiveFlair","sneckomod:UnknownClassGREEN","sneckomod:Unknown2Cost+1","sneckomod:UnknownClassHEXA_GHOST_PURPLE","sneckomod:UnknownDraw","sneckomod:DiceBlock","sneckomod:ImprovisedGuard","sneckomod:UnknownRareSkill+1","sneckomod:DiceCrush","sneckomod:UnknownClassTHE_BRONZE_AUTOMATON","Slimebound:Tackle+1","Slimebound:Tackle+1","Slimebound:Tackle+1","sneckomod:UnknownColorless","sneckomod:UnknownClassTHE_CHAMP_GRAY+1","sneckomod:UnknownVulnerable","sneckomod:UnknownUncommonSkill","sneckomod:RainOfDice+1","sneckomod:UnknownClassHEXA_GHOST_PURPLE+1"],"relics":["Runic Pyramid","Matryoshka","Dream Catcher","HornCleat","downfall:HeartBlessingRed","downfall:HeartBlessingGreen","downfall:HeartBlessingBlue","Pantograph","Coffee Dripper","ClockworkSouvenir","CeramicFish","Strawberry"],"acts_visited":["Exordium","TheCity"],"potions_floor_usage":[9,12,14,16,29,29,29],"damage_taken":[{"damage":0,"enemies":"2 Louse","floor":2,"turns":2},{"damage":0,"enemies":"Jaw Worm","floor":4,"turns":3},{"damage":1,"enemies":"Cultist","floor":6,"turns":2},{"damage":23,"enemies":"Lagavulin","floor":8,"turns":8},{"damage":17,"enemies":"Lots of Slimes","floor":9,"turns":8},{"damage":0,"enemies":"Blue Slaver","floor":11,"turns":6},{"damage":3,"enemies":"3 Sentries","floor":12,"turns":3},{"damage":0,"enemies":"2 Fungi Beasts","floor":14,"turns":3},{"damage":7,"enemies":"Large Slime","floor":15,"turns":6},{"damage":13,"enemies":"IC_STATUS_ARCHETYPE","floor":16,"turns":11},{"damage":7,"enemies":"3 Byrds","floor":19,"turns":4},{"damage":6,"enemies":"downfall:FleeingMerchant","floor":20,"turns":4},{"damage":20,"enemies":"Shell Parasite","floor":22,"turns":5},{"damage":1,"enemies":"Chosen and Byrds","floor":25,"turns":6},{"damage":25,"enemies":"3 Cultists","floor":27,"turns":6},{"damage":15,"enemies":"Shelled Parasite and Fungi","floor":28,"turns":3},{"damage":25,"enemies":"Slavers","floor":29,"turns":4}],"seed_played":"-1360651975574161852","potions_obtained":[{"floor":2,"key":"Dexterity Potion"},{"floor":8,"key":"DuplicationPotion"},{"floor":11,"key":"Explosive Potion"},{"floor":12,"key":"SneckoOil"},{"floor":15,"key":"Energy Potion"},{"floor":27,"key":"Slimebound:ThreeZeroPotion"},{"floor":28,"key":"LiquidMemories"}],"is_trial":false,"path_per_floor":["R","M","?","M","?","M","T","E","M","R","M","E","R","M","M","B",null,"R","M","$","?","M","?","T","M","?","M","M","E"],"character_chosen":"THE_SNECKO","items_purchased":["ClockworkSouvenir"],"campfire_rested":0,"item_purchase_floors":[20],"current_hp_per_floor":[90,90,90,90,90,89,89,66,54,64,64,61,61,61,54,66,100,100,93,87,87,74,54,61,60,60,35,20,0,0,0],"gold":176,"neow_bonus":"BOSS_RELIC","is_daily":false,"chose_seed":false,"campfire_upgraded":3,"win_rate":0.0,"timestamp":1611454527,"path_taken":["R","M","?","M","?","M","T","E","M","R","?","E","R","M","M","BOSS","R","M","?","?","M","?","T","M","?","M","M","E"],"items_purchased_type":["Relic"],"build_version":"2020-12-22","purchased_purges":1,"victory":false,"max_hp_per_floor":[90,90,90,90,90,90,90,90,90,100,100,100,100,100,100,100,100,100,100,100,100,100,105,112,112,112,112,112,112,112,112],"card_choices":[{"not_picked":["sneckomod:QuickMove","sneckomod:MasterEye"],"picked":"sneckomod:UnknownUncommonPower","floor":2},{"not_picked":["sneckomod:SnakeSap","sneckomod:RainOfDice"],"picked":"sneckomod:UnknownClassTHE_CHAMP_GRAY","floor":4},{"not_picked":["sneckomod:WideSting","sneckomod:SoulRoll"],"picked":"sneckomod:DefensiveFlair","floor":6},{"not_picked":["sneckomod:PureSnecko","sneckomod:Memorize"],"picked":"sneckomod:UnknownClassGREEN","floor":8},{"not_picked":["sneckomod:WideSting","sneckomod:SerpentIdol"],"picked":"sneckomod:Unknown2Cost","floor":9},{"not_picked":["sneckomod:SoulDraw","sneckomod:WideSting"],"picked":"sneckomod:UnknownClassHEXA_GHOST_PURPLE","floor":11},{"not_picked":["sneckomod:Memorize","sneckomod:Cheat"],"picked":"sneckomod:UnknownDraw","floor":12},{"not_picked":["sneckomod:RainOfDice","sneckomod:SoulDraw"],"picked":"sneckomod:DiceBlock","floor":14},{"not_picked":["sneckomod:UnknownCommonSkill","sneckomod:MasterEye"],"picked":"sneckomod:ImprovisedGuard","floor":15},{"not_picked":["sneckomod:Cheat","sneckomod:Mudshield"],"picked":"sneckomod:UnknownRareSkill","floor":16},{"not_picked":["sneckomod:DiceBlock","sneckomod:SoulDraw"],"picked":"sneckomod:DiceCrush","floor":19},{"not_picked":["sneckomod:RainOfDice","sneckomod:DiceBlock"],"picked":"sneckomod:UnknownClassTHE_BRONZE_AUTOMATON","floor":20},{"not_picked":["sneckomod:ImprovisedAttack","sneckomod:Unknown1Cost+1"],"picked":"sneckomod:UnknownColorless","floor":22},{"not_picked":["sneckomod:DiceBoulder","sneckomod:UnknownClassGUARDIAN"],"picked":"sneckomod:UnknownClassTHE_CHAMP_GRAY+1","floor":25},{"not_picked":["sneckomod:SoulDraw+1","sneckomod:UnknownClassRED"],"picked":"sneckomod:RainOfDice+1","floor":27},{"not_picked":["sneckomod:UnknownWeak","sneckomod:SoulRoll+1"],"picked":"sneckomod:UnknownClassHEXA_GHOST_PURPLE+1","floor":28}],"player_experience":738011,"relics_obtained":[{"floor":5,"key":"Matryoshka"},{"floor":7,"key":"Dream Catcher"},{"floor":8,"key":"HornCleat"},{"floor":12,"key":"Pantograph"},{"floor":24,"key":"CeramicFish"},{"floor":24,"key":"Strawberry"}],"event_choices":[{"damage_healed":0,"gold_gain":0,"player_choice":"Relic","damage_taken":0,"max_hp_gain":0,"max_hp_loss":0,"event_name":"Wheel of Change","floor":5,"gold_loss":0}],"is_beta":false,"boss_relics":[{"not_picked":["Pandora\u0027s Box","Snecko Eye"],"picked":"Coffee Dripper"}],"items_purged_floors":[20],"is_endless":false,"potions_floor_spawned":[2,8,11,12,15,27,28],"killed_by":"Slavers","ascension_level":0}}