{"host":"3jjxuhjpio8e4zkv","time":1611450014,"event":{"mods":["BaseMod","Colored Map","Highlight Path","Minty Spire (QoL Compilation)","Permanent Neow","Relic Stats","StSLib"],"gold_per_floor":[359,359,13,13,13,13,51,51,51,76,41,60,98,119,119,215,215,229,229,229,240,255,255,268,268,349,377,302,302,302,334,334,413,413,429,443,281,293,303,303,62,81,81,112,112,112,112],"floor_reached":46,"language":"ENG","playtime":1702,"items_purged":["Regret","Storm of Steel"],"score":1042,"play_id":"aaa0f4c8-4ca7-40e1-a83b-83f2e68017e2","local_time":"20210123200014","is_ascension_mode":true,"campfire_choices":[{"data":"Quick Slash","floor":6.0,"key":"SMITH"},{"data":"Die Die Die","floor":8.0,"key":"SMITH"},{"data":"1","floor":15.0,"key":"LIFT"},{"data":"2","floor":23.0,"key":"LIFT"},{"data":"3","floor":25.0,"key":"LIFT"},{"floor":30.0,"key":"REST"},{"data":"Footwork","floor":32.0,"key":"SMITH"},{"data":"Corpse Explosion","floor":40.0,"key":"SMITH"},{"floor":45,"key":"REST"}],"circlet_count":0,"master_deck":["AscendersBane","Strike_G+1","Strike_G+1","Defend_G+1","Defend_G+1","Defend_G+1","Defend_G+1","Defend_G+1","Survivor","Neutralize","Quick Slash+1","Die Die Die+1","Flying Knee","Deflect","After Image","Infinite Blades+1","Dagger Spray+1","Prepared+1","Backflip","Dash","Crippling Poison","Footwork+1","Corpse Explosion+1","Acrobatics+1","Blade Dance","Noxious Fumes","Acrobatics+1"],"relics":["Ring of the Snake","Bloody Idol","Mercury Hourglass","Kunai","StrikeDummy","Blue Candle","Girya","Astrolabe","Potion Belt","HornCleat","Orichalcum","Akabeko","Black Star","TwistedFunnel","Question Card","Darkstone Periapt"],"acts_visited":["Exordium","TheCity","TheBeyond"],"potions_floor_usage":[44,44],"damage_taken":[{"damage":0.0,"enemies":"2 Louse","floor":1.0,"turns":2.0},{"damage":35.0,"enemies":"3 Sentries","floor":7.0,"turns":9.0},{"damage":1.0,"enemies":"Jaw Worm","floor":10.0,"turns":2.0},{"damage":4.0,"enemies":"Small Slimes","floor":12.0,"turns":3.0},{"damage":5.0,"enemies":"Gremlin Nob","floor":13.0,"turns":3.0},{"damage":1.0,"enemies":"Gremlin Gang","floor":14.0,"turns":3.0},{"damage":7.0,"enemies":"Slime Boss","floor":16.0,"turns":10.0},{"damage":12.0,"enemies":"Spheric Guardian","floor":18.0,"turns":4.0},{"damage":11.0,"enemies":"2 Thieves","floor":21.0,"turns":3.0},{"damage":27.0,"enemies":"Snake Plant","floor":22.0,"turns":6.0},{"damage":20.0,"enemies":"Cultist and Chosen","floor":24.0,"turns":4.0},{"damage":18.0,"enemies":"Book of Stabbing","floor":27.0,"turns":4.0},{"damage":0.0,"enemies":"Gremlin Leader","floor":31.0,"turns":4.0},{"damage":26.0,"enemies":"Automaton","floor":33.0,"turns":12.0},{"damage":0.0,"enemies":"3 Shapes","floor":35.0,"turns":2.0},{"damage":11.0,"enemies":"3 Darklings","floor":36.0,"turns":4.0},{"damage":21.0,"enemies":"Transient","floor":38.0,"turns":6.0},{"damage":0.0,"enemies":"Jaw Worm Horde","floor":39.0,"turns":2.0},{"damage":23.0,"enemies":"Sphere and 2 Shapes","floor":42.0,"turns":4.0},{"damage":9,"enemies":"Nemesis","floor":44,"turns":9},{"damage":41,"enemies":"Giant Head","floor":46,"turns":7}],"seed_played":"-1795797145028712244","potions_obtained":[{"floor":12.0,"key":"Explosive Potion"},{"floor":13.0,"key":"FairyPotion"},{"floor":14.0,"key":"BlessingOfTheForge"},{"floor":16.0,"key":"Fire Potion"},{"floor":22.0,"key":"Strength Potion"},{"floor":24.0,"key":"DuplicationPotion"},{"floor":27.0,"key":"Fruit Juice"},{"floor":33.0,"key":"Poison Potion"},{"floor":36.0,"key":"DistilledChaos"},{"floor":42.0,"key":"Ancient Potion"}],"is_trial":false,"path_per_floor":["M","?","$","?","$","R","E","R","T","M","?","M","E","M","R","B",null,"M","?","T","M","M","R","M","R","T","E","?","?","R","E","R","B",null,"M","M","$","M","M","R","$","M","T","E","R","E"],"character_chosen":"THE_SILENT","items_purchased":["Mercury Hourglass","TwistedFunnel","LiquidMemories","SkillPotion"],"campfire_rested":2,"item_purchase_floors":[3,37,41,41],"current_hp_per_floor":[59,59,59,59,59,59,24,24,24,23,38,34,29,28,28,21,50,38,38,38,37,15,15,23,23,28,15,15,15,33,38,38,22,54,59,53,53,37,42,42,42,24,24,20,39,0,0],"gold":112,"neow_bonus":"TWO_FIFTY_GOLD","is_daily":false,"chose_seed":false,"campfire_upgraded":4,"win_rate":0.0,"timestamp":1611450014,"path_taken":["M","?","$","?","?","R","E","R","T","M","?","M","E","M","R","BOSS","M","?","?","M","M","R","M","R","T","E","?","?","R","E","R","BOSS","M","M","$","M","M","R","$","M","T","E","R","E"],"items_purchased_type":["Relic","Relic","Potion","Potion"],"build_version":"2020-12-22","purchased_purges":2,"victory":false,"max_hp_per_floor":[66,60,60,60,60,60,60,60,60,60,60,60,60,60,60,60,60,60,60,60,60,60,60,60,60,60,60,60,60,60,60,60,65,65,65,65,65,65,65,65,65,65,65,65,65,65,65],"relic_stats":{"Darkstone Periapt":0,"counters":[21,102],"Bloody Idol":70,"Blue Candle":[6],"Astrolabe":["Infinite Blades","Dagger Spray","Prepared"],"Black Star":1,"Kunai":[47],"Orichalcum":[48],"Question Card":0,"obtain_stats":[{"Potion Belt":20,"TwistedFunnel":37,"Darkstone Periapt":44,"Girya":13,"Golden Idol":2,"Blue Candle":9,"Astrolabe":17,"Orichalcum":27,"Question Card":44,"Akabeko":31,"Mercury Hourglass":3,"HornCleat":26,"Bloody Idol":19,"Black Star":34,"Kunai":4,"StrikeDummy":7,"Ring of the Snake":0},{"Potion Belt":8,"TwistedFunnel":16,"Darkstone Periapt":20,"Girya":5,"Golden Idol":1,"Blue Candle":2,"Astrolabe":7,"Orichalcum":12,"Question Card":20,"Akabeko":13,"Mercury Hourglass":1,"HornCleat":11,"Bloody Idol":8,"Black Star":14,"Kunai":1,"StrikeDummy":2,"Ring of the Snake":0},{"Potion Belt":36,"TwistedFunnel":74,"Darkstone Periapt":95,"Girya":19,"Golden Idol":2,"Blue Candle":11,"Astrolabe":32,"Orichalcum":53,"Question Card":95,"Akabeko":57,"Mercury Hourglass":2,"HornCleat":49,"Bloody Idol":36,"Black Star":69,"Kunai":2,"StrikeDummy":11,"Ring of the Snake":0}],"Ring of the Snake":[42],"Mercury Hourglass":[375]},"card_choices":[{"not_picked":["Poisoned Stab","Deadly Poison"],"picked":"Quick Slash","floor":1.0},{"not_picked":["Slice","Prepared"],"picked":"Die Die Die","floor":7.0},{"not_picked":["Eviscerate","Infinite Blades"],"picked":"Flying Knee","floor":10.0},{"not_picked":["Bane","Quick Slash"],"picked":"Deflect","floor":12.0},{"not_picked":["Cloak And Dagger","Bane"],"picked":"After Image","floor":13.0},{"not_picked":["Underhanded Strike","Dagger Throw","Cloak And Dagger"],"picked":"SKIP","floor":14.0},{"not_picked":["Burst","Phantasmal Killer"],"picked":"Storm of Steel","floor":16.0},{"not_picked":["Catalyst","Deflect"],"picked":"Backflip","floor":18.0},{"not_picked":["Poisoned Stab","Slice","Masterful Stab+1"],"picked":"SKIP","floor":21.0},{"not_picked":["Prepared","Sucker Punch"],"picked":"Dash","floor":22.0},{"not_picked":["Distraction","Quick Slash","Dagger Throw"],"picked":"SKIP","floor":24.0},{"not_picked":["Dagger Throw","Poisoned Stab"],"picked":"Crippling Poison","floor":27.0},{"not_picked":["Escape Plan","Deflect"],"picked":"Footwork","floor":31.0},{"not_picked":["Doppelganger","Night Terror"],"picked":"Corpse Explosion","floor":33.0},{"not_picked":["Flechettes+1","Quick Slash"],"picked":"Acrobatics+1","floor":35.0},{"not_picked":["Caltrops","Catalyst"],"picked":"Blade Dance","floor":36.0},{"not_picked":["Outmaneuver","Flying Knee+1","Predator"],"picked":"SKIP","floor":38.0},{"not_picked":["Slice","Masterful Stab","Poisoned Stab"],"picked":"SKIP","floor":39.0},{"not_picked":["Dagger Throw+1","Tactician"],"picked":"Noxious Fumes","floor":42.0},{"not_picked":["Deadly Poison","Deflect"],"picked":"Acrobatics+1","floor":44}],"player_experience":1237655,"relics_obtained":[{"floor":7.0,"key":"StrikeDummy"},{"floor":9.0,"key":"Blue Candle"},{"floor":13.0,"key":"Girya"},{"floor":20.0,"key":"Potion Belt"},{"floor":26.0,"key":"HornCleat"},{"floor":27.0,"key":"Orichalcum"},{"floor":31.0,"key":"Akabeko"},{"floor":44,"key":"Question Card"},{"floor":44,"key":"Darkstone Periapt"}],"event_choices":[{"damage_healed":0.0,"max_hp_gain":0.0,"max_hp_loss":6.0,"gold_gain":0.0,"event_name":"Golden Idol","player_choice":"Lose Max HP","floor":2.0,"gold_loss":0.0,"damage_taken":0.0,"relics_obtained":["Golden Idol"]},{"damage_healed":0.0,"max_hp_gain":0.0,"max_hp_loss":0.0,"gold_gain":0.0,"event_name":"Big Fish","player_choice":"Box","floor":4.0,"gold_loss":0.0,"damage_taken":0.0,"relics_obtained":["Kunai"],"cards_obtained":["Regret"]},{"damage_healed":15.0,"max_hp_gain":0.0,"max_hp_loss":0.0,"gold_gain":0.0,"event_name":"The Cleric","player_choice":"Healed","floor":11.0,"gold_loss":35.0,"damage_taken":0.0},{"damage_healed":0.0,"max_hp_gain":0.0,"max_hp_loss":0.0,"gold_gain":0.0,"event_name":"Forgotten Altar","player_choice":"Gave Idol","floor":19.0,"relics_lost":["Golden Idol"],"gold_loss":0.0,"damage_taken":0.0,"relics_obtained":["Bloody Idol"]},{"cards_removed":["Regret"],"damage_healed":0.0,"max_hp_gain":0.0,"max_hp_loss":0.0,"gold_gain":0.0,"event_name":"Beggar","player_choice":"Gave Gold","floor":28.0,"gold_loss":75.0,"damage_taken":0.0},{"damage_healed":0.0,"max_hp_gain":0.0,"max_hp_loss":0.0,"gold_gain":0.0,"event_name":"Back to Basics","player_choice":"Simplicity","floor":29.0,"gold_loss":0.0,"damage_taken":0.0,"cards_upgraded":["Strike_G","Strike_G","Defend_G","Defend_G","Defend_G","Defend_G","Defend_G"]}],"is_beta":false,"boss_relics":[{"not_picked":["Velvet Choker","Tiny House"],"picked":"Astrolabe"},{"not_picked":["Sozu","Philosopher\u0027s Stone"],"picked":"Black Star"}],"items_purged_floors":[3,41],"is_endless":false,"potions_floor_spawned":[12,13,14,16,22,24,27,33,36,42],"killed_by":"Giant Head","ascension_level":20}}