{"host":"3zb3nk4wvq0dtbuh","time":1611484187,"event":{"mods":["AchievementEnabler","BaseMod","Lobotomy","Minty Spire (QoL Compilation)","Quick Restart","StSLib","SuperFastMode","The Blackbeard"],"gold_per_floor":[117,131,151,16,33,33,50,50,50,50,64,25,38,57,57,159,159,170,190,81,6,6,6,17,17,17,117,134,134,59,59,59],"floor_reached":31,"language":"ZHS","playtime":935,"items_purged":["Strike_R"],"score":256,"play_id":"69b056ba-e429-4d91-a633-7f9b56757295","local_time":"20210124182947","is_ascension_mode":false,"campfire_choices":[{"data":"Bash","floor":6.0,"key":"SMITH"},{"data":"Metallicize","floor":8.0,"key":"SMITH"},{"data":"True Grit","floor":10.0,"key":"SMITH"},{"data":"Burning Pact","floor":15.0,"key":"SMITH"},{"data":"Shrug It Off","floor":23.0,"key":"SMITH"},{"data":"Feel No Pain","floor":29.0,"key":"SMITH"}],"circlet_count":0,"master_deck":["Strike_R","Strike_R","Strike_R","Defend_R","Defend_R","Defend_R","Defend_R","Bash+1","Shrug It Off+1","Fire Breathing","Flex","Dropkick","True Grit+1","Shrug It Off","Warcry","Metallicize+1","Dropkick","Burning Pact+1","Thunderclap","Impervious","Warcry","Bloodletting","Feel No Pain+1","Dropkick","Dropkick"],"relics":["Cursed Key"],"acts_visited":["Exordium","TheCity"],"potions_floor_usage":[],"damage_taken":[{"damage":1.0,"enemies":"Cultist","floor":1.0,"turns":3.0},{"damage":4.0,"enemies":"2 Louse","floor":2.0,"turns":2.0},{"damage":0.0,"enemies":"Small Slimes","floor":3.0,"turns":3.0},{"damage":0.0,"enemies":"3 Louse","floor":5.0,"turns":4.0},{"damage":11.0,"enemies":"Lots of Slimes","floor":7.0,"turns":4.0},{"damage":11.0,"enemies":"Exordium Thugs","floor":11.0,"turns":5.0},{"damage":3.0,"enemies":"Large Slime","floor":13.0,"turns":6.0},{"damage":2.0,"enemies":"Exordium Wildlife","floor":14.0,"turns":5.0},{"damage":26.0,"enemies":"Hexaghost","floor":16.0,"turns":13.0},{"damage":10.0,"enemies":"Spheric Guardian","floor":18.0,"turns":12.0},{"damage":10.0,"enemies":"Chosen","floor":19.0,"turns":5.0},{"damage":0.0,"enemies":"Snake Plant","floor":22.0,"turns":1.0},{"damage":12.0,"enemies":"Centurion and Healer","floor":24.0,"turns":13.0},{"damage":16.0,"enemies":"Cultist and Chosen","floor":28.0,"turns":9.0},{"damage":32,"enemies":"Shelled Parasite and Fungi","floor":31,"turns":2}],"seed_played":"5181114997405587231","potions_obtained":[{"floor":2.0,"key":"Swift Potion"},{"floor":5.0,"key":"Ancient Potion"},{"floor":13.0,"key":"ColorlessPotion"},{"floor":16.0,"key":"SmokeBomb"}],"is_trial":false,"path_per_floor":["M","M","M","$","M","R","M","R","T","R","M","$","M","M","R","B",null,"M","M","$","?","M","R","M","?","T","?","M","R","$","M"],"character_chosen":"IRONCLAD","items_purchased":["Dropkick","True Grit","Shrug It Off","Burning Pact","Bloodletting","Dropkick"],"campfire_rested":0,"item_purchase_floors":[4,4,4,12,20,30],"current_hp_per_floor":[79,75,75,75,75,75,64,64,64,64,53,53,50,48,48,22,80,70,60,60,60,60,60,48,48,48,48,32,32,32,0,0],"gold":59,"neow_bonus":"BOSS_RELIC","is_daily":false,"chose_seed":false,"campfire_upgraded":6,"win_rate":0.0,"timestamp":1611484187,"path_taken":["M","M","?","$","?","R","M","R","T","R","?","?","M","M","R","BOSS","M","M","$","?","M","R","M","?","T","?","?","R","$","M"],"items_purchased_type":["Card","Card","Card","Card","Card","Card"],"build_version":"2020-12-22","purchased_purges":1,"victory":false,"max_hp_per_floor":[80,80,80,80,80,80,80,80,80,80,80,80,80,80,80,80,80,80,80,80,80,80,80,80,80,80,80,80,80,80,80,80],"card_choices":[{"not_picked":["Infernal Blade","Dark Embrace"],"picked":"Shrug It Off","floor":1.0},{"not_picked":["Warcry","Wild Strike"],"picked":"Fire Breathing","floor":2.0},{"not_picked":["Clothesline","Reckless Charge"],"picked":"Flex","floor":3.0},{"not_picked":["Inflame","Thunderclap"],"picked":"Warcry","floor":5.0},{"not_picked":["Heavy Blade","Infernal Blade"],"picked":"Metallicize","floor":7.0},{"not_picked":["Battle Trance","Havoc"],"picked":"Dropkick","floor":11.0},{"not_picked":["Sword Boomerang","Armaments"],"picked":"Thunderclap","floor":13.0},{"not_picked":["Thunderclap","Twin Strike","Disarm"],"picked":"SKIP","floor":14.0},{"not_picked":["Juggernaut","Barricade"],"picked":"Impervious","floor":16.0},{"not_picked":["Headbutt","Inflame","Clothesline"],"picked":"SKIP","floor":18.0},{"not_picked":["Headbutt","Havoc+1"],"picked":"Warcry","floor":19.0},{"not_picked":["Headbutt","Perfected Strike"],"picked":"Feel No Pain","floor":24.0},{"not_picked":["Thunderclap","Shockwave"],"picked":"Dropkick","floor":28.0}],"player_experience":14733,"relics_obtained":[],"event_choices":[{"cards_removed":["Strike_R"],"damage_healed":0.0,"max_hp_gain":0.0,"max_hp_loss":0.0,"gold_gain":0.0,"event_name":"Beggar","player_choice":"Gave Gold","floor":21.0,"gold_loss":75.0,"damage_taken":0.0},{"damage_healed":0.0,"max_hp_gain":0.0,"max_hp_loss":0.0,"gold_gain":100.0,"event_name":"Golden Shrine","player_choice":"Pray","floor":27.0,"gold_loss":0.0,"damage_taken":0.0}],"is_beta":false,"boss_relics":[{"not_picked":["Philosopher\u0027s Stone","Runic Cube","Runic Dome"]}],"items_purged_floors":[20],"is_endless":false,"potions_floor_spawned":[2,5,13,16,18,19],"killed_by":"Shelled Parasite and Fungi","ascension_level":0}}