{"host":"2yhbarjh4s9lrrzt","time":1611531384,"event":{"mods":["2.2 Compatiblity","BaseMod","Better Note","Better Third Choice","Block Reminder","Hubris","Marked Mod","Minty Spire (QoL Compilation)","Replay The Spire","StSLib"],"gold_per_floor":[114,114,124,124,124,124,134,160,186,186,11,77,97,117,117,214,214,230,230,230],"floor_reached":19,"language":"ENG","playtime":1431,"items_purged":[],"score":169,"play_id":"e3f80178-31af-4a1c-b7ac-8f28bd2714a0","local_time":"20210124183624","is_ascension_mode":false,"campfire_choices":[{"floor":6,"key":"REST"},{"floor":10,"key":"REST"},{"floor":15,"key":"REST"}],"circlet_count":0,"master_deck":["Strike_P+1","Strike_P+1","Defend_P","Defend_P","Defend_P","Defend_P","Eruption+1","Vigilance+1","Perseverance","EmptyFist","Nirvana","MarkedMod:GracefulMovements+1","Study","WheelKick","MarkedMod:SlowDance","Writhe","Doubt","MarkedMod:PinPointDefense"],"relics":["PureWater","NeowsBlessing","Gremlin Food","SsserpentHead","Shuriken","hubris:SlimyHat","Membership Card","Kintsugi"],"acts_visited":["Exordium","TheCity"],"potions_floor_usage":[8,14,16,16],"damage_taken":[{"damage":0,"enemies":"2 Louse","floor":1,"turns":1},{"damage":0,"enemies":"Small Slimes","floor":3,"turns":1},{"damage":0,"enemies":"Cultist","floor":7,"turns":1},{"damage":18,"enemies":"Gremlin Nob","floor":8,"turns":4},{"damage":6,"enemies":"Large Slime","floor":12,"turns":6},{"damage":21,"enemies":"Lots of Slimes","floor":13,"turns":5},{"damage":33,"enemies":"Gremlin Gang","floor":14,"turns":5},{"damage":17,"enemies":"The Guardian","floor":16,"turns":10},{"damage":51,"enemies":"Shell Parasite","floor":18,"turns":18},{"damage":28,"enemies":"Spheric Guardian","floor":19,"turns":7}],"seed_played":"-7675847392135352130","potions_obtained":[{"floor":1,"key":"Weak Potion"},{"floor":8,"key":"CultistPotion"},{"floor":12,"key":"AttackPotion"},{"floor":14,"key":"Weak Potion"}],"is_trial":false,"path_per_floor":["M","?","M","?","?","R","M","E","T","R","$","M","M","M","R","B",null,"M","M"],"character_chosen":"WATCHER","items_purchased":["Membership Card","Study"],"campfire_rested":3,"item_purchase_floors":[11,11],"current_hp_per_floor":[72,58,58,55,55,72,72,54,54,72,72,66,45,12,33,16,72,21,0,0],"gold":230,"neow_bonus":"THREE_ENEMY_KILL","is_daily":false,"chose_seed":false,"campfire_upgraded":0,"win_rate":0.0,"timestamp":1611531384,"path_taken":["M","?","M","?","?","R","M","E","T","R","$","?","M","M","R","BOSS","M","M"],"items_purchased_type":["Relic","Card"],"build_version":"2020-12-22","purchased_purges":0,"victory":false,"max_hp_per_floor":[72,72,72,72,72,72,72,72,72,72,72,72,72,72,72,72,72,72,72,72],"card_choices":[{"not_picked":["FollowUp","Replay:AtTheReady"],"picked":"Perseverance","floor":1},{"not_picked":["Replay:Cycle","Replay:ManipulateFuture"],"picked":"EmptyFist","floor":3},{"not_picked":["FearNoEvil","MarkedMod:FirstStrike"],"picked":"Nirvana","floor":7},{"not_picked":["Replay:Battleflow","Fasting2"],"picked":"MarkedMod:GracefulMovements","floor":8},{"not_picked":["Replay:BluntJabs","InnerPeace"],"picked":"MarkedMod:GracefulMovements","floor":12},{"not_picked":["CarveReality","ClearTheMind"],"picked":"MarkedMod:GracefulMovements","floor":13},{"not_picked":["FlyingSleeves","Perseverance"],"picked":"WheelKick","floor":14},{"not_picked":["Vault","ConjureBlade"],"picked":"MarkedMod:SlowDance","floor":16},{"not_picked":["EmptyBody","ClearTheMind"],"picked":"MarkedMod:PinPointDefense","floor":18}],"player_experience":251831,"relics_obtained":[{"floor":8,"key":"Shuriken"},{"floor":9,"key":"hubris:SlimyHat"}],"event_choices":[{"damage_healed":72,"gold_gain":0,"player_choice":"Upgrade","damage_taken":14,"max_hp_gain":0,"max_hp_loss":72,"event_name":"betterThird:BetterShining","floor":2,"gold_loss":0,"cards_upgraded":["Strike_P","Eruption"]},{"damage_healed":0,"gold_gain":0,"player_choice":"Relic ","damage_taken":3,"max_hp_gain":0,"max_hp_loss":0,"event_name":"betterThird:BetterScrap","floor":4,"gold_loss":0,"cards_obtained":["ReplayTheSpireMod:Calculation Training"]},{"damage_healed":0,"gold_gain":0,"player_choice":"Trade","damage_taken":0,"relics_obtained":["SsserpentHead"],"max_hp_gain":0,"max_hp_loss":0,"event_name":"FaceTrader","floor":5,"gold_loss":0}],"is_beta":false,"boss_relics":[{"not_picked":["Philosopher\u0027s Stone","SacredBark"],"picked":"Kintsugi"}],"items_purged_floors":[],"is_endless":false,"potions_floor_spawned":[1,8,12,14],"killed_by":"Spheric Guardian","ascension_level":0}}