{"host":"6q94iy5iz6612v89","time":1611498233,"event":{"mods":["2.2 Compatiblity","AchievementEnabler","BaseMod","Colored Map","DeckTracker","Keyboard Shortcuts","Marisa£¨Ùöéë¡¡Øª×âÞÞ£©","Minty Spire (QoL Compilation)","Permanent Neow","StSLib","SuperFastMode"],"gold_per_floor":[118,138,156,156,106,133,150,168,220,248,258,283,76,87,87,189,189,208,8,24,24,24,50,84,84,84,104,135,165,176,187,187,187,187],"floor_reached":33,"language":"KOR","playtime":766,"items_purged":["Strike_MRS","Strike_MRS"],"score":571,"play_id":"aa488a62-cc35-4091-b030-60c4f6e0e50c","local_time":"20210124232353","is_ascension_mode":true,"campfire_choices":[{"data":"GalacticHalo","floor":15,"key":"SMITH"},{"data":"CollectingQuirk","floor":25,"key":"SMITH"},{"data":"1","floor":32,"key":"LIFT"}],"circlet_count":0,"master_deck":["Strike_MRS","Defend_MRS","Defend_MRS","Defend_MRS","Defend_MRS","MasterSpark","UpSweep","ManaRampage+1","NonDirectionalLaser","UltimateShortwave","GalacticHalo+1","Parasite","Parasite","CurseOfTheBell","CollectingQuirk+1"],"relics":["MiniHakkero","Pocketwatch","AmplifyWand","Smiling Mask","ShroomBag","Calling Bell","MealTicket","HornCleat","WingedGreaves","Membership Card","MutagenicStrength","Art of War","Toy Ornithopter","Girya","Question Card","Oddly Smooth Stone"],"acts_visited":["Exordium","TheCity"],"potions_floor_usage":[11,23,24,29,33,33],"damage_taken":[{"damage":2,"enemies":"Jaw Worm","floor":1,"turns":3},{"damage":1,"enemies":"Cultist","floor":2,"turns":3},{"damage":10,"enemies":"Small Slimes","floor":3,"turns":2},{"damage":0,"enemies":"Gremlin Nob","floor":6,"turns":2},{"damage":0,"enemies":"2 Fungi Beasts","floor":7,"turns":2},{"damage":0,"enemies":"Exordium Wildlife","floor":8,"turns":2},{"damage":14,"enemies":"Lagavulin","floor":10,"turns":3},{"damage":16,"enemies":"Exordium Thugs","floor":11,"turns":5},{"damage":3,"enemies":"Blue Slaver","floor":14,"turns":2},{"damage":0,"enemies":"Slime Boss","floor":16,"turns":3},{"damage":18,"enemies":"Shell Parasite","floor":18,"turns":4},{"damage":8,"enemies":"3 Byrds","floor":20,"turns":4},{"damage":9,"enemies":"Book of Stabbing","floor":23,"turns":3},{"damage":0,"enemies":"Slavers","floor":24,"turns":1},{"damage":0,"enemies":"Snake Plant","floor":27,"turns":2},{"damage":21,"enemies":"Book of Stabbing","floor":28,"turns":3},{"damage":18,"enemies":"Gremlin Leader","floor":29,"turns":4},{"damage":0,"enemies":"Centurion and Healer","floor":30,"turns":3},{"damage":0,"enemies":"Shelled Parasite and Fungi","floor":31,"turns":2},{"damage":68,"enemies":"Collector","floor":33,"turns":6}],"seed_played":"5505234014023902015","potions_obtained":[{"floor":3,"key":"GamblersBrew"},{"floor":7,"key":"Block Potion"},{"floor":8,"key":"ColorlessPotion"},{"floor":14,"key":"Weak Potion"},{"floor":18,"key":"DistilledChaos"},{"floor":20,"key":"Regen Potion"},{"floor":23,"key":"Strength Potion"},{"floor":31,"key":"SteroidPotion"}],"is_trial":false,"path_per_floor":["M","M","M","?","?","E","M","M","T","E","M","T","$","M","R","B",null,"M","$","M","?","?","E","E","R","T","M","E","E","M","M","R","B"],"character_chosen":"MARISA","items_purchased":["ShroomBag","Membership Card"],"campfire_rested":0,"item_purchase_floors":[13,19],"current_hp_per_floor":[66,65,55,55,55,55,55,55,55,41,25,25,25,26,26,30,64,50,65,61,61,61,56,56,56,56,60,43,46,50,54,54,0,0],"gold":187,"neow_bonus":"ONE_RANDOM_RARE_CARD","is_daily":false,"chose_seed":false,"campfire_upgraded":2,"win_rate":0.0,"timestamp":1611498233,"path_taken":["M","M","M","?","?","E","M","M","T","E","M","?","$","M","R","BOSS","M","$","?","?","?","E","E","R","T","?","E","E","M","M","R","BOSS"],"items_purchased_type":["Relic","Relic"],"build_version":"2020-12-22","purchased_purges":2,"victory":false,"max_hp_per_floor":[75,75,75,75,75,75,75,75,75,75,75,75,75,75,75,75,75,75,75,75,75,75,75,75,75,75,75,75,75,75,75,75,75,75],"card_choices":[{"not_picked":["ShootingEcho","ShootTheMoon"],"picked":"NonDirectionalLaser","floor":1},{"not_picked":["6A","AsteroidBelt","StarlightTyphoon"],"picked":"SKIP","floor":2},{"not_picked":["IllusionStar","GrandCross","UnstableBomb"],"picked":"SKIP","floor":3},{"not_picked":["WitchLeyline","DarkMatter","FairyDestructionRay"],"picked":"SKIP","floor":6},{"not_picked":["NonDirectionalLaser","MysteriousBeam","ShootTheMoon"],"picked":"SKIP","floor":7},{"not_picked":["GrandCross","NonDirectionalLaser","Robbery"],"picked":"SKIP","floor":8},{"not_picked":["ShootingEcho","Robbery"],"picked":"UltimateShortwave","floor":10},{"not_picked":["PowerUp","WitchOfGreed"],"picked":"GalacticHalo","floor":11},{"not_picked":["GrandCross","6A","MysteriousBeam"],"picked":"SKIP","floor":14},{"not_picked":["LuminesStrike","MilkyWay","MagicChant"],"picked":"SKIP","floor":18},{"not_picked":["Occultation","GravityBeat+1","JA"],"picked":"SKIP","floor":20},{"not_picked":["MysteriousBeam","BlazingStar","SporeBomb+1"],"picked":"SKIP","floor":23},{"not_picked":["MillisecondPulsars","AsteroidBelt","PowerUp"],"picked":"SKIP","floor":24},{"not_picked":["GravityBeat","GalacticHalo","GrandCross+1"],"picked":"SKIP","floor":27},{"not_picked":["UnstableBomb+1","EventHorizon+1","SporeBomb+1"],"picked":"SKIP","floor":28},{"not_picked":["StarlightTyphoon+1","Robbery","Acceleration","MeteoricShower"],"picked":"SKIP","floor":29},{"not_picked":["ShootTheMoon","AlicesGift","MilkyWay","GrandCross"],"picked":"SKIP","floor":30},{"not_picked":["LuminesStrike","PulseMagic","ShootTheMoon","ShootingEcho"],"picked":"SKIP","floor":31}],"player_experience":1485966,"relics_obtained":[{"floor":6,"key":"Pocketwatch"},{"floor":10,"key":"AmplifyWand"},{"floor":12,"key":"Smiling Mask"},{"floor":17,"key":"MealTicket"},{"floor":17,"key":"HornCleat"},{"floor":17,"key":"WingedGreaves"},{"floor":23,"key":"Art of War"},{"floor":24,"key":"Toy Ornithopter"},{"floor":26,"key":"Girya"},{"floor":28,"key":"Question Card"},{"floor":29,"key":"Oddly Smooth Stone"}],"event_choices":[{"damage_healed":0,"gold_gain":0,"player_choice":"Grow","damage_taken":0,"max_hp_gain":0,"max_hp_loss":0,"event_name":"Living Wall","floor":4,"gold_loss":0,"cards_upgraded":["ManaRampage"]},{"cards_removed":["Strike_MRS"],"damage_healed":0,"gold_gain":0,"player_choice":"Card Removal","damage_taken":0,"max_hp_gain":0,"max_hp_loss":0,"event_name":"The Cleric","floor":5,"gold_loss":50},{"damage_healed":0,"gold_gain":0,"player_choice":"Inject Mutagens","damage_taken":0,"relics_obtained":["MutagenicStrength"],"max_hp_gain":0,"max_hp_loss":0,"event_name":"Drug Dealer","floor":21,"gold_loss":0},{"damage_healed":0,"gold_gain":0,"player_choice":"1 cards matched","damage_taken":0,"max_hp_gain":0,"max_hp_loss":0,"event_name":"Match and Keep!","floor":22,"gold_loss":0,"cards_obtained":["CollectingQuirk"]}],"is_beta":false,"boss_relics":[{"not_picked":["Pandora\u0027s Box","Velvet Choker"],"picked":"Calling Bell"}],"items_purged_floors":[13,19],"is_endless":false,"potions_floor_spawned":[3,7,8,14,18,20,23,31],"killed_by":"Collector","ascension_level":6}}