{"host":"zh52cun1g5egmafn","time":1611485760,"event":{"mods":["AchievementEnabler","Arknights The Spire","BaseMod","DeckTracker","Minty Spire (QoL Compilation)","StSLib"],"gold_per_floor":[111,186,186,186,30,63,78,112,139,155,155,190,190,207,207,207,207],"floor_reached":16,"language":"KOR","playtime":611,"items_purged":[],"score":193,"play_id":"f2dbe304-09e2-4d89-94a2-af10ef122b77","local_time":"20210124195600","is_ascension_mode":true,"campfire_choices":[{"floor":11,"key":"REST"},{"floor":15,"key":"REST"}],"circlet_count":0,"master_deck":["ats:Strike C","ats:Strike S","ats:Strike V","ats:Armor Crushing Shot","ats:Defend","ats:Defend","ats:Defend","ats:Defend","ats:Emotion Absorption","ats:Assault Order","ats:Calcification","ats:Directed Diagnosis","ats:Guard Mode","ats:Part Time Job","ats:Automatic Cover"],"relics":["ats:Sanity","NeowsBlessing","Anchor","ats:Originium","Bronze Scales","Strawberry","Dream Catcher","Orichalcum"],"acts_visited":["Exordium"],"potions_floor_usage":[8,12],"damage_taken":[{"damage":0.0,"enemies":"Small Slimes","floor":1.0,"turns":1.0},{"damage":0.0,"enemies":"Gremlin Nob","floor":6.0,"turns":1.0},{"damage":0.0,"enemies":"Jaw Worm","floor":7.0,"turns":1.0},{"damage":43,"enemies":"3 Sentries","floor":8,"turns":18},{"damage":0,"enemies":"2 Louse","floor":10,"turns":3},{"damage":60,"enemies":"Lagavulin","floor":12,"turns":13},{"damage":1,"enemies":"Blue Slaver","floor":14,"turns":7},{"damage":45,"enemies":"The Guardian","floor":16,"turns":11}],"seed_played":"2080576890241492544","potions_obtained":[{"floor":1.0,"key":"EssenceOfSteel"},{"floor":8,"key":"ats:Top Emergency Sanity Potion"},{"floor":10,"key":"Fire Potion"}],"is_trial":false,"path_per_floor":["M","?","?","?","$","E","M","E","T","M","R","E","?","M","R","B"],"character_chosen":"DOCTOR_CLASS","items_purchased":["Anchor"],"campfire_rested":2,"item_purchase_floors":[5],"current_hp_per_floor":[65,54,54,47,47,47,47,16,16,22,45,3,3,18,41,6,6],"gold":207,"neow_bonus":"THREE_ENEMY_KILL","is_daily":false,"chose_seed":false,"campfire_upgraded":0,"win_rate":0.0,"timestamp":1611485760,"path_taken":["M","?","?","?","$","E","M","E","T","M","R","E","?","M","R","BOSS"],"items_purchased_type":["Relic"],"build_version":"2020-12-22","purchased_purges":0,"victory":false,"max_hp_per_floor":[72,72,72,72,72,72,72,79,79,79,79,79,79,79,79,79,79],"card_choices":[{"not_picked":["ats:Sunburst","ats:Shell Defense"],"picked":"ats:Assault Order","floor":1.0},{"not_picked":["ats:Chain Hook","ats:Very Hot Blade"],"picked":"ats:Calcification","floor":6.0},{"not_picked":["ats:Chain Hook","ats:Blood Oath","ats:Cat Scratch"],"picked":"SKIP","floor":7.0},{"not_picked":["ats:Demon Strength","ats:Poison Spread"],"picked":"ats:Directed Diagnosis","floor":8},{"not_picked":["ats:Mental Burst","ats:Leaping Hammer"],"picked":"ats:Guard Mode","floor":10},{"not_picked":["ats:Hammer On","ats:Explosion Area Strengthen"],"picked":"ats:Part Time Job","floor":11},{"not_picked":["ats:Very Hot Blade","ats:Flame Of Heaven","ats:Explosion Area Strengthen"],"picked":"SKIP","floor":12},{"not_picked":["ats:Part Time Job","ats:Directed Diagnosis","ats:Flexible Camouflage"],"picked":"SKIP","floor":14},{"not_picked":["ats:Wolf Pack","ats:Flexible Camouflage"],"picked":"ats:Automatic Cover","floor":15}],"player_experience":214057,"relics_obtained":[{"floor":6.0,"key":"ats:Originium"},{"floor":6.0,"key":"Bronze Scales"},{"floor":8,"key":"ats:Originium"},{"floor":8,"key":"Strawberry"},{"floor":9,"key":"Dream Catcher"},{"floor":12,"key":"ats:Originium"},{"floor":12,"key":"Orichalcum"}],"event_choices":[{"damage_healed":0.0,"max_hp_gain":0.0,"max_hp_loss":0.0,"gold_gain":75.0,"event_name":"World of Goop","player_choice":"Gather Gold","floor":2.0,"gold_loss":0.0,"damage_taken":11.0},{"damage_healed":0.0,"max_hp_gain":0.0,"max_hp_loss":0.0,"gold_gain":0.0,"event_name":"Liars Game","player_choice":"Ignored","floor":3.0,"gold_loss":0.0,"damage_taken":0.0},{"cards_removed":["ats:Strike G"],"damage_healed":0.0,"max_hp_gain":0.0,"max_hp_loss":0.0,"gold_gain":0.0,"event_name":"Golden Wing","player_choice":"Card Removal","floor":4.0,"gold_loss":0.0,"damage_taken":7.0},{"damage_healed":0,"gold_gain":0,"player_choice":"Fled","damage_taken":0,"max_hp_gain":0,"max_hp_loss":0,"event_name":"Scrap Ooze","floor":13,"gold_loss":0}],"is_beta":false,"boss_relics":[],"items_purged_floors":[],"is_endless":false,"potions_floor_spawned":[1,8,10],"killed_by":"The Guardian","ascension_level":7}}