{"host":"Jinnai","time":1611467358,"event":{"mods":["BaseMod","Bestiary","Block Reminder","Colored Map","Colored Powertips","Highlight Path","Minty Spire (QoL Compilation)","Quick Restart","Relic Stats","StSLib"],"gold_per_floor":[360,374,374,374,45,88,88,109,188,219,219,219,252,265,265,358,358,372,390,440,440,365,365,401,401,426,446,49,85,99,134,134,134,134],"floor_reached":33,"language":"ENG","playtime":1387,"items_purged":["Strike_P"],"score":636,"play_id":"1e05f13e-949a-47de-b1d9-25c33343b54b","local_time":"20210124004918","is_ascension_mode":true,"campfire_choices":[{"floor":7.0,"key":"REST"},{"floor":12.0,"key":"REST"},{"data":"Tantrum","floor":15.0,"key":"SMITH"},{"data":"Ghostly","floor":23.0,"key":"SMITH"},{"data":"LessonLearned","floor":25,"key":"SMITH"},{"data":"Fasting2","floor":32,"key":"SMITH"}],"circlet_count":0,"master_deck":["AscendersBane","Strike_P+1","Strike_P+1","Strike_P","Defend_P","Defend_P","Eruption","Vigilance","Vengeance+1","FlyingSleeves","EmptyBody","Adaptation","Tantrum+1","DevaForm","FollowUp+1","SandsOfTime","TalkToTheHand","BowlingBash","LessonLearned+1","Wallop+1","Ghostly+1","Ghostly","Ghostly","Consecrate","Fasting2+1"],"relics":["PureWater","Golden Idol","Sling","Toy Ornithopter","Gremlin Horn","Orichalcum","MealTicket","Runic Pyramid","Art of War","Bag of Marbles","CloakClasp","Red Mask","Vajra"],"acts_visited":["Exordium","TheCity"],"potions_floor_usage":[24,31,33,33],"damage_taken":[{"damage":0.0,"enemies":"Jaw Worm","floor":1.0,"turns":4.0},{"damage":10.0,"enemies":"2 Louse","floor":2.0,"turns":3.0},{"damage":20.0,"enemies":"3 Sentries","floor":6.0,"turns":4.0},{"damage":0.0,"enemies":"Cultist","floor":8.0,"turns":2.0},{"damage":16.0,"enemies":"Gremlin Nob","floor":10.0,"turns":3.0},{"damage":17.0,"enemies":"3 Sentries","floor":13.0,"turns":3.0},{"damage":2.0,"enemies":"2 Fungi Beasts","floor":14.0,"turns":3.0},{"damage":7.0,"enemies":"Hexaghost","floor":16.0,"turns":9.0},{"damage":23.0,"enemies":"2 Thieves","floor":18.0,"turns":3.0},{"damage":3.0,"enemies":"Spheric Guardian","floor":19.0,"turns":3.0},{"damage":0,"enemies":"Book of Stabbing","floor":24,"turns":5},{"damage":11,"enemies":"Centurion and Healer","floor":27,"turns":4},{"damage":0,"enemies":"Masked Bandits","floor":29,"turns":2},{"damage":5,"enemies":"Cultist and Chosen","floor":30,"turns":7},{"damage":10,"enemies":"Slavers","floor":31,"turns":4},{"damage":87,"enemies":"Collector","floor":33,"turns":9}],"seed_played":"-8925011500406667565","potions_obtained":[{"floor":2.0,"key":"GamblersBrew"},{"floor":6.0,"key":"Energy Potion"},{"floor":13.0,"key":"AttackPotion"},{"floor":19.0,"key":"BlessingOfTheForge"},{"floor":29,"key":"BlessingOfTheForge"},{"floor":31,"key":"SpeedPotion"}],"is_trial":false,"path_per_floor":["M","M","?","?","$","E","R","M","T","E","?","R","E","M","R","B",null,"M","M","?","?","?","R","E","R","T","M","$","?","M","E","R","B"],"character_chosen":"WATCHER","items_purchased":["Sling","Adaptation","Tantrum","CloakClasp"],"campfire_rested":2,"item_purchase_floors":[5,5,5,28],"current_hp_per_floor":[43,33,33,33,33,13,31,31,31,15,15,33,21,19,19,12,50,27,24,24,24,24,24,29,29,29,18,31,31,26,21,21,0,0],"gold":134,"neow_bonus":"TWO_FIFTY_GOLD","is_daily":false,"chose_seed":false,"campfire_upgraded":4,"win_rate":0.0,"timestamp":1611467358,"path_taken":["M","M","?","?","$","E","R","M","T","E","?","R","E","M","R","BOSS","M","M","?","?","?","R","E","R","T","M","$","?","?","E","R","BOSS"],"items_purchased_type":["Relic","Card","Card","Relic"],"build_version":"2020-12-18","purchased_purges":1,"victory":false,"max_hp_per_floor":[68,68,68,62,62,62,62,62,62,62,62,62,62,62,62,62,62,62,62,62,31,31,31,31,31,31,31,31,31,31,31,31,31,31],"relic_stats":{"Gremlin Horn":[12,12],"counters":[16,68],"Golden Idol":83,"MealTicket":13,"Art of War":[4],"CloakClasp":[114],"Orichalcum":[72],"obtain_stats":[{"Gremlin Horn":9,"Golden Idol":4,"Vajra":31,"CloakClasp":28,"Orichalcum":10,"Sling":5,"MealTicket":13,"Art of War":24,"Bag of Marbles":26,"Red Mask":29,"PureWater":0,"Toy Ornithopter":6,"Runic Pyramid":17},{"Gremlin Horn":4,"Golden Idol":2,"Vajra":15,"CloakClasp":12,"Orichalcum":5,"Sling":2,"MealTicket":6,"Art of War":11,"Bag of Marbles":11,"Red Mask":13,"PureWater":0,"Toy Ornithopter":3,"Runic Pyramid":8},{"Gremlin Horn":13,"Golden Idol":7,"Vajra":59,"CloakClasp":46,"Orichalcum":16,"Sling":7,"MealTicket":19,"Art of War":42,"Bag of Marbles":42,"Red Mask":48,"PureWater":0,"Toy Ornithopter":11,"Runic Pyramid":31}],"Toy Ornithopter":25},"card_choices":[{"not_picked":["Crescendo","CrushJoints"],"picked":"Vengeance","floor":1.0},{"not_picked":["ClearTheMind","EmptyBody"],"picked":"FlyingSleeves","floor":2.0},{"not_picked":["EmptyFist","ForeignInfluence"],"picked":"DevaForm","floor":6.0},{"not_picked":["Pray","Evaluate"],"picked":"FollowUp","floor":8.0},{"not_picked":["Vengeance","Evaluate"],"picked":"SandsOfTime","floor":10.0},{"not_picked":["JustLucky","Prostrate"],"picked":"TalkToTheHand","floor":13.0},{"not_picked":["ClearTheMind","MentalFortress"],"picked":"BowlingBash","floor":14.0},{"not_picked":["DevaForm","MasterReality"],"picked":"LessonLearned","floor":16.0},{"not_picked":["PathToVictory","CrushJoints","ClearTheMind"],"picked":"SKIP","floor":18.0},{"not_picked":["EmptyBody","Halt"],"picked":"Wallop","floor":19.0},{"not_picked":["Collect","SashWhip","EmptyBody"],"picked":"SKIP","floor":24},{"not_picked":["PathToVictory","ClearTheMind","Protect"],"picked":"SKIP","floor":27},{"not_picked":["SashWhip","Adaptation"],"picked":"Consecrate","floor":30},{"not_picked":["Indignation","Collect"],"picked":"Fasting2","floor":31}],"player_experience":1543224,"relics_obtained":[{"floor":6.0,"key":"Toy Ornithopter"},{"floor":9.0,"key":"Gremlin Horn"},{"floor":10.0,"key":"Orichalcum"},{"floor":13.0,"key":"MealTicket"},{"floor":24,"key":"Art of War"},{"floor":26,"key":"Bag of Marbles"},{"floor":29,"key":"Red Mask"},{"floor":31,"key":"Vajra"}],"event_choices":[{"damage_healed":0.0,"max_hp_gain":0.0,"max_hp_loss":0.0,"gold_gain":0.0,"cards_transformed":["Defend_P"],"event_name":"Living Wall","player_choice":"Change","floor":3.0,"gold_loss":0.0,"damage_taken":0.0,"cards_obtained":["EmptyBody"]},{"damage_healed":0.0,"max_hp_gain":0.0,"max_hp_loss":6.0,"gold_gain":0.0,"event_name":"Golden Idol","player_choice":"Lose Max HP","floor":4.0,"gold_loss":0.0,"damage_taken":0.0,"relics_obtained":["Golden Idol"]},{"damage_healed":0.0,"max_hp_gain":0.0,"max_hp_loss":0.0,"gold_gain":0.0,"event_name":"Scrap Ooze","player_choice":"Fled","floor":11.0,"gold_loss":0.0,"damage_taken":0.0},{"damage_healed":0.0,"max_hp_gain":0.0,"max_hp_loss":0.0,"gold_gain":50.0,"event_name":"Nest","player_choice":"Stole From Cult","floor":20.0,"gold_loss":0.0,"damage_taken":0.0},{"damage_healed":0.0,"max_hp_gain":0.0,"max_hp_loss":31.0,"gold_gain":0.0,"event_name":"Ghosts","player_choice":"Became a Ghost","floor":21.0,"gold_loss":0.0,"damage_taken":0.0,"cards_obtained":["Ghostly","Ghostly","Ghostly"]},{"cards_removed":["Defend_P"],"damage_healed":0.0,"max_hp_gain":0.0,"max_hp_loss":0.0,"gold_gain":0.0,"event_name":"Beggar","player_choice":"Gave Gold","floor":22.0,"gold_loss":75.0,"damage_taken":0.0},{"damage_healed":0,"gold_gain":0,"player_choice":"Fought Bandits","damage_taken":0,"max_hp_gain":0,"max_hp_loss":0,"event_name":"Masked Bandits","floor":29,"gold_loss":0}],"is_beta":true,"boss_relics":[{"not_picked":["Busted Crown","Ectoplasm"],"picked":"Runic Pyramid"}],"items_purged_floors":[28],"is_endless":false,"potions_floor_spawned":[2,6,13,16,18,19,29,31],"killed_by":"Collector","ascension_level":19}}