{"host":"guzbs4v8630hpsy6","time":1611486618,"event":{"mods":["2.2 Compatiblity","AchievementEnabler","BaseMod","Block Reminder","DeckTracker","Highlight Path","Minty Spire (QoL Compilation)","Relic Stats","SuperFastMode"],"gold_per_floor":[112,128,128,128,140,140,140,172,246,246,262,287,287,302,302,401,401,401,326,326,326,326,326,326,326,326,326,326,326,326,326,326,326,326,326,326,67,67,67,67,67,67,67,67,67,67,37,37,37,37],"floor_reached":51,"language":"ENG","playtime":2486,"items_purged":[],"score":1120,"play_id":"2d232301-9079-4206-bb3a-e140867d3289","local_time":"20210124191018","is_ascension_mode":true,"campfire_choices":[{"data":"Zap","floor":6,"key":"SMITH"},{"data":"Barrage","floor":10,"key":"SMITH"},{"data":"Coolheaded","floor":13,"key":"SMITH"},{"data":"Coolheaded","floor":15,"key":"SMITH"},{"data":"Defragment","floor":23,"key":"SMITH"},{"data":"Buffer","floor":27,"key":"SMITH"},{"data":"Consume","floor":32,"key":"SMITH"},{"data":"Defragment","floor":41,"key":"SMITH"},{"data":"Capacitor","floor":44,"key":"SMITH"},{"data":"Static Discharge","floor":49,"key":"SMITH"}],"circlet_count":0,"master_deck":["Defend_B","Defend_B","Zap+1","Compile Driver","Barrage+1","Go for the Eyes","FTL","Coolheaded+1","Ball Lightning","Cold Snap","Coolheaded+1","Buffer+1","Defragment+1","Scrape+1","Capacitor+1","Hologram+1","Consume+1","Defragment+1","Reboot","RitualDagger","Seek","Self Repair+1","Gash+1","BootSequence+1","Defragment+1","Defragment+1","Chill","Reboot","Static Discharge+1","White Noise+1"],"relics":["Cracked Core","Pen Nib","Prayer Wheel","Meat on the Bone","Bottled Flame","Ectoplasm","Red Mask","The Courier","Eternal Feather","Sundial","Bird Faced Urn","Astrolabe","WingedGreaves","Mercury Hourglass","White Beast Statue","Vajra","Lantern","Juzu Bracelet"],"acts_visited":["Exordium","TheCity","TheBeyond"],"potions_floor_usage":[16,25,50,50],"damage_taken":[{"damage":7,"enemies":"2 Louse","floor":1,"turns":3},{"damage":4,"enemies":"Jaw Worm","floor":2,"turns":4},{"damage":1,"enemies":"Cultist","floor":5,"turns":3},{"damage":20,"enemies":"Lagavulin","floor":8,"turns":5},{"damage":2,"enemies":"Exordium Wildlife","floor":11,"turns":2},{"damage":18,"enemies":"Gremlin Nob","floor":12,"turns":3},{"damage":0,"enemies":"Blue Slaver","floor":14,"turns":2},{"damage":10,"enemies":"Hexaghost","floor":16,"turns":8},{"damage":0,"enemies":"Spheric Guardian","floor":18,"turns":3},{"damage":15,"enemies":"Masked Bandits","floor":20,"turns":4},{"damage":4,"enemies":"Shell Parasite","floor":21,"turns":2},{"damage":19,"enemies":"Snecko","floor":24,"turns":4},{"damage":5,"enemies":"Slavers","floor":25,"turns":4},{"damage":0,"enemies":"Gremlin Leader","floor":28,"turns":6},{"damage":16,"enemies":"Snake Plant","floor":29,"turns":4},{"damage":0,"enemies":"Centurion and Healer","floor":30,"turns":5},{"damage":2,"enemies":"Champ","floor":33,"turns":9},{"damage":14,"enemies":"3 Shapes","floor":35,"turns":3},{"damage":0,"enemies":"Mind Bloom Boss Battle","floor":36,"turns":5},{"damage":0,"enemies":"Reptomancer","floor":40,"turns":6},{"damage":13,"enemies":"Nemesis","floor":42,"turns":7},{"damage":0,"enemies":"Reptomancer","floor":46,"turns":6},{"damage":18,"enemies":"3 Darklings","floor":48,"turns":4},{"damage":35,"enemies":"Donu and Deca","floor":50,"turns":8}],"seed_played":"-1562905532441022254","potions_obtained":[{"floor":5,"key":"EssenceOfSteel"},{"floor":8,"key":"SneckoOil"},{"floor":12,"key":"LiquidBronze"},{"floor":18,"key":"SpeedPotion"},{"floor":29,"key":"Energy Potion"},{"floor":40,"key":"DistilledChaos"},{"floor":48,"key":"Block Potion"}],"is_trial":false,"path_per_floor":["M","M","?","?","M","R","?","E","T","R","M","E","R","M","R","B",null,"M","?","?","M","T","R","M","E","T","R","E","M","M","?","R","B",null,"M","?","$","?","?","E","R","E","T","R","?","E","$","M","R","B",null],"character_chosen":"DEFECT","items_purchased":["Mercury Hourglass","Defragment","Static Discharge"],"campfire_rested":0,"item_purchase_floors":[37,37,47],"current_hp_per_floor":[68,64,57,54,53,53,53,33,33,33,43,37,37,49,49,51,74,74,74,59,55,55,55,48,43,43,55,55,43,49,43,55,61,77,79,82,82,82,82,82,82,81,81,82,82,82,82,78,82,66],"gold":37,"neow_bonus":"TEN_PERCENT_HP_BONUS","is_daily":false,"chose_seed":false,"campfire_upgraded":10,"win_rate":0.0,"timestamp":1611486618,"path_taken":["M","M","?","?","M","R","?","E","T","R","?","E","R","M","R","BOSS","M","?","?","M","?","R","M","E","T","R","E","M","?","?","R","BOSS","M","?","$","?","?","E","R","E","T","R","?","E","?","M","R","BOSS"],"items_purchased_type":["Relic","Card","Card"],"build_version":"2020-12-22","purchased_purges":0,"victory":true,"max_hp_per_floor":[82,82,82,82,82,82,82,82,82,82,82,82,82,82,82,82,82,82,82,82,82,82,82,82,82,82,82,82,82,82,82,82,82,82,82,82,82,82,82,82,82,82,82,82,82,82,82,82,82,82],"relic_stats":{"counters":[24,109],"Sundial":[14],"Bird Faced Urn":[42],"Astrolabe":["Self Repair","Gash","BootSequence"],"Prayer Wheel":9,"Eternal Feather":29,"Pen Nib":[24],"Ectoplasm":713,"Juzu Bracelet":0,"obtain_stats":[{"Lantern":43,"Astrolabe":34,"Vajra":42,"Eternal Feather":25,"Pen Nib":4,"The Courier":22,"Juzu Bracelet":46,"White Beast Statue":40,"Mercury Hourglass":37,"Bottled Flame":12,"Sundial":26,"Bird Faced Urn":28,"Prayer Wheel":8,"Ectoplasm":17,"WingedGreaves":36,"Red Mask":20,"Cracked Core":0,"Meat on the Bone":9},{"Lantern":21,"Astrolabe":17,"Vajra":21,"Eternal Feather":13,"Pen Nib":2,"The Courier":11,"Juzu Bracelet":22,"White Beast Statue":20,"Mercury Hourglass":19,"Bottled Flame":6,"Sundial":13,"Bird Faced Urn":14,"Prayer Wheel":4,"Ectoplasm":8,"WingedGreaves":19,"Red Mask":10,"Cracked Core":0,"Meat on the Bone":4},{"Lantern":92,"Astrolabe":71,"Vajra":92,"Eternal Feather":47,"Pen Nib":7,"The Courier":39,"Juzu Bracelet":98,"White Beast Statue":85,"Mercury Hourglass":79,"Bottled Flame":20,"Sundial":47,"Bird Faced Urn":53,"Prayer Wheel":15,"Ectoplasm":30,"WingedGreaves":79,"Red Mask":37,"Cracked Core":0,"Meat on the Bone":15}],"Meat on the Bone":60,"Mercury Hourglass":[132]},"card_choices":[{"not_picked":["Streamline","Chill"],"picked":"Compile Driver","floor":1},{"not_picked":["Rebound","Chill"],"picked":"Barrage","floor":2},{"not_picked":["Rebound","Barrage"],"picked":"Go for the Eyes","floor":5},{"not_picked":["Darkness","Rip and Tear"],"picked":"Coolheaded","floor":8},{"not_picked":["Rebound","Leap"],"picked":"Ball Lightning","floor":11},{"not_picked":["Redo","Hello World"],"picked":"Cold Snap","floor":11},{"not_picked":["Multi-Cast","Chaos","Cold Snap"],"picked":"SKIP","floor":12},{"not_picked":["Steam","Force Field"],"picked":"Coolheaded","floor":14},{"not_picked":["Go for the Eyes","Hologram","Cold Snap"],"picked":"SKIP","floor":14},{"not_picked":["Fission","Seek"],"picked":"Buffer","floor":16},{"not_picked":["Streamline","Gash"],"picked":"Defragment","floor":18},{"not_picked":["Cold Snap","Hello World","Sweeping Beam"],"picked":"SKIP","floor":18},{"not_picked":["Coolheaded","Ball Lightning"],"picked":"Scrape+1","floor":20},{"not_picked":["Leap+1","Rebound"],"picked":"Capacitor","floor":21},{"not_picked":["Fusion+1","Compile Driver","Recycle"],"picked":"SKIP","floor":21},{"not_picked":["Streamline","Scrape"],"picked":"Hologram+1","floor":24},{"not_picked":["Redo","Leap","Melter+1"],"picked":"SKIP","floor":24},{"not_picked":["Reprogram","Steam Power","Redo"],"picked":"SKIP","floor":25},{"not_picked":["Reprogram","Steam Power","Redo"],"picked":"SKIP","floor":25},{"not_picked":["Gash+1","Leap"],"picked":"Consume","floor":28},{"not_picked":["Turbo+1","Hologram"],"picked":"Defragment+1","floor":29},{"not_picked":["Rebound","Consume"],"picked":"Reboot","floor":29},{"not_picked":["Barrage","Go for the Eyes","Beam Cell+1"],"picked":"SKIP","floor":30},{"not_picked":["Ball Lightning+1","Turbo","Steam Power"],"picked":"SKIP","floor":30},{"not_picked":["All For One","Hyperbeam"],"picked":"Seek","floor":33},{"not_picked":["Leap","White Noise+1","Force Field+1"],"picked":"SKIP","floor":35},{"not_picked":["Self Repair","Double Energy+1","Force Field"],"picked":"SKIP","floor":35},{"not_picked":["Go for the Eyes+1","Scrape+1"],"picked":"Defragment+1","floor":36},{"not_picked":["Redo","Fission"],"picked":"Chill","floor":40},{"not_picked":["Barrage+1","Hologram+1","Stack+1"],"picked":"SKIP","floor":42},{"not_picked":["Streamline","Ball Lightning"],"picked":"Reboot","floor":46},{"not_picked":["Turbo+1","Glacier+1"],"picked":"White Noise+1","floor":48},{"not_picked":["Coolheaded","Static Discharge","Compile Driver"],"picked":"SKIP","floor":48}],"player_experience":511257,"relics_obtained":[{"floor":8,"key":"Prayer Wheel"},{"floor":9,"key":"Meat on the Bone"},{"floor":12,"key":"Bottled Flame"},{"floor":20,"key":"Red Mask"},{"floor":22,"key":"The Courier"},{"floor":25,"key":"Eternal Feather"},{"floor":26,"key":"Sundial"},{"floor":28,"key":"Bird Faced Urn"},{"floor":36,"key":"WingedGreaves"},{"floor":40,"key":"White Beast Statue"},{"floor":42,"key":"Vajra"},{"floor":43,"key":"Lantern"},{"floor":46,"key":"Juzu Bracelet"}],"event_choices":[{"cards_removed":["Strike_B"],"damage_healed":0,"gold_gain":0,"player_choice":"Card Removal","damage_taken":7,"max_hp_gain":0,"max_hp_loss":0,"event_name":"Golden Wing","floor":3,"gold_loss":0},{"damage_healed":0,"gold_gain":0,"player_choice":"Success","damage_taken":3,"relics_obtained":["Pen Nib"],"max_hp_gain":0,"max_hp_loss":0,"event_name":"Scrap Ooze","floor":4,"gold_loss":0},{"damage_healed":0,"gold_gain":0,"cards_transformed":["Strike_B"],"player_choice":"Transformed","damage_taken":0,"max_hp_gain":0,"max_hp_loss":0,"event_name":"Transmorgrifier","floor":7,"gold_loss":0,"cards_obtained":["FTL"]},{"cards_removed":["Defend_B"],"damage_healed":0,"gold_gain":0,"player_choice":"Gave Gold","damage_taken":0,"max_hp_gain":0,"max_hp_loss":0,"event_name":"Beggar","floor":19,"gold_loss":75},{"damage_healed":0,"gold_gain":0,"player_choice":"Fought Bandits","damage_taken":0,"max_hp_gain":0,"max_hp_loss":0,"event_name":"Masked Bandits","floor":20,"gold_loss":0},{"damage_healed":0,"gold_gain":0,"player_choice":"Joined the Cult","damage_taken":6,"max_hp_gain":0,"max_hp_loss":0,"event_name":"Nest","floor":31,"gold_loss":0,"cards_obtained":["RitualDagger"]},{"damage_healed":0,"gold_gain":0,"player_choice":"Fight","damage_taken":0,"max_hp_gain":0,"max_hp_loss":0,"event_name":"MindBloom","floor":36,"gold_loss":0},{"cards_removed":["Dualcast"],"damage_healed":0,"gold_gain":0,"player_choice":"Removed Skill","damage_taken":0,"max_hp_gain":0,"max_hp_loss":0,"event_name":"Falling","floor":38,"gold_loss":0},{"damage_healed":0,"gold_gain":222,"player_choice":"Wore Mask","damage_taken":0,"max_hp_gain":0,"max_hp_loss":0,"event_name":"Tomb of Lord Red Mask","floor":39,"gold_loss":0},{"damage_healed":0,"gold_gain":0,"player_choice":"Memory 1","damage_taken":0,"max_hp_gain":0,"max_hp_loss":0,"event_name":"SensoryStone","floor":45,"gold_loss":0}],"is_beta":false,"boss_relics":[{"not_picked":["Black Star","Calling Bell"],"picked":"Ectoplasm"},{"not_picked":["Empty Cage","Cursed Key"],"picked":"Astrolabe"}],"items_purged_floors":[],"is_endless":false,"potions_floor_spawned":[5,8,12,14,18,24,29,35,40,42,46,48],"ascension_level":6}}