{"host":"rmsq46plbpwfbxcc","time":1611504996,"event":{"mods":["AchievementEnabler","BaseMod","Colored Map","Colored Powertips","DeckTracker","KOR Keyword Fix","Minty Spire (QoL Compilation)","Permanent Neow","Quick Restart","SuperFastMode"],"gold_per_floor":[116,132,145,163,163,163,174,207,207,97,122,122,222,233,233,328,328,344,434,434,230,246,246,281,281,353,353,353,366,366,398,398,398,398],"floor_reached":33,"language":"KOR","playtime":903,"items_purged":["Defend_G","Strike_G"],"score":410,"play_id":"c986da01-357d-474e-85dc-9ea2e1d502fd","local_time":"20210125011636","is_ascension_mode":true,"campfire_choices":[{"data":"Neutralize","floor":6,"key":"SMITH"},{"data":"Cloak And Dagger","floor":12,"key":"SMITH"},{"floor":15,"key":"REST"},{"data":"After Image","floor":23,"key":"SMITH"},{"data":"Blade Dance","floor":25,"key":"SMITH"},{"data":"Accuracy","floor":27,"key":"SMITH"},{"floor":32,"key":"REST"}],"circlet_count":0,"master_deck":["Strike_G","Strike_G","Strike_G","Strike_G","Defend_G","Defend_G","Defend_G","Defend_G","Survivor","Neutralize+1","Backflip","PiercingWail","Cloak And Dagger+1","Accuracy+1","Blade Dance+1","Tactician","After Image+1","Acrobatics","Envenom"],"relics":["WristBlade","Juzu Bracelet","Smiling Mask","Matryoshka","Nunchaku","Girya","Kunai","Nloth\u0027s Gift","Tiny Chest"],"acts_visited":["Exordium","TheCity"],"potions_floor_usage":[8,8,29,31,31,33],"damage_taken":[{"damage":1,"enemies":"Cultist","floor":1,"turns":5},{"damage":2,"enemies":"Jaw Worm","floor":2,"turns":5},{"damage":5,"enemies":"Small Slimes","floor":3,"turns":4},{"damage":1,"enemies":"Red Slaver","floor":4,"turns":4},{"damage":1,"enemies":"Blue Slaver","floor":7,"turns":4},{"damage":17,"enemies":"Lagavulin","floor":8,"turns":8},{"damage":15,"enemies":"3 Sentries","floor":11,"turns":10},{"damage":8,"enemies":"Looter","floor":14,"turns":2},{"damage":21,"enemies":"Hexaghost","floor":16,"turns":10},{"damage":7,"enemies":"Shell Parasite","floor":18,"turns":6},{"damage":0,"enemies":"Chosen","floor":22,"turns":4},{"damage":7,"enemies":"Gremlin Leader","floor":24,"turns":8},{"damage":0,"enemies":"Snecko","floor":29,"turns":5},{"damage":23,"enemies":"Slavers","floor":31,"turns":6},{"damage":39,"enemies":"Champ","floor":33,"turns":10}],"seed_played":"-6670837181256290582","potions_obtained":[{"floor":2,"key":"Strength Potion"},{"floor":4,"key":"Poison Potion"},{"floor":8,"key":"Strength Potion"},{"floor":16,"key":"Swift Potion"},{"floor":24,"key":"SteroidPotion"},{"floor":29,"key":"EssenceOfSteel"}],"is_trial":false,"path_per_floor":["M","M","M","M","?","R","M","E","T","$","E","R","?","M","R","B",null,"M","?","T","$","M","R","E","R","T","R","?","M","?","E","R","B"],"character_chosen":"THE_SILENT","items_purchased":["Accuracy","Nunchaku"],"campfire_rested":2,"item_purchase_floors":[10,21],"current_hp_per_floor":[62,60,55,54,47,47,46,29,29,29,14,14,14,6,27,6,54,47,35,35,35,35,35,28,28,28,28,28,28,28,5,26,0,0],"gold":398,"neow_bonus":"BOSS_RELIC","is_daily":false,"chose_seed":false,"campfire_upgraded":5,"win_rate":0.0,"timestamp":1611504996,"path_taken":["M","M","?","M","?","R","M","E","T","$","E","R","?","M","R","BOSS","M","?","?","$","M","R","E","R","T","R","?","M","?","E","R","BOSS"],"items_purchased_type":["Card","Relic"],"build_version":"2020-12-22","purchased_purges":2,"victory":false,"max_hp_per_floor":[70,70,70,70,70,70,70,70,70,70,70,70,70,70,70,70,70,70,70,70,70,70,70,70,70,70,70,70,70,70,70,70,70,70],"card_choices":[{"not_picked":["Prepared","Dagger Spray"],"picked":"Backflip","floor":1},{"not_picked":["Sucker Punch","Prepared","Dagger Throw"],"picked":"SKIP","floor":2},{"not_picked":["Underhanded Strike","Sucker Punch","Deflect"],"picked":"SKIP","floor":3},{"not_picked":["Tactician","A Thousand Cuts"],"picked":"PiercingWail","floor":4},{"not_picked":["Expertise","Dagger Throw"],"picked":"Cloak And Dagger","floor":7},{"not_picked":["Leg Sweep","Dagger Throw","A Thousand Cuts"],"picked":"SKIP","floor":8},{"not_picked":["Tools of the Trade","Accuracy"],"picked":"Blade Dance","floor":11},{"not_picked":["PiercingWail","Sucker Punch"],"picked":"Tactician","floor":14},{"not_picked":["Night Terror","Phantasmal Killer"],"picked":"After Image","floor":16},{"not_picked":["Dagger Spray","Tactician","Backflip"],"picked":"SKIP","floor":18},{"not_picked":["Blade Dance+1","Riddle With Holes"],"picked":"Acrobatics","floor":22},{"not_picked":["Caltrops","Setup","Catalyst"],"picked":"SKIP","floor":24},{"not_picked":["Night Terror","Concentrate","Caltrops"],"picked":"SKIP","floor":29},{"not_picked":["Crippling Poison","Sucker Punch+1"],"picked":"Envenom","floor":31}],"player_experience":649093,"relics_obtained":[{"floor":8,"key":"Juzu Bracelet"},{"floor":11,"key":"Smiling Mask"},{"floor":20,"key":"Matryoshka"},{"floor":24,"key":"Girya"},{"floor":26,"key":"CeramicFish"},{"floor":26,"key":"Kunai"},{"floor":31,"key":"Tiny Chest"}],"event_choices":[{"damage_healed":0,"gold_gain":0,"player_choice":"Damaged","damage_taken":7,"max_hp_gain":0,"max_hp_loss":0,"event_name":"Wheel of Change","floor":5,"gold_loss":0},{"damage_healed":0,"gold_gain":100,"player_choice":"Pray","damage_taken":0,"max_hp_gain":0,"max_hp_loss":0,"event_name":"Golden Shrine","floor":13,"gold_loss":0},{"damage_healed":0,"gold_gain":90,"player_choice":"GOLD ","damage_taken":12,"max_hp_gain":0,"max_hp_loss":0,"event_name":"Knowing Skull","floor":19,"potions_obtained":[],"gold_loss":0,"cards_obtained":[]},{"damage_healed":0,"gold_gain":0,"player_choice":"Traded Relic","damage_taken":0,"relics_obtained":["Nloth\u0027s Gift"],"max_hp_gain":0,"max_hp_loss":0,"event_name":"N\u0027loth","floor":28,"relics_lost":["CeramicFish"],"gold_loss":0},{"damage_healed":0,"gold_gain":0,"player_choice":"Ignored","damage_taken":0,"max_hp_gain":0,"max_hp_loss":0,"event_name":"Cursed Tome","floor":30,"gold_loss":0}],"is_beta":false,"boss_relics":[{"not_picked":["Ectoplasm","Runic Dome","Snecko Eye"]}],"items_purged_floors":[10,21],"is_endless":false,"potions_floor_spawned":[2,4,8,16,24,29],"killed_by":"Champ","ascension_level":8}}