{"host":"gbsupkmj5cka9iw4","time":1611455109,"event":{"mods":["BaseMod","Better Note","BetterRewards","Minty Spire (QoL Compilation)","Say the Spire","Shop Mod","StSLib"],"gold_per_floor":[117,117,117,140,213,213,249,249,299,25,25,45,45,88,88,177,177,202,202,241,241,241,275,190,224,224,224,249,292,51,51,51,144,144,162,384,48,68,88,128,144,179,179,218,551,551,551,577,577,577],"floor_reached":51,"language":"ENG","playtime":2782,"items_purged":["Strike_R","Pain","Strike_R+1","Strike_R+1"],"score":1904,"play_id":"4c1a8022-d859-410b-a786-216202d0040d","local_time":"20210124112509","is_ascension_mode":true,"campfire_choices":[{"floor":6.0,"key":"REST"},{"floor":13.0,"key":"REST"},{"data":"Evolve","floor":15.0,"key":"SMITH"},{"data":"Shockwave","floor":32.0,"key":"SMITH"},{"data":"Feel No Pain","floor":47,"key":"SMITH"},{"data":"Bludgeon","floor":49,"key":"SMITH"}],"circlet_count":0,"master_deck":["AscendersBane","Strike_R+1","Strike_R+1","Defend_R+1","Defend_R+1","Defend_R+1","Defend_R+1","Bash","Inflame","Shockwave+1","Reckless Charge","Thunderclap","Impervious","Heavy Blade","Spot Weakness","Evolve+1","Wild Strike","Disarm","Limit Break","Necronomicurse","Demon Form","Ghostly","Ghostly","Ghostly","Ghostly","Ghostly","Clothesline","Armaments+1","Feel No Pain+1","Power Through+1","Dual Wield+1","Bludgeon+1","Heavy Blade","Shrug It Off+1","Battle Trance+1","Power Through+1","Barricade+1","Second Wind+1","Fire Breathing+1","Writhe","True Grit+1"],"relics":["Burning Blood","Chemical X","Bottled Tornado","Smiling Mask","WarpedTongs","Juzu Bracelet","Red Skull","Kunai","PreservedInsect","Snecko Eye","Necronomicon","Red Mask","Oddly Smooth Stone","Torii","Happy Flower","Potion Belt","Toxic Egg 2","Mummified Hand","MerchantsRug","StrikeDummy","SacredBark","Shuriken","Frozen Egg 2","Bronze Scales","Blue Candle","Ice Cream","Dream Catcher"],"acts_visited":["Exordium","TheCity","TheBeyond"],"potions_floor_usage":[50,50],"damage_taken":[{"damage":2.0,"enemies":"2 Louse","floor":1.0,"turns":4.0},{"damage":1.0,"enemies":"Cultist","floor":4.0,"turns":3.0},{"damage":31.0,"enemies":"3 Sentries","floor":7.0,"turns":8.0},{"damage":7.0,"enemies":"Jaw Worm","floor":12.0,"turns":3.0},{"damage":22.0,"enemies":"Lagavulin","floor":14.0,"turns":5.0},{"damage":26.0,"enemies":"Slime Boss","floor":16.0,"turns":8.0},{"damage":6.0,"enemies":"Chosen","floor":18.0,"turns":3.0},{"damage":25.0,"enemies":"Masked Bandits","floor":20.0,"turns":4.0},{"damage":5.0,"enemies":"Gremlin Leader","floor":23.0,"turns":5.0},{"damage":6.0,"enemies":"Slavers","floor":25.0,"turns":5.0},{"damage":2.0,"enemies":"2 Thieves","floor":28.0,"turns":3.0},{"damage":11.0,"enemies":"Gremlin Leader","floor":29.0,"turns":3.0},{"damage":4,"enemies":"Automaton","floor":33,"turns":8},{"damage":0,"enemies":"3 Darklings","floor":35,"turns":4},{"damage":1,"enemies":"3 Shapes","floor":38,"turns":4},{"damage":1,"enemies":"Transient","floor":39,"turns":5},{"damage":0,"enemies":"Nemesis","floor":40,"turns":5},{"damage":0,"enemies":"4 Shapes","floor":41,"turns":4},{"damage":22,"enemies":"Reptomancer","floor":42,"turns":4},{"damage":0,"enemies":"Giant Head","floor":44,"turns":4},{"damage":12,"enemies":"Reptomancer","floor":48,"turns":5},{"damage":3,"enemies":"Donu and Deca","floor":50,"turns":6}],"seed_played":"1673327517956879438","potions_obtained":[{"floor":4.0,"key":"SkillPotion"},{"floor":12.0,"key":"Block Potion"},{"floor":18.0,"key":"BloodPotion"},{"floor":20.0,"key":"SkillPotion"},{"floor":25.0,"key":"ColorlessPotion"},{"floor":28.0,"key":"ColorlessPotion"},{"floor":41,"key":"LiquidBronze"},{"floor":44,"key":"DistilledChaos"}],"is_trial":false,"path_per_floor":["M","?","?","M","T","R","E","?","T","$","?","M","R","E","R","B",null,"M","?","?","?","?","E","?","E","T","?","M","E","$","T","R","B",null,"M","?","$","M","M","E","M","E","T","E","?","?","R","E","R","B",null],"character_chosen":"IRONCLAD","items_purchased":["Inflame","Chemical X","Shockwave","Evolve","Red Skull","MerchantsRug","Dual Wield+1","Shrug It Off+1","Shuriken"],"campfire_rested":2,"item_purchase_floors":[0,0,0,10,10,30,30,37,37],"current_hp_per_floor":[58,38,38,43,43,67,42,42,42,42,30,29,53,37,37,17,64,64,48,45,45,40,40,40,40,40,40,40,35,35,35,35,37,39,40,40,40,40,40,40,40,24,24,30,30,40,40,34,34,37],"gold":577,"neow_bonus":"","is_daily":false,"chose_seed":false,"campfire_upgraded":4,"win_rate":0.0,"timestamp":1611455109,"path_taken":["M","?","?","?","?","R","E","?","T","$","?","M","R","E","R","BOSS","M","?","?","?","?","E","?","E","T","?","M","E","?","?","R","BOSS","M","?","$","M","M","E","M","E","T","E","?","?","R","E","R","BOSS"],"items_purchased_type":["Card","Relic","Card","Card","Relic","Relic","Card","Card","Relic"],"build_version":"2020-12-22","purchased_purges":4,"victory":true,"max_hp_per_floor":[80,80,80,80,80,80,80,80,80,80,80,80,80,80,80,80,80,80,80,80,80,40,40,40,40,40,40,40,40,40,40,40,40,40,40,40,40,40,40,40,40,40,40,40,40,40,40,40,40,40],"card_choices":[{"not_picked":["Anger","Blood for Blood"],"picked":"Reckless Charge","floor":1.0},{"not_picked":["Havoc","Iron Wave"],"picked":"Heavy Blade","floor":4.0},{"not_picked":["Carnage","Dual Wield"],"picked":"Spot Weakness","floor":7.0},{"not_picked":["Infernal Blade","Thunderclap"],"picked":"Wild Strike","floor":12.0},{"not_picked":["Cleave","Blood for Blood"],"picked":"Disarm","floor":14.0},{"not_picked":["Offering","Demon Form"],"picked":"Limit Break","floor":16.0},{"not_picked":["Perfected Strike","Clash","Warcry"],"picked":"SKIP","floor":18.0},{"not_picked":["Infernal Blade","Cleave+1"],"picked":"Demon Form","floor":20.0},{"not_picked":["Flex","Perfected Strike+1"],"picked":"Clothesline","floor":23.0},{"not_picked":["Combust","Reckless Charge"],"picked":"Armaments+1","floor":25.0},{"not_picked":["Cleave","Spot Weakness+1"],"picked":"Feel No Pain","floor":28.0},{"not_picked":["Fire Breathing","Anger"],"picked":"Power Through+1","floor":29.0},{"not_picked":["Fiend Fire","Brutality"],"picked":"Bludgeon","floor":33},{"not_picked":["Headbutt+1","Havoc+1"],"picked":"Heavy Blade","floor":35},{"not_picked":["Entrench+1","Pummel"],"picked":"Battle Trance+1","floor":38},{"not_picked":["Iron Wave","Pommel Strike"],"picked":"Power Through+1","floor":39},{"not_picked":["Twin Strike","Clothesline"],"picked":"Barricade+1","floor":40},{"not_picked":["Iron Wave","Searing Blow"],"picked":"Second Wind+1","floor":41},{"not_picked":["Havoc+1","Offering+1","Anger"],"picked":"SKIP","floor":42},{"not_picked":["Infernal Blade+1","Thunderclap"],"picked":"Fire Breathing+1","floor":44},{"not_picked":["Hemokinesis","Pommel Strike+1"],"picked":"True Grit+1","floor":48}],"player_experience":740414,"relics_obtained":[{"floor":5.0,"key":"Bottled Tornado"},{"floor":7.0,"key":"Smiling Mask"},{"floor":9.0,"key":"Juzu Bracelet"},{"floor":14.0,"key":"PreservedInsect"},{"floor":19.0,"key":"Necronomicon"},{"floor":20.0,"key":"Red Mask"},{"floor":23.0,"key":"Torii"},{"floor":25.0,"key":"Potion Belt"},{"floor":26.0,"key":"Toxic Egg 2"},{"floor":29.0,"key":"Mummified Hand"},{"floor":31.0,"key":"StrikeDummy"},{"floor":40,"key":"Frozen Egg 2"},{"floor":42,"key":"Bronze Scales"},{"floor":43,"key":"Blue Candle"},{"floor":44,"key":"Ice Cream"},{"floor":48,"key":"Dream Catcher"}],"event_choices":[{"damage_healed":0.0,"max_hp_gain":0.0,"max_hp_loss":0.0,"gold_gain":0.0,"event_name":"Golden Idol","player_choice":"Take Damage","floor":2.0,"gold_loss":0.0,"damage_taken":20.0,"relics_obtained":["Golden Idol"]},{"damage_healed":0.0,"max_hp_gain":0.0,"max_hp_loss":0.0,"gold_gain":0.0,"event_name":"Match and Keep!","player_choice":"2 cards matched","floor":3.0,"gold_loss":0.0,"damage_taken":0.0,"cards_obtained":["Thunderclap","Impervious"]},{"damage_healed":0.0,"max_hp_gain":0.0,"max_hp_loss":0.0,"gold_gain":0.0,"event_name":"Accursed Blacksmith","player_choice":"Rummage","floor":8.0,"gold_loss":0.0,"damage_taken":0.0,"relics_obtained":["WarpedTongs"],"cards_obtained":["Pain"]},{"damage_healed":0.0,"max_hp_gain":0.0,"max_hp_loss":0.0,"gold_gain":0.0,"event_name":"Scrap Ooze","player_choice":"Success","floor":11.0,"gold_loss":0.0,"damage_taken":12.0,"relics_obtained":["Kunai"]},{"damage_healed":0.0,"max_hp_gain":0.0,"max_hp_loss":0.0,"gold_gain":0.0,"event_name":"Cursed Tome","player_choice":"Obtained Book","floor":19.0,"gold_loss":0.0,"damage_taken":16.0},{"damage_healed":0.0,"max_hp_gain":0.0,"max_hp_loss":0.0,"gold_gain":0.0,"event_name":"Masked Bandits","player_choice":"Fought Bandits","floor":20.0,"gold_loss":0.0,"damage_taken":0.0},{"damage_healed":0.0,"max_hp_gain":0.0,"max_hp_loss":0.0,"gold_gain":0.0,"event_name":"The Mausoleum","player_choice":"Opened","floor":21.0,"gold_loss":0.0,"damage_taken":0.0,"relics_obtained":["Oddly Smooth Stone"]},{"damage_healed":0.0,"max_hp_gain":0.0,"max_hp_loss":40.0,"gold_gain":0.0,"event_name":"Ghosts","player_choice":"Became a Ghost","floor":22.0,"gold_loss":0.0,"damage_taken":0.0,"cards_obtained":["Ghostly","Ghostly","Ghostly","Ghostly","Ghostly"]},{"damage_healed":0.0,"max_hp_gain":0.0,"max_hp_loss":0.0,"gold_gain":0.0,"event_name":"Addict","player_choice":"Obtained Relic","floor":24.0,"gold_loss":85.0,"damage_taken":0.0,"relics_obtained":["Happy Flower"]},{"damage_healed":0.0,"max_hp_gain":0.0,"max_hp_loss":0.0,"gold_gain":0.0,"event_name":"Back to Basics","player_choice":"Simplicity","floor":27.0,"gold_loss":0.0,"damage_taken":0.0,"cards_upgraded":["Strike_R","Strike_R","Strike_R","Strike_R","Defend_R","Defend_R","Defend_R","Defend_R"]},{"damage_healed":0,"gold_gain":222,"player_choice":"Wore Mask","damage_taken":0,"max_hp_gain":0,"max_hp_loss":0,"event_name":"Tomb of Lord Red Mask","floor":36,"gold_loss":0},{"damage_healed":0,"gold_gain":333,"player_choice":"Gave Idol","damage_taken":0,"max_hp_gain":0,"max_hp_loss":0,"event_name":"The Moai Head","floor":45,"relics_lost":["Golden Idol"],"gold_loss":0},{"damage_healed":10,"gold_gain":0,"player_choice":"Writhe","damage_taken":0,"max_hp_gain":0,"max_hp_loss":0,"event_name":"Winding Halls","floor":46,"gold_loss":0,"cards_obtained":["Writhe"]}],"is_beta":false,"boss_relics":[{"not_picked":["Coffee Dripper","SlaversCollar"],"picked":"Snecko Eye"},{"not_picked":["Astrolabe","Empty Cage"],"picked":"SacredBark"}],"items_purged_floors":[0,10,30,37],"is_endless":false,"potions_floor_spawned":[4,12,14,18,20,25,28,41,44],"ascension_level":13}}