{"host":"l6vifo5ajdb3p20b","time":1611470394,"event":{"mods":["2.2 Compatiblity","BaseMod","Better Altar","Better Sensory Stone","Better Skull","Better Third Choice","BetterRewards","Block Reminder","Booster Modes","Card Forge","Clockwork Mod","Colored Map","Defuse TimeMaze Blight","Energized Spire","Evolution","Minty Spire (QoL Compilation)","Relic Stats","StSLib","The Necromancer"],"gold_per_floor":[118,118,129,146,165,165,165,165,165,165,165],"floor_reached":10,"language":"ENG","playtime":731,"items_purged":[],"score":61,"play_id":"8fd71144-86f8-41e1-996b-b94e39d1b1b4","local_time":"20210124133954","daily_mods":["SealedDeck","Flight","DeadlyEvents","Elite Swarm"],"is_ascension_mode":true,"campfire_choices":[{"data":"Clockwork:HeadStart","floor":6,"key":"SMITH"},{"data":"Clockwork:SearingStrike","floor":7,"key":"SMITH"},{"data":"Clockwork:SearingStrike+1","floor":8,"key":"SMITH"}],"circlet_count":0,"master_deck":["Clockwork:Efficiency","Clockwork:AdaptiveShield","Clockwork:AdaptiveCannon","Clockwork:CogToss","Clockwork:Roundhouse","Clockwork:Roundhouse","Clockwork:SystemHardening","Clockwork:SearingStrike+2","Clockwork:QuantumStrike","Clockwork:HeadStart+1","Clockwork:CogShield","Clockwork:RampUp"],"relics":["Clockwork:MomentumEngine","Hammer of Thor","Seething Fire","Anvil of the Gods","EVO:Axolotl","Clockwork:BloodPhial","Singing Bowl"],"acts_visited":["Exordium"],"potions_floor_usage":[],"damage_taken":[{"damage":5,"enemies":"Cultist","floor":1,"turns":5},{"damage":18,"enemies":"Jaw Worm","floor":3,"turns":6},{"damage":8,"enemies":"2 Louse","floor":4,"turns":5},{"damage":16,"enemies":"Large Slime","floor":5,"turns":8},{"damage":25,"enemies":"3 Sentries","floor":10,"turns":4}],"seed_played":"-2879613978373516838","potions_obtained":[{"floor":1,"key":"Ancient Potion"},{"floor":3,"key":"Swift Potion"}],"is_trial":true,"path_per_floor":["M","?","M","M","M","R","R","R","T","E"],"character_chosen":"CLOCKWORK","items_purchased":[],"campfire_rested":0,"item_purchase_floors":[],"current_hp_per_floor":[81,81,63,59,45,45,45,45,45,22,22],"gold":165,"neow_bonus":"","is_daily":false,"chose_seed":false,"campfire_upgraded":3,"win_rate":0.0,"timestamp":1611470394,"path_taken":["M","?","M","M","M","R","R","R","T","E"],"items_purchased_type":[],"build_version":"2020-12-22","purchased_purges":0,"victory":false,"max_hp_per_floor":[86,86,86,86,86,86,86,86,86,86,86],"relic_stats":{"Singing Bowl":0,"counters":[5,28],"obtain_stats":[{"Clockwork:MomentumEngine":0,"Clockwork:BloodPhial":5,"Singing Bowl":9,"Anvil of the Gods":0,"Hammer of Thor":0,"EVO:Axolotl":0,"Seething Fire":0},{"Clockwork:MomentumEngine":0,"Clockwork:BloodPhial":4,"Singing Bowl":4,"Anvil of the Gods":0,"Hammer of Thor":0,"EVO:Axolotl":0,"Seething Fire":0},{"Clockwork:MomentumEngine":0,"Clockwork:BloodPhial":18,"Singing Bowl":24,"Anvil of the Gods":0,"Hammer of Thor":0,"EVO:Axolotl":0,"Seething Fire":0}]},"card_choices":[{"not_picked":["Clockwork:Minimalism","Clockwork:TimeOut"],"picked":"Clockwork:QuantumStrike","floor":1},{"not_picked":["Clockwork:SystemHardening","Clockwork:Enhance"],"picked":"Clockwork:HeadStart","floor":3},{"not_picked":["Clockwork:TestingEnvironment","Clockwork:Pluck"],"picked":"Clockwork:CogShield","floor":4},{"not_picked":["Clockwork:Enhance","Clockwork:Minimalism"],"picked":"Clockwork:RampUp","floor":5}],"player_experience":1113551,"relics_obtained":[{"floor":9,"key":"Singing Bowl"}],"event_choices":[{"cards_removed":["Clockwork:SystemHardening"],"damage_healed":0,"gold_gain":0,"player_choice":"Purged","damage_taken":0,"max_hp_gain":0,"max_hp_loss":0,"event_name":"Purifier","floor":2,"gold_loss":0}],"is_beta":false,"boss_relics":[],"items_purged_floors":[],"is_endless":true,"potions_floor_spawned":[1,3],"killed_by":"3 Sentries","ascension_level":1}}