{"host":"fv4u04bzswzfg5qa","time":1611503812,"event":{"mods":["BaseMod","Colored Map","Colored Powertips","Highlight Path","Minty Spire (QoL Compilation)","StSLib","Synergy Search"],"gold_per_floor":[115,125,13,27,37,37,91,91,91,102,52,52,63,63,63,158,158,173,121,121,41,41,41,41,41],"floor_reached":24,"language":"ENG","playtime":1905,"items_purged":["Strike_P"],"score":186,"play_id":"b2e8c86a-1e14-46b3-ab7c-6f5917641824","local_time":"20210124105652","is_ascension_mode":false,"campfire_choices":[{"data":"Eruption","floor":6,"key":"SMITH"},{"data":"Study","floor":8,"key":"SMITH"},{"data":"Swivel","floor":15,"key":"SMITH"},{"data":"DevaForm","floor":23,"key":"SMITH"}],"circlet_count":0,"master_deck":["Eruption+1","Vigilance","DeceiveReality+1","Conclude+1","Study+1","Consecrate+1","CutThroughFate","Swivel+1","CrushJoints","Perseverance","DevaForm+1","DeceiveReality","Brilliance","ThirdEye","Vengeance","Nirvana","FollowUp","EmptyFist","CarveReality"],"relics":["PureWater","Whetstone","Pandora\u0027s Box","Enchiridion"],"acts_visited":["Exordium","TheCity"],"potions_floor_usage":[0,5,16,22],"damage_taken":[{"damage":1,"enemies":"Jaw Worm","floor":1,"turns":3},{"damage":0,"enemies":"Small Slimes","floor":2,"turns":5},{"damage":0,"enemies":"2 Louse","floor":4,"turns":2},{"damage":4,"enemies":"Blue Slaver","floor":5,"turns":5},{"damage":8,"enemies":"Exordium Wildlife","floor":10,"turns":4},{"damage":1,"enemies":"2 Fungi Beasts","floor":13,"turns":3},{"damage":34,"enemies":"Slime Boss","floor":16,"turns":13},{"damage":3,"enemies":"Chosen","floor":18,"turns":4},{"damage":0,"enemies":"2 Thieves","floor":22,"turns":1},{"damage":76,"enemies":"Slavers","floor":24,"turns":5}],"seed_played":"60933874556014101","potions_obtained":[{"floor":0,"key":"Fruit Juice"},{"floor":0,"key":"GamblersBrew"},{"floor":0,"key":"LiquidMemories"},{"floor":2,"key":"StancePotion"},{"floor":5,"key":"SmokeBomb"},{"floor":13,"key":"SpeedPotion"},{"floor":18,"key":"Ancient Potion"}],"is_trial":false,"path_per_floor":["M","M","$","M","M","R","?","R","T","M","?","?","M","?","R","B",null,"M","$","?","$","M","R","E"],"character_chosen":"WATCHER","items_purchased":["Study","EmptyFist","CarveReality"],"campfire_rested":0,"item_purchase_floors":[3,19,21],"current_hp_per_floor":[76,76,76,76,72,72,72,72,72,64,64,49,48,48,48,14,77,74,74,58,58,58,58,0,0],"gold":41,"neow_bonus":"THREE_SMALL_POTIONS","is_daily":false,"chose_seed":false,"campfire_upgraded":4,"win_rate":0.0,"timestamp":1611503812,"path_taken":["M","M","$","M","M","R","?","R","T","M","?","?","?","?","R","BOSS","M","$","?","$","M","R","E"],"items_purchased_type":["Card","Card","Card"],"build_version":"2020-12-22","purchased_purges":1,"victory":false,"max_hp_per_floor":[77,77,77,77,77,77,77,77,77,77,77,77,77,77,77,77,77,77,77,77,77,77,77,77,77],"card_choices":[{"not_picked":["WaveOfTheHand","WheelKick"],"picked":"DeceiveReality","floor":1},{"not_picked":["ClearTheMind","TalkToTheHand"],"picked":"Conclude","floor":2},{"not_picked":["CrushJoints","Swivel"],"picked":"Consecrate","floor":4},{"not_picked":["BowlingBash","PathToVictory"],"picked":"CutThroughFate","floor":5},{"not_picked":["CrushJoints","Tantrum"],"picked":"Swivel","floor":10},{"not_picked":["ThirdEye","Study"],"picked":"CrushJoints","floor":13},{"not_picked":["Establishment","DeusExMachina"],"picked":"DevaForm","floor":16},{"not_picked":["Halt","Evaluate"],"picked":"FollowUp","floor":18}],"player_experience":199301,"relics_obtained":[{"floor":9,"key":"Whetstone"},{"floor":20,"key":"Enchiridion"}],"event_choices":[{"damage_healed":0,"gold_gain":54,"player_choice":"Gained Gold","damage_taken":0,"max_hp_gain":0,"max_hp_loss":0,"event_name":"Golden Wing","floor":7,"gold_loss":0},{"cards_removed":["Strike_P"],"damage_healed":0,"gold_gain":0,"player_choice":"Card Removal","damage_taken":0,"max_hp_gain":0,"max_hp_loss":0,"event_name":"The Cleric","floor":11,"gold_loss":50},{"damage_healed":0,"gold_gain":0,"player_choice":"Entered Light","damage_taken":15,"max_hp_gain":0,"max_hp_loss":0,"event_name":"Shining Light","floor":12,"gold_loss":0,"cards_upgraded":["DeceiveReality","Defend_P"]},{"damage_healed":0,"gold_gain":0,"cards_transformed":["Strike_P"],"player_choice":"Change","damage_taken":0,"max_hp_gain":0,"max_hp_loss":0,"event_name":"Living Wall","floor":14,"gold_loss":0,"cards_obtained":["Perseverance"]},{"damage_healed":0,"gold_gain":0,"player_choice":"Obtained Book","damage_taken":16,"max_hp_gain":0,"max_hp_loss":0,"event_name":"Cursed Tome","floor":20,"gold_loss":0}],"is_beta":false,"boss_relics":[{"not_picked":["SlaversCollar","Empty Cage"],"picked":"Pandora\u0027s Box"}],"items_purged_floors":[3],"is_endless":false,"potions_floor_spawned":[2,5,13,18,22],"killed_by":"Slavers","ascension_level":0}}