{"host":"lnt5dzsuhru0aonl","time":1611483249,"event":{"mods":["2.2 Compatiblity","BaseMod","Colored Map","Colored Powertips","DeckTracker","Keyboard Shortcuts","Minty Spire (QoL Compilation)","Permanent Neow","Rare Cards Sparkle","StSLib","SuperFastMode","everything is the same but u backflip on backflip"],"gold_per_floor":[119,44,62,62,62,62,62,81,81,81,122,143,157,177,177,177,177],"floor_reached":16,"language":"KOR","playtime":287,"items_purged":[],"score":204,"play_id":"c61d9535-a5a1-46bd-836f-b692b9cc7abb","local_time":"20210124191409","is_ascension_mode":true,"campfire_choices":[{"data":"Electrodynamics","floor":6,"key":"SMITH"},{"data":"Glacier","floor":10,"key":"SMITH"},{"data":"Buffer","floor":15,"key":"SMITH"}],"circlet_count":0,"master_deck":["AscendersBane","Strike_B","Strike_B","Strike_B","Defend_B","Defend_B","Defend_B","Defend_B","Zap","Dualcast","Electrodynamics+1","Glacier+1","Compile Driver","BootSequence","Skim","Ball Lightning","Buffer+1"],"relics":["Cracked Core","Golden Idol","Mango","PreservedInsect","Mummified Hand","HornCleat"],"acts_visited":["Exordium"],"potions_floor_usage":[],"damage_taken":[{"damage":7,"enemies":"2 Louse","floor":1,"turns":2},{"damage":0,"enemies":"Jaw Worm","floor":3,"turns":5},{"damage":3,"enemies":"Small Slimes","floor":8,"turns":5},{"damage":7,"enemies":"Lagavulin","floor":11,"turns":6},{"damage":0,"enemies":"Blue Slaver","floor":12,"turns":3},{"damage":0,"enemies":"Large Slime","floor":13,"turns":4},{"damage":0,"enemies":"Looter","floor":14,"turns":3},{"damage":30,"enemies":"Hexaghost","floor":16,"turns":9}],"seed_played":"705300707534041509","potions_obtained":[{"floor":1,"key":"BlessingOfTheForge"},{"floor":8,"key":"PotionOfCapacity"},{"floor":14,"key":"LiquidBronze"}],"is_trial":false,"path_per_floor":["M","?","M","?","T","R","?","M","T","R","E","M","M","M","R","B"],"character_chosen":"DEFECT","items_purchased":[],"campfire_rested":0,"item_purchase_floors":[],"current_hp_per_floor":[39,39,39,39,53,53,35,32,32,32,25,25,25,25,25,0,0],"gold":177,"neow_bonus":"THREE_RARE_CARDS","is_daily":false,"chose_seed":false,"campfire_upgraded":3,"win_rate":0.0,"timestamp":1611483249,"path_taken":["M","?","M","?","?","R","?","M","T","R","E","M","M","M","R","BOSS"],"items_purchased_type":[],"build_version":"2020-12-22","purchased_purges":0,"victory":false,"max_hp_per_floor":[71,71,71,64,78,78,78,78,78,78,78,78,78,78,78,78,78],"card_choices":[{"not_picked":["Rainbow","Reboot"],"picked":"Electrodynamics","floor":0},{"not_picked":["Leap","Rebound"],"picked":"Glacier","floor":1},{"not_picked":["Gash","Melter","Force Field"],"picked":"SKIP","floor":3},{"not_picked":["Barrage","Consume"],"picked":"Compile Driver","floor":8},{"not_picked":["Steam Power","Gash"],"picked":"BootSequence","floor":11},{"not_picked":["Redo","Streamline"],"picked":"Skim","floor":12},{"not_picked":["Sunder","Redo"],"picked":"Ball Lightning","floor":13},{"not_picked":["Sweeping Beam","Stack"],"picked":"Buffer","floor":14}],"player_experience":749232,"relics_obtained":[{"floor":5,"key":"Mango"},{"floor":9,"key":"Mummified Hand"},{"floor":11,"key":"HornCleat"}],"event_choices":[{"cards_removed":["Strike_B"],"damage_healed":0,"gold_gain":0,"player_choice":"Card Removal","damage_taken":0,"max_hp_gain":0,"max_hp_loss":0,"event_name":"The Cleric","floor":2,"gold_loss":75},{"damage_healed":0,"gold_gain":0,"player_choice":"Lose Max HP","damage_taken":0,"relics_obtained":["Golden Idol"],"max_hp_gain":0,"max_hp_loss":7,"event_name":"Golden Idol","floor":4,"gold_loss":0},{"damage_healed":0,"gold_gain":0,"player_choice":"Success","damage_taken":18,"relics_obtained":["PreservedInsect"],"max_hp_gain":0,"max_hp_loss":0,"event_name":"Scrap Ooze","floor":7,"gold_loss":0}],"is_beta":false,"boss_relics":[],"items_purged_floors":[],"is_endless":false,"potions_floor_spawned":[1,8,12,14],"killed_by":"Hexaghost","ascension_level":20}}