{"host":"yuoancq4cku3x8wq","time":1611513358,"event":{"mods":["AchievementEnabler","BaseMod","Minty Spire (QoL Compilation)","Quick Restart","StSLib","SuperFastMode"],"gold_per_floor":[363,288,50,67,67,79,92,124,124,143,143,178,198,198,198,274,274,284,304,304,315,327,353,353,369,369,404,424,437,88,113,113,186,186,205,205,221,221,24,56,56,91,115,147,172,220,248,262,262,262,262,262,262,2,36,36],"floor_reached":57,"language":"ZHS","playtime":2023,"items_purged":["Strike_R","Strike_R","Strike_R"],"score":3609,"play_id":"a089f8e1-2654-40b4-be27-ef13cf450976","local_time":"20210125023558","is_ascension_mode":true,"campfire_choices":[{"data":"Heavy Blade","floor":11.0,"key":"SMITH"},{"data":"Pommel Strike","floor":15.0,"key":"SMITH"},{"data":"Feel No Pain","floor":24.0,"key":"SMITH"},{"data":"Dark Embrace","floor":32.0,"key":"SMITH"},{"floor":41.0,"key":"RECALL"},{"data":"Corruption","floor":49,"key":"SMITH"},{"data":"Evolve","floor":53,"key":"SMITH"}],"circlet_count":0,"master_deck":["AscendersBane","Strike_R","Defend_R","Defend_R","Defend_R","Defend_R","Bash+1","Feel No Pain+1","Pommel Strike+1","Corruption+1","Heavy Blade+1","Shockwave","Impervious","Sword Boomerang","Impervious","Dark Embrace+1","Evolve+1","Shrug It Off","Feel No Pain","Burning Pact+1","Feel No Pain","Impervious+1","Master of Strategy+1","Apotheosis+1","Shrug It Off+1","Shrug It Off+1","Bloodletting+1","Seeing Red+1","Body Slam"],"relics":["Burning Blood","Brimstone","Smiling Mask","Lantern","SlaversCollar","Calipers","Toxic Egg 2","Boot","Bag of Preparation","Toy Ornithopter","Runic Dome","Orichalcum","Regal Pillow","The Courier","Gambling Chip","Prayer Wheel","Ice Cream","HornCleat","Shuriken"],"acts_visited":["Exordium","TheCity","TheBeyond","TheEnding"],"potions_floor_usage":[44,56,56],"damage_taken":[{"damage":5.0,"enemies":"2 Louse","floor":1.0,"turns":4.0},{"damage":8.0,"enemies":"Jaw Worm","floor":4.0,"turns":2.0},{"damage":0.0,"enemies":"Cultist","floor":6.0,"turns":2.0},{"damage":28.0,"enemies":"Exordium Thugs","floor":7.0,"turns":4.0},{"damage":24.0,"enemies":"3 Sentries","floor":8.0,"turns":7.0},{"damage":7.0,"enemies":"Large Slime","floor":10.0,"turns":5.0},{"damage":8.0,"enemies":"Lagavulin","floor":12.0,"turns":5.0},{"damage":9.0,"enemies":"Gremlin Gang","floor":13.0,"turns":4.0},{"damage":0.0,"enemies":"Slime Boss","floor":16.0,"turns":5.0},{"damage":3.0,"enemies":"Shell Parasite","floor":18.0,"turns":4.0},{"damage":2.0,"enemies":"Chosen","floor":19.0,"turns":3.0},{"damage":4.0,"enemies":"Shelled Parasite and Fungi","floor":21.0,"turns":4.0},{"damage":7.0,"enemies":"Chosen and Byrds","floor":22.0,"turns":5.0},{"damage":9.0,"enemies":"Gremlin Leader","floor":23.0,"turns":3.0},{"damage":2.0,"enemies":"Snake Plant","floor":25.0,"turns":4.0},{"damage":18.0,"enemies":"Slavers","floor":27.0,"turns":5.0},{"damage":4.0,"enemies":"Snecko","floor":28.0,"turns":4.0},{"damage":7.0,"enemies":"Centurion and Healer","floor":29.0,"turns":5.0},{"damage":0.0,"enemies":"Gremlin Leader","floor":31.0,"turns":5.0},{"damage":45.0,"enemies":"Automaton","floor":33.0,"turns":7.0},{"damage":0.0,"enemies":"Orb Walker","floor":35.0,"turns":3.0},{"damage":0.0,"enemies":"3 Darklings","floor":37.0,"turns":5.0},{"damage":0.0,"enemies":"Nemesis","floor":40.0,"turns":3.0},{"damage":0.0,"enemies":"Giant Head","floor":42.0,"turns":4.0},{"damage":8,"enemies":"Reptomancer","floor":44,"turns":5},{"damage":0,"enemies":"Mind Bloom Boss Battle","floor":45,"turns":4},{"damage":0,"enemies":"2 Orb Walkers","floor":46,"turns":5},{"damage":0,"enemies":"Giant Head","floor":47,"turns":4},{"damage":3,"enemies":"Writhing Mass","floor":48,"turns":4},{"damage":0,"enemies":"Time Eater","floor":50,"turns":5},{"damage":3,"enemies":"Donu and Deca","floor":51,"turns":6},{"damage":3,"enemies":"Shield and Spear","floor":55,"turns":5},{"damage":13,"enemies":"The Heart","floor":56,"turns":5}],"seed_played":"3873188762586919865","potions_obtained":[{"floor":4.0,"key":"SkillPotion"},{"floor":7.0,"key":"Weak Potion"},{"floor":12.0,"key":"Energy Potion"},{"floor":13.0,"key":"SneckoOil"},{"floor":22.0,"key":"LiquidBronze"},{"floor":25.0,"key":"Block Potion"},{"floor":45,"key":"ElixirPotion"}],"is_trial":false,"path_per_floor":["M","?","$","M","?","M","M","E","T","M","R","E","M","?","R","B",null,"M","M","?","M","M","E","R","M","T","E","M","M","$","E","R","B",null,"M","?","M","?","$","E","R","E","T","E","?","?","E","M","R","B","B",null,"R","$","E","B",null],"character_chosen":"IRONCLAD","items_purchased":["Brimstone","Bag of Preparation","Burning Pact+1","Feel No Pain","Apotheosis+1","HornCleat"],"campfire_rested":0,"item_purchase_floors":[3,30,30,30,39,54],"current_hp_per_floor":[68,68,68,66,66,68,46,28,28,27,27,25,22,22,22,28,58,61,65,65,67,66,63,63,67,67,55,57,56,56,62,62,23,57,63,53,59,59,59,65,65,68,68,66,68,68,68,68,68,68,68,68,68,68,68,68],"gold":36,"neow_bonus":"TWO_FIFTY_GOLD","is_daily":false,"chose_seed":false,"campfire_upgraded":6,"win_rate":0.0,"timestamp":1611513358,"path_taken":["M","?","$","M","?","?","M","E","T","M","R","E","?","?","R","BOSS","M","?","?","?","M","E","R","M","T","E","M","M","$","E","R","BOSS","M","?","M","?","$","E","R","E","T","E","?","?","E","M","R","BOSS","BOSS","R","$","E","BOSS"],"items_purchased_type":["Relic","Relic","Card","Card","Card","Relic"],"build_version":"2020-12-22","purchased_purges":3,"victory":true,"max_hp_per_floor":[68,68,68,68,68,68,68,68,68,68,68,68,68,68,68,68,68,68,68,68,68,68,68,68,68,68,68,68,68,68,68,68,68,68,68,68,68,68,68,68,68,68,68,68,68,68,68,68,68,68,68,68,68,68,68,68],"card_choices":[{"not_picked":["Flex","Wild Strike","Headbutt"],"picked":"SKIP","floor":1.0},{"not_picked":["Flex","Reckless Charge","Rampage"],"picked":"SKIP","floor":4.0},{"not_picked":["Seeing Red","Warcry"],"picked":"Feel No Pain","floor":6.0},{"not_picked":["Entrench","Spot Weakness"],"picked":"Pommel Strike","floor":7.0},{"not_picked":["Shrug It Off","Feel No Pain"],"picked":"Corruption","floor":8.0},{"not_picked":["Perfected Strike","Sever Soul"],"picked":"Heavy Blade","floor":10.0},{"not_picked":["Body Slam","Uppercut","Disarm"],"picked":"SKIP","floor":12.0},{"not_picked":["Cleave","Pommel Strike"],"picked":"Shockwave","floor":13.0},{"not_picked":["Corruption","Brutality"],"picked":"Impervious","floor":16.0},{"not_picked":["Thunderclap","Cleave"],"picked":"Sword Boomerang","floor":18.0},{"not_picked":["Blood for Blood","Warcry","Twin Strike"],"picked":"SKIP","floor":19.0},{"not_picked":["Rupture","Power Through"],"picked":"Dark Embrace","floor":21.0},{"not_picked":["Ghostly Armor","Fire Breathing","Carnage"],"picked":"SKIP","floor":22.0},{"not_picked":["Feed","Ghostly Armor"],"picked":"Evolve","floor":23.0},{"not_picked":["Twin Strike","Sword Boomerang"],"picked":"Shrug It Off","floor":25.0},{"not_picked":["Flex+1","Heavy Blade"],"picked":"Feel No Pain","floor":27.0},{"not_picked":["Headbutt","Dark Embrace","Infernal Blade+1"],"picked":"SKIP","floor":28.0},{"not_picked":["Headbutt","Uppercut+1","Flex+1"],"picked":"SKIP","floor":29.0},{"not_picked":["Rampage","True Grit+1","Thunderclap"],"picked":"SKIP","floor":31.0},{"not_picked":["Bludgeon","Immolate"],"picked":"Impervious+1","floor":33.0},{"not_picked":["Carnage","Sword Boomerang+1","Twin Strike+1"],"picked":"SKIP","floor":35.0},{"not_picked":["Trip+1","Chrysalis+1"],"picked":"Master of Strategy+1","floor":36.0},{"not_picked":["Burning Pact+1","Disarm+1","Flex+1"],"picked":"SKIP","floor":37.0},{"not_picked":["Metallicize","Flame Barrier+1","True Grit+1"],"picked":"SKIP","floor":40.0},{"not_picked":["Sword Boomerang","Dropkick"],"picked":"Shrug It Off+1","floor":42.0},{"not_picked":["Flame Barrier+1","Perfected Strike+1"],"picked":"Shrug It Off+1","floor":44},{"not_picked":["Headbutt","Shrug It Off+1"],"picked":"Bloodletting+1","floor":47},{"not_picked":["Clash","Clothesline"],"picked":"Seeing Red+1","floor":48},{"not_picked":["Hemokinesis+1","Thunderclap","Clothesline"],"picked":"SKIP","floor":48},{"not_picked":["Metallicize+1","Havoc+1"],"picked":"Body Slam","floor":55}],"player_experience":300372,"relics_obtained":[{"floor":8.0,"key":"Smiling Mask"},{"floor":9.0,"key":"Lantern"},{"floor":23.0,"key":"Calipers"},{"floor":26.0,"key":"Toxic Egg 2"},{"floor":27.0,"key":"Boot"},{"floor":31.0,"key":"Toy Ornithopter"},{"floor":40.0,"key":"Orichalcum"},{"floor":42.0,"key":"Regal Pillow"},{"floor":44,"key":"The Courier"},{"floor":45,"key":"Gambling Chip"},{"floor":46,"key":"Prayer Wheel"},{"floor":47,"key":"Ice Cream"},{"floor":55,"key":"Shuriken"}],"event_choices":[{"cards_removed":["Strike_R"],"damage_healed":0.0,"max_hp_gain":0.0,"max_hp_loss":0.0,"gold_gain":0.0,"event_name":"The Cleric","player_choice":"Card Removal","floor":2.0,"gold_loss":75.0,"damage_taken":0.0},{"damage_healed":0.0,"max_hp_gain":0.0,"max_hp_loss":0.0,"gold_gain":0.0,"event_name":"Upgrade Shrine","player_choice":"Upgraded","floor":5.0,"gold_loss":0.0,"damage_taken":0.0,"cards_upgraded":["Bash"]},{"damage_healed":0.0,"max_hp_gain":0.0,"max_hp_loss":0.0,"gold_gain":0.0,"event_name":"Lab","player_choice":"Got Potions","floor":14.0,"gold_loss":0.0,"damage_taken":0.0},{"damage_healed":0.0,"max_hp_gain":0.0,"max_hp_loss":0.0,"gold_gain":0.0,"event_name":"Duplicator","player_choice":"Copied","floor":20.0,"gold_loss":0.0,"damage_taken":0.0,"cards_obtained":["Impervious"]},{"damage_healed":0.0,"max_hp_gain":0.0,"max_hp_loss":0.0,"gold_gain":0.0,"event_name":"SensoryStone","player_choice":"Memory 3","floor":36.0,"gold_loss":0.0,"damage_taken":10.0},{"damage_healed":0.0,"max_hp_gain":0.0,"max_hp_loss":0.0,"gold_gain":0.0,"event_name":"Tomb of Lord Red Mask","player_choice":"Ignored","floor":38.0,"gold_loss":0.0,"damage_taken":0.0},{"damage_healed":0,"gold_gain":0,"player_choice":"Fight","damage_taken":0,"max_hp_gain":0,"max_hp_loss":0,"event_name":"MindBloom","floor":45,"gold_loss":0},{"damage_healed":0,"gold_gain":0,"player_choice":"Fight","damage_taken":0,"max_hp_gain":0,"max_hp_loss":0,"event_name":"Mysterious Sphere","floor":46,"gold_loss":0}],"is_beta":false,"boss_relics":[{"not_picked":["Runic Cube","Sozu"],"picked":"SlaversCollar"},{"not_picked":["Velvet Choker","Black Star"],"picked":"Runic Dome"}],"items_purged_floors":[3,30,54],"is_endless":false,"potions_floor_spawned":[4,7,12,13,19,22,25,28,31,35,37,45,48],"ascension_level":20}}