{"host":"qekv59dthhdg54sz","time":1611507780,"event":{"mods":["AchievementEnabler","BaseMod","Colored Map","DeckTracker","KOR Keyword Fix","Minty Spire (QoL Compilation)","Rare Cards Sparkle","StSLib","SuperFastMode"],"gold_per_floor":[114,114,64,25,37,64,83,100,125,141,153,153,132,132,132,203,203,220,220,96,107,57,57,76,76,76,94,108,108,108],"floor_reached":29,"language":"KOR","playtime":654,"items_purged":["Strike_G","Strike_G","Strike_G"],"score":528,"play_id":"35a24363-c61a-4574-8d16-179afbf9f65e","local_time":"20210125020300","is_ascension_mode":true,"campfire_choices":[{"floor":12.0,"key":"REST"},{"floor":15.0,"key":"REST"},{"floor":23,"key":"REST"},{"data":"Burst","floor":25,"key":"SMITH"}],"circlet_count":0,"master_deck":["AscendersBane","Strike_G","Defend_G","Defend_G","Defend_G","Defend_G","Survivor","Neutralize","Bouncing Flask","Acrobatics","After Image","Prepared","Venomology","Burst+1","Well Laid Plans","Catalyst","Catalyst"],"relics":["Ring of the Snake","NeowsBlessing","Smiling Mask","Snake Skull","Pen Nib","Empty Cage","Shovel"],"acts_visited":["Exordium","TheCity"],"potions_floor_usage":[21,21,21,27,28,28,28,29],"damage_taken":[{"damage":0.0,"enemies":"Cultist","floor":1.0,"turns":1.0},{"damage":0.0,"enemies":"2 Louse","floor":5.0,"turns":1.0},{"damage":0.0,"enemies":"Lagavulin","floor":6.0,"turns":1.0},{"damage":0.0,"enemies":"Small Slimes","floor":7.0,"turns":3.0},{"damage":0.0,"enemies":"Blue Slaver","floor":8.0,"turns":8.0},{"damage":3.0,"enemies":"Exordium Wildlife","floor":10.0,"turns":3.0},{"damage":4.0,"enemies":"Looter","floor":11.0,"turns":4.0},{"damage":13.0,"enemies":"Exordium Thugs","floor":13.0,"turns":4.0},{"damage":3.0,"enemies":"3 Sentries","floor":14.0,"turns":2.0},{"damage":17.0,"enemies":"Hexaghost","floor":16.0,"turns":11.0},{"damage":0.0,"enemies":"Spheric Guardian","floor":18.0,"turns":2.0},{"damage":35,"enemies":"3 Byrds","floor":21,"turns":6},{"damage":11,"enemies":"Sentry and Sphere","floor":24,"turns":6},{"damage":12,"enemies":"Snake Plant","floor":27,"turns":4},{"damage":0,"enemies":"Snecko","floor":28,"turns":2},{"damage":4,"enemies":"Centurion and Healer","floor":29,"turns":2}],"seed_played":"4250321172163808469","potions_obtained":[{"floor":1.0,"key":"SkillPotion"},{"floor":5.0,"key":"AttackPotion"},{"floor":11.0,"key":"DuplicationPotion"},{"floor":13.0,"key":"Strength Potion"},{"floor":16.0,"key":"PowerPotion"},{"floor":21,"key":"EssenceOfSteel"}],"is_trial":false,"path_per_floor":["M","?","$","?","M","E","M","M","T","M","M","R","M","E","R","B",null,"M","?","$","M","$","R","M","R","T","M","M","M"],"character_chosen":"THE_SILENT","items_purchased":["Catalyst"],"campfire_rested":3,"item_purchase_floors":[20],"current_hp_per_floor":[59,14,14,14,14,14,14,14,14,11,7,26,13,10,29,12,53,53,47,47,12,12,31,20,20,20,8,8,4,4],"gold":108,"neow_bonus":"THREE_ENEMY_KILL","is_daily":false,"chose_seed":false,"campfire_upgraded":1,"win_rate":0.0,"timestamp":1611507780,"path_taken":["M","?","$","?","M","E","M","M","T","M","M","R","M","E","R","BOSS","M","?","$","M","$","R","M","R","T","?","M","M"],"items_purchased_type":["Card"],"build_version":"2020-12-22","purchased_purges":3,"victory":false,"max_hp_per_floor":[66,66,66,66,66,66,66,66,66,66,66,66,66,66,66,66,66,66,66,66,66,66,66,66,66,66,66,66,66,66],"card_choices":[{"not_picked":["Endless Agony","Sucker Punch"],"picked":"Bouncing Flask","floor":1.0},{"not_picked":["Caltrops","Deadly Poison"],"picked":"Acrobatics","floor":5.0},{"not_picked":["All Out Attack","Deflect","Expertise"],"picked":"SKIP","floor":6.0},{"not_picked":["Dagger Throw","Dagger Spray"],"picked":"After Image","floor":7.0},{"not_picked":["Calculated Gamble","Poisoned Stab"],"picked":"Prepared","floor":8.0},{"not_picked":["Flying Knee","Well Laid Plans","Deflect"],"picked":"SKIP","floor":10.0},{"not_picked":["Eviscerate","Prepared","Blur"],"picked":"SKIP","floor":11.0},{"not_picked":["Bane","Sucker Punch"],"picked":"Venomology","floor":13.0},{"not_picked":["Bullet Time","Venomology"],"picked":"Burst","floor":16.0},{"not_picked":["Sucker Punch","Slice"],"picked":"Well Laid Plans","floor":18.0},{"not_picked":["Sucker Punch","Poisoned Stab"],"picked":"Catalyst","floor":21},{"not_picked":["Cloak And Dagger","Prepared","Flying Knee"],"picked":"SKIP","floor":24},{"not_picked":["Riddle With Holes","Deflect","Deadly Poison"],"picked":"SKIP","floor":27},{"not_picked":["Accuracy","Outmaneuver+1","Deadly Poison"],"picked":"SKIP","floor":28}],"player_experience":821308,"relics_obtained":[{"floor":6.0,"key":"Snake Skull"},{"floor":9.0,"key":"Pen Nib"},{"floor":26,"key":"Shovel"}],"event_choices":[{"damage_healed":0.0,"max_hp_gain":0.0,"max_hp_loss":0.0,"gold_gain":0.0,"event_name":"Scrap Ooze","player_choice":"Success","floor":2.0,"gold_loss":0.0,"damage_taken":45.0,"relics_obtained":["Smiling Mask"]},{"damage_healed":0.0,"max_hp_gain":0.0,"max_hp_loss":0.0,"gold_gain":0.0,"event_name":"World of Goop","player_choice":"Left Gold","floor":4.0,"gold_loss":39.0,"damage_taken":0.0},{"damage_healed":0.0,"max_hp_gain":0.0,"max_hp_loss":0.0,"gold_gain":0.0,"event_name":"Knowing Skull","player_choice":"","floor":19.0,"potions_obtained":[],"gold_loss":0.0,"damage_taken":6.0,"cards_obtained":[]}],"is_beta":false,"boss_relics":[{"not_picked":["Calling Bell","Snecko Eye"],"picked":"Empty Cage"}],"items_purged_floors":[3,20,22],"is_endless":false,"potions_floor_spawned":[1,5,11,13,16,21,28],"killed_by":"Centurion and Healer","ascension_level":20}}