{"host":"fdq5pmhluajjrf8d","time":1611508441,"event":{"mods":["BaseMod","Minty Spire (QoL Compilation)"],"gold_per_floor":[118,135,149,149,174,174,207,225,225,225,266,303,315,327,339,441,453,486,548,287,301,321,321,321,321],"floor_reached":24,"language":"ENG","playtime":1151,"items_purged":["Injury"],"score":416,"play_id":"05c4918b-8072-4033-b8fd-3accc24c068d","local_time":"20210124121401","is_ascension_mode":true,"campfire_choices":[{"data":"Defragment","floor":6,"key":"SMITH"},{"floor":10,"key":"REST"},{"floor":13,"key":"REST"},{"floor":15,"key":"REST"},{"floor":23,"key":"REST"}],"circlet_count":0,"master_deck":["AscendersBane","Strike_B","Strike_B","Strike_B+1","Strike_B","Defend_B","Defend_B","Defend_B","Defend_B","Zap","Dualcast","Core Surge","Streamline","Rebound","Defragment+1","Leap","Core Surge","Ball Lightning+1","Biased Cognition","White Noise","Redo"],"relics":["Cracked Core","Golden Idol","DataDisk","Orichalcum","MawBank","Fusion Hammer","Lee\u0027s Waffle"],"acts_visited":["Exordium","TheCity"],"potions_floor_usage":[5,16],"damage_taken":[{"damage":1,"enemies":"Cultist","floor":1,"turns":3},{"damage":2,"enemies":"2 Louse","floor":2,"turns":3},{"damage":0,"enemies":"Small Slimes","floor":3,"turns":2},{"damage":2,"enemies":"Exordium Thugs","floor":5,"turns":3},{"damage":37,"enemies":"3 Sentries","floor":7,"turns":10},{"damage":8,"enemies":"Blue Slaver","floor":8,"turns":3},{"damage":12,"enemies":"Gremlin Nob","floor":11,"turns":4},{"damage":0,"enemies":"Large Slime","floor":12,"turns":4},{"damage":40,"enemies":"The Guardian","floor":16,"turns":9},{"damage":28,"enemies":"2 Thieves","floor":18,"turns":3},{"damage":2,"enemies":"Spheric Guardian","floor":21,"turns":3},{"damage":37,"enemies":"Chosen and Byrds","floor":22,"turns":5},{"damage":73,"enemies":"Gremlin Leader","floor":24,"turns":5}],"seed_played":"2786893338404546811","potions_obtained":[{"floor":1,"key":"LiquidMemories"},{"floor":5,"key":"Strength Potion"},{"floor":7,"key":"PotionOfCapacity"}],"is_trial":false,"path_per_floor":["M","M","M","?","M","R","E","M","T","R","E","M","R","?","R","B",null,"M","?","$","M","M","R","E"],"character_chosen":"DEFECT","items_purchased":["Lee\u0027s Waffle","Redo"],"campfire_rested":4,"item_purchase_floors":[20,20],"current_hp_per_floor":[63,61,61,61,59,59,22,14,14,35,23,23,44,23,44,4,54,26,26,78,76,39,62,0,0],"gold":321,"neow_bonus":"ONE_RANDOM_RARE_CARD","is_daily":false,"chose_seed":false,"campfire_upgraded":1,"win_rate":0.0,"timestamp":1611508441,"path_taken":["M","M","M","?","M","R","E","M","T","R","E","M","R","?","R","BOSS","M","?","$","M","M","R","E"],"items_purchased_type":["Relic","Card"],"build_version":"2020-12-22","purchased_purges":1,"victory":false,"max_hp_per_floor":[71,71,71,71,71,71,71,71,71,71,71,71,71,71,71,71,71,71,71,78,78,78,78,78,78],"card_choices":[{"not_picked":["Steam Power","Hologram"],"picked":"Streamline","floor":1},{"not_picked":["Melter","Stack"],"picked":"Rebound","floor":2},{"not_picked":["Sweeping Beam","Hello World"],"picked":"Defragment","floor":3},{"not_picked":["Hello World","Rebound"],"picked":"Leap","floor":5},{"not_picked":["Sweeping Beam","Redo"],"picked":"Core Surge","floor":7},{"not_picked":["Turbo","Stack"],"picked":"Ball Lightning","floor":8},{"not_picked":["Streamline","Static Discharge","Heatsinks"],"picked":"SKIP","floor":11},{"not_picked":["Scrape","Sunder","Sweeping Beam"],"picked":"SKIP","floor":12},{"not_picked":["Amplify","Creative AI"],"picked":"Biased Cognition","floor":16},{"not_picked":["Turbo+1","Fusion"],"picked":"White Noise","floor":18},{"not_picked":["Genetic Algorithm","Stack","Beam Cell"],"picked":"SKIP","floor":21},{"not_picked":["Hologram","Stack","Tempest"],"picked":"SKIP","floor":22}],"player_experience":1929305,"relics_obtained":[{"floor":7,"key":"DataDisk"},{"floor":9,"key":"Orichalcum"},{"floor":11,"key":"MawBank"}],"event_choices":[{"damage_healed":0,"gold_gain":0,"player_choice":"Take Wound","damage_taken":0,"relics_obtained":["Golden Idol"],"max_hp_gain":0,"max_hp_loss":0,"event_name":"Golden Idol","floor":4,"gold_loss":0,"cards_obtained":["Injury"]},{"damage_healed":0,"gold_gain":0,"player_choice":"Entered Light","damage_taken":21,"max_hp_gain":0,"max_hp_loss":0,"event_name":"Shining Light","floor":14,"gold_loss":0,"cards_upgraded":["Ball Lightning","Strike_B"]},{"damage_healed":0,"gold_gain":50,"player_choice":"Pray","damage_taken":0,"max_hp_gain":0,"max_hp_loss":0,"event_name":"Golden Shrine","floor":19,"gold_loss":0}],"is_beta":false,"boss_relics":[{"not_picked":["Busted Crown","Cursed Key"],"picked":"Fusion Hammer"}],"items_purged_floors":[20],"is_endless":false,"potions_floor_spawned":[1,5,7,12],"killed_by":"Gremlin Leader","ascension_level":20}}