{"host":"vahfsrte3c21740v","time":1611528606,"event":{"mods":["AchievementEnabler","BaseMod","Colored Map","Colored Powertips","Downfall","Highlight Path","Mimic Mod","Minty Spire (QoL Compilation)","Quick Restart","Rare Cards Sparkle","StSLib","everything is the same but u backflip on backflip"],"gold_per_floor":[99,118,137,2,16,34,59,59,72,72,9,9,38,23,40,142,142,42,56,68,80,80,110,110,121,139,158,58,87,87,37,56,160,160,160,174,185,185,265,281,304,304,314,214,214,214,0,14,24,24,24,51,51,51,51,51],"floor_reached":57,"language":"ENG","playtime":4755,"items_purged":["Guardian:Defend_Guardian"],"score":1223,"play_id":"03faaa4d-3886-428b-9774-bcaa318f3b84","local_time":"20210124225006","is_ascension_mode":false,"campfire_choices":[{"floor":1.0,"key":"RECALL"},{"data":"Guardian:ChargeCore","floor":8.0,"key":"SMITH"},{"data":"Guardian:PolyBeam","floor":12.0,"key":"SMITH"},{"data":"Guardian:BaubleBeam","floor":18.0,"key":"SMITH"},{"data":"Guardian:FloatingOrbs","floor":28.0,"key":"SMITH"},{"data":"Guardian:BronzeArmor","floor":30.0,"key":"SMITH"},{"data":"Guardian:EvasiveProtocol","floor":35.0,"key":"SMITH"},{"data":"Guardian:EvasiveProtocol","floor":44.0,"key":"SMITH"},{"data":"Guardian:ChargeCore","floor":46.0,"key":"SMITH"},{"data":"expansioncontent:QuickStudy","floor":54,"key":"SMITH"}],"circlet_count":0,"master_deck":["Guardian:Strike_Guardian","Guardian:Strike_Guardian","Guardian:Strike_Guardian","Guardian:Defend_Guardian","Guardian:Defend_Guardian","Guardian:Defend_Guardian","Guardian:CurlUp+1","Guardian:TwinSlam","Guardian:ChargeCore+1","Guardian:ExploitGems","Guardian:PrimingBeam","Guardian:PolyBeam+1","Guardian:ChargeCore+1","Guardian:RollAttack","Guardian:BronzeArmor+1","Guardian:PiercingHide","Guardian:FloatingOrbs+1","Guardian:BaubleBeam+1","Guardian:EvasiveProtocol+1","Guardian:TemporalStrike","Guardian:PiercingHide","Guardian:ShieldCharger+1","Guardian:BodySlam+1","Guardian:FloatingOrbs+1","Guardian:EvasiveProtocol+1","expansioncontent:Chronoboost","Guardian:BronzeOrb+1","expansioncontent:QuickStudy+1","Guardian:BronzeOrb+1"],"relics":["Guardian:ModeShifter","Boot","Thread and Needle","Nunchaku","SlaversCollar","downfall:HeartBlessingRed","Molten Egg 2","Eternal Feather","Meat on the Bone","downfall:HeartBlessingGreen","Ornamental Fan","Philosopher\u0027s Stone","Kunai","downfall:HeartBlessingBlue","Vajra","ClockworkSouvenir","Letter Opener"],"acts_visited":["Exordium","TheCity","TheBeyond","TheEnding"],"potions_floor_usage":[50,50,56,56],"damage_taken":[{"damage":1.0,"enemies":"Cultist","floor":2.0,"turns":4.0},{"damage":6.0,"enemies":"Jaw Worm","floor":3.0,"turns":4.0},{"damage":10.0,"enemies":"downfall:FleeingMerchant","floor":4.0,"turns":4.0},{"damage":1.0,"enemies":"2 Louse","floor":5.0,"turns":3.0},{"damage":8.0,"enemies":"Gremlin Gang","floor":6.0,"turns":4.0},{"damage":6.0,"enemies":"3 Louse","floor":9.0,"turns":2.0},{"damage":1.0,"enemies":"downfall:FleeingMerchant","floor":11.0,"turns":4.0},{"damage":2.0,"enemies":"Gremlin Nob","floor":13.0,"turns":3.0},{"damage":11.0,"enemies":"downfall:FleeingMerchant","floor":14.0,"turns":4.0},{"damage":0.0,"enemies":"Gremlin Gang","floor":15.0,"turns":3.0},{"damage":7.0,"enemies":"SI_SHIV_ARCHETYPE","floor":16.0,"turns":7.0},{"damage":6.0,"enemies":"Chosen","floor":19.0,"turns":3.0},{"damage":2.0,"enemies":"Spheric Guardian","floor":20.0,"turns":4.0},{"damage":0.0,"enemies":"Centurion and Healer","floor":21.0,"turns":8.0},{"damage":9.0,"enemies":"Gremlin Leader","floor":23.0,"turns":5.0},{"damage":8.0,"enemies":"Shelled Parasite and Fungi","floor":25.0,"turns":6.0},{"damage":0.0,"enemies":"Snecko","floor":26.0,"turns":4.0},{"damage":8.0,"enemies":"Centurion and Healer","floor":27.0,"turns":6.0},{"damage":11.0,"enemies":"Book of Stabbing","floor":29.0,"turns":5.0},{"damage":0.0,"enemies":"Shelled Parasite and Fungi","floor":32.0,"turns":4.0},{"damage":5.0,"enemies":"DF_ARCHETYPE_CLAW","floor":33.0,"turns":6.0},{"damage":8.0,"enemies":"3 Darklings","floor":36.0,"turns":7.0},{"damage":2.0,"enemies":"3 Shapes","floor":37.0,"turns":3.0},{"damage":0.0,"enemies":"Sphere and 2 Shapes","floor":40.0,"turns":6.0},{"damage":0.0,"enemies":"Maw","floor":43.0,"turns":5.0},{"damage":16.0,"enemies":"downfall:FleeingMerchant","floor":47.0,"turns":4.0},{"damage":0.0,"enemies":"3 Darklings","floor":48.0,"turns":3.0},{"damage":14.0,"enemies":"Jaw Worm Horde","floor":49.0,"turns":3.0},{"damage":0,"enemies":"IC_BLOCK_ARCHETYPE","floor":50,"turns":8},{"damage":20,"enemies":"downfall:CharBossMerchant","floor":52,"turns":7},{"damage":10,"enemies":"downfall:NeowBoss","floor":55,"turns":11},{"damage":60,"enemies":"downfall:NeowBossFinal","floor":56,"turns":10}],"seed_played":"-8305074645414542152","potions_obtained":[{"floor":3.0,"key":"AttackPotion"},{"floor":5.0,"key":"Guardian:DefensiveModePotion"},{"floor":6.0,"key":"Guardian:BlockOnCardUsePotion"},{"floor":15.0,"key":"SneckoOil"},{"floor":19.0,"key":"Fire Potion"},{"floor":25.0,"key":"DistilledChaos"},{"floor":29.0,"key":"GamblersBrew"},{"floor":48.0,"key":"Regen Potion"},{"floor":49.0,"key":"champ:CounterPotion"},{"floor":52,"key":"BlessingOfTheForge"}],"is_trial":false,"path_per_floor":["R","M","M","$","M","M","T","R","M","T","$","R","E","$","M","B",null,"R","M","M","M","T","E","T","M","M","M","R","E","R","?","M","B",null,"R","M","M","?","?","M","T","?","M","R","?","R","$","M","M","B",null,"E","$","R","B","B",null],"character_chosen":"GUARDIAN","items_purchased":["Guardian:PrimingBeam","Guardian:Gem_Crimson","Guardian:Gem_Cyan","Vajra","ClockworkSouvenir","expansioncontent:QuickStudy"],"campfire_rested":0,"item_purchase_floors":[4,4,11,47,47,47],"current_hp_per_floor":[80,79,73,63,62,54,54,54,48,48,47,47,45,34,34,27,80,80,74,72,72,72,63,63,55,55,47,62,51,66,80,80,75,80,80,72,70,70,70,70,70,70,70,90,90,90,74,74,60,75,90,70,70,88,78,30],"gold":51,"neow_bonus":"UPGRADE_CARD","is_daily":false,"chose_seed":false,"campfire_upgraded":9,"win_rate":0.0,"timestamp":1611528606,"path_taken":["R","M","M","?","M","?","T","R","M","?","$","R","E","?","M","BOSS","R","M","M","M","?","E","T","M","M","M","R","E","R","?","M","BOSS","R","M","M","?","?","M","T","?","M","R","?","R","$","M","M","BOSS","E","$","R","BOSS","BOSS"],"items_purchased_type":["Card","Card","Card","Relic","Relic","Card"],"build_version":"2020-12-22","purchased_purges":1,"victory":true,"max_hp_per_floor":[80,80,80,80,80,80,80,80,80,80,80,80,80,80,80,80,80,80,80,80,80,80,80,80,80,80,80,80,80,80,80,80,80,80,80,80,80,80,80,80,80,80,80,90,90,90,90,90,90,90,90,90,90,90,90,90],"card_choices":[{"not_picked":["Guardian:WalkerClaw","Guardian:DonusPower"],"picked":"Guardian:ChargeCore","floor":2.0},{"not_picked":["Guardian:Reroute","Guardian:Gem_Blue"],"picked":"Guardian:Gem_White","floor":3.0},{"not_picked":["Guardian:GuardianWhirl","Guardian:StasisStrike"],"picked":"Guardian:ExploitGems","floor":4.0},{"not_picked":["Guardian:Planning","Guardian:WalkerClaw"],"picked":"Guardian:PolyBeam","floor":5.0},{"not_picked":["Guardian:TimeCapacitor","Guardian:ShieldCharger"],"picked":"Guardian:Gem_Red","floor":6.0},{"not_picked":["Guardian:MultiBeam","Guardian:Gem_Lightblue"],"picked":"Guardian:ChargeCore","floor":9.0},{"not_picked":["Guardian:PrismaticBarrier","Guardian:Gem_Purple"],"picked":"Guardian:RollAttack","floor":11.0},{"not_picked":["Guardian:RefractedBeam","Guardian:MultiBeam"],"picked":"Guardian:BronzeArmor","floor":13.0},{"not_picked":["Guardian:TemporalStrike","Guardian:Gem_Fragmented"],"picked":"Guardian:PiercingHide","floor":14.0},{"not_picked":["Guardian:PrimingBeam","Guardian:Gem_Crimson"],"picked":"Guardian:FloatingOrbs","floor":15.0},{"not_picked":["Guardian:ExploitGems","Guardian:FastForward"],"picked":"Guardian:BaubleBeam","floor":16.0},{"not_picked":["Guardian:Gem_Lightblue","Guardian:Repulse"],"picked":"Guardian:EvasiveProtocol","floor":19.0},{"not_picked":["Guardian:VentSteam","Guardian:Reroute+1"],"picked":"Guardian:TemporalStrike","floor":20.0},{"not_picked":["Guardian:RollAttack","Guardian:DecasProtection"],"picked":"Guardian:Gem_Cyan","floor":21.0},{"not_picked":["Guardian:Suspension","Guardian:Repulse","Guardian:TimeSifter"],"picked":"SKIP","floor":23.0},{"not_picked":["Guardian:Orbwalk","Guardian:Suspension"],"picked":"Guardian:Gem_Cyan","floor":25.0},{"not_picked":["Guardian:Gem_Fragmented","Guardian:Emergency+1"],"picked":"Guardian:PiercingHide","floor":26.0},{"not_picked":["Guardian:Clone+1","Guardian:Harden"],"picked":"Guardian:ShieldCharger+1","floor":27.0},{"not_picked":["Guardian:Gem_Lightblue","Guardian:PiercingHide"],"picked":"Guardian:BodySlam+1","floor":29.0},{"not_picked":["Guardian:TimeBomb","Guardian:GuardianWhirl+1","Guardian:Orbwalk"],"picked":"SKIP","floor":32.0},{"not_picked":["Guardian:BronzeArmor+1","Guardian:PiercingHide+1"],"picked":"Guardian:FloatingOrbs+1","floor":36.0},{"not_picked":["Guardian:Incinerate+1","Guardian:DonusPower+1"],"picked":"Guardian:EvasiveProtocol","floor":37.0},{"not_picked":["expansioncontent:Hexaburn","expansioncontent:AwakenDeath"],"picked":"expansioncontent:Chronoboost","floor":38.0},{"not_picked":["Guardian:Planning","Guardian:GuardianWhirl+1"],"picked":"Guardian:Gem_Red","floor":40.0},{"not_picked":["Guardian:TimeBomb+1","Guardian:MultiBeam+1"],"picked":"Guardian:BronzeOrb+1","floor":43.0},{"not_picked":["Guardian:Gem_Crimson","Guardian:PrimingBeam+1"],"picked":"Guardian:Gem_Purple","floor":47.0},{"not_picked":["Guardian:ArmoredProtocol","Guardian:RefractedBeam+1"],"picked":"Guardian:BronzeOrb+1","floor":48.0},{"not_picked":["Guardian:PrimingBeam+1","Guardian:Gem_Lightblue"],"picked":"Guardian:Gem_Red","floor":49.0},{"not_picked":["Guardian:FloatingOrbs","Guardian:Suspension"],"picked":"Guardian:Gem_Crimson","floor":52}],"player_experience":108374,"relics_obtained":[{"floor":7.0,"key":"Boot"},{"floor":10.0,"key":"Thread and Needle"},{"floor":13.0,"key":"Nunchaku"},{"floor":22.0,"key":"Molten Egg 2"},{"floor":23.0,"key":"Eternal Feather"},{"floor":24.0,"key":"Meat on the Bone"},{"floor":29.0,"key":"Ornamental Fan"},{"floor":39.0,"key":"Kunai"},{"floor":52,"key":"Letter Opener"}],"event_choices":[{"damage_healed":0.0,"max_hp_gain":0.0,"max_hp_loss":0.0,"gold_gain":0.0,"event_name":"NoteForYourself","player_choice":"Ignored","floor":45.0,"gold_loss":0.0,"damage_taken":0.0}],"is_beta":false,"boss_relics":[{"not_picked":["Runic Dome","Cursed Key"],"picked":"SlaversCollar"},{"not_picked":["Guardian:StasisSlotReductionRelic","Black Star"],"picked":"Philosopher\u0027s Stone"}],"items_purged_floors":[47],"is_endless":false,"potions_floor_spawned":[3,5,6,13,15,19,20,25,26,29,43,48,49,52],"ascension_level":0}}