{"host":"x205naxbihvu3p76","time":1611504036,"event":{"mods":["AchievementEnabler","BaseMod","Minty Spire (QoL Compilation)","StSLib","SuperFastMode"],"gold_per_floor":[111,111,111,261,282,313,388,388,388,388,409,409,440,453,453,552,552,566,314,328,328],"floor_reached":20,"language":"KOR","playtime":353,"items_purged":["Doubt"],"score":414,"play_id":"f07aeacf-e8b7-44f2-a54f-10c5f356ff74","local_time":"20210125010036","is_ascension_mode":true,"campfire_choices":[{"data":"Beam Cell","floor":8,"key":"SMITH"},{"data":"Zap","floor":12,"key":"SMITH"},{"floor":15,"key":"REST"}],"circlet_count":0,"master_deck":["AscendersBane","Strike_B","Strike_B","Defend_B","Defend_B","Defend_B","Zap+1","Dualcast","Beam Cell+1","Amplify","Ball Lightning","Echo Form","Conserve Battery","Loop","Creative AI","Cold Snap","Undo","Hello World"],"relics":["Cracked Core","NeowsBlessing","Golden Idol","Regal Pillow","Sundial","Nunchaku","Empty Cage"],"acts_visited":["Exordium","TheCity"],"potions_floor_usage":[],"damage_taken":[{"damage":0,"enemies":"Small Slimes","floor":1,"turns":1},{"damage":0,"enemies":"Jaw Worm","floor":5,"turns":1},{"damage":0,"enemies":"Lagavulin","floor":6,"turns":1},{"damage":2,"enemies":"2 Louse","floor":11,"turns":3},{"damage":32,"enemies":"Gremlin Nob","floor":13,"turns":4},{"damage":7,"enemies":"Large Slime","floor":14,"turns":4},{"damage":45,"enemies":"The Guardian","floor":16,"turns":13},{"damage":17,"enemies":"Spheric Guardian","floor":18,"turns":4},{"damage":35,"enemies":"Chosen","floor":20,"turns":8}],"seed_played":"-3128669082451637439","potions_obtained":[{"floor":1,"key":"PotionOfCapacity"},{"floor":11,"key":"SmokeBomb"},{"floor":13,"key":"Strength Potion"},{"floor":16,"key":"EntropicBrew"}],"is_trial":false,"path_per_floor":["M","?","?","?","M","E","?","R","T","?","M","R","E","M","R","B",null,"M","$","M"],"character_chosen":"DEFECT","items_purchased":["Undo","Hello World"],"campfire_rested":1,"item_purchase_floors":[19,19],"current_hp_per_floor":[64,64,64,64,64,64,53,53,53,58,56,56,24,17,52,7,54,37,37,2,2],"gold":328,"neow_bonus":"THREE_ENEMY_KILL","is_daily":false,"chose_seed":false,"campfire_upgraded":2,"win_rate":0.0,"timestamp":1611504036,"path_taken":["M","?","?","?","M","E","?","R","T","?","M","R","E","M","R","BOSS","M","$","M"],"items_purchased_type":["Card","Card"],"build_version":"2020-12-22","purchased_purges":1,"victory":false,"max_hp_per_floor":[71,64,64,64,64,64,64,64,64,69,69,69,69,69,69,69,69,69,69,69,69],"card_choices":[{"not_picked":["Skim","Scrape"],"picked":"Beam Cell","floor":1},{"not_picked":["Aggregate","Steam Power"],"picked":"Ball Lightning","floor":5},{"not_picked":["Turbo","Barrage","Double Energy"],"picked":"SKIP","floor":6},{"not_picked":["Heatsinks","Stack"],"picked":"Echo Form","floor":11},{"not_picked":["Heatsinks","Stack"],"picked":"Conserve Battery","floor":13},{"not_picked":["Conserve Battery","Barrage"],"picked":"Loop","floor":14},{"not_picked":["Core Surge","Fission"],"picked":"Creative AI","floor":16},{"not_picked":["Streamline","Coolheaded+1"],"picked":"Cold Snap","floor":18}],"player_experience":992766,"relics_obtained":[{"floor":6,"key":"Regal Pillow"},{"floor":9,"key":"Sundial"},{"floor":13,"key":"Nunchaku"}],"event_choices":[{"damage_healed":0,"gold_gain":0,"player_choice":"Lose Max HP","damage_taken":0,"relics_obtained":["Golden Idol"],"max_hp_gain":0,"max_hp_loss":7,"event_name":"Golden Idol","floor":2,"gold_loss":0},{"damage_healed":0,"gold_gain":0,"cards_transformed":["Strike_B"],"player_choice":"Change","damage_taken":0,"max_hp_gain":0,"max_hp_loss":0,"event_name":"Living Wall","floor":3,"gold_loss":0,"cards_obtained":["Amplify"]},{"damage_healed":0,"gold_gain":150,"player_choice":"AGREE","damage_taken":0,"max_hp_gain":0,"max_hp_loss":0,"event_name":"Liars Game","floor":4,"gold_loss":0,"cards_obtained":["Doubt"]},{"damage_healed":0,"gold_gain":75,"player_choice":"Gather Gold","damage_taken":11,"max_hp_gain":0,"max_hp_loss":0,"event_name":"World of Goop","floor":7,"gold_loss":0},{"damage_healed":0,"gold_gain":0,"player_choice":"Donut","damage_taken":0,"max_hp_gain":5,"max_hp_loss":0,"event_name":"Big Fish","floor":10,"gold_loss":0}],"is_beta":false,"boss_relics":[{"not_picked":["FrozenCore","Tiny House"],"picked":"Empty Cage"}],"items_purged_floors":[19],"is_endless":false,"potions_floor_spawned":[1,11,13,16],"killed_by":"Chosen","ascension_level":20}}