{"host":"uv5ws9rdk87e8i5k","time":1611469160,"event":{"mods":["AchievementEnabler","BaseMod","Colored Map","Minty Spire (QoL Compilation)","StSLib","SuperFastMode"],"gold_per_floor":[112,124,124,199,217,247,262,276,325,335,347,359,359,384,384,384,384],"floor_reached":16,"language":"ENG","playtime":380,"items_purged":[],"score":151,"play_id":"88acdce8-ccdb-450b-8a34-500fe248a19e","local_time":"20210124001920","is_ascension_mode":true,"campfire_choices":[{"data":"Sever Soul","floor":13.0,"key":"SMITH"},{"floor":15.0,"key":"REST"}],"circlet_count":0,"master_deck":["Strike_R","Strike_R","Strike_R","Strike_R","Strike_R","Defend_R","Defend_R","Defend_R","Defend_R","Bash","Infernal Blade","Havoc","Intimidate","Feel No Pain","Sever Soul+1","Feel No Pain","Shrug It Off","Shockwave"],"relics":["Burning Blood","Charon\u0027s Ashes","Dream Catcher","Omamori","Blue Candle"],"acts_visited":["Exordium"],"potions_floor_usage":[16],"damage_taken":[{"damage":12.0,"enemies":"Jaw Worm","floor":1.0,"turns":3.0},{"damage":0.0,"enemies":"2 Louse","floor":2.0,"turns":1.0},{"damage":1.0,"enemies":"Small Slimes","floor":5.0,"turns":2.0},{"damage":37.0,"enemies":"3 Sentries","floor":6.0,"turns":6.0},{"damage":0.0,"enemies":"Looter","floor":7.0,"turns":3.0},{"damage":0.0,"enemies":"3 Louse","floor":8.0,"turns":2.0},{"damage":5.0,"enemies":"Red Slaver","floor":10.0,"turns":2.0},{"damage":10.0,"enemies":"2 Fungi Beasts","floor":11.0,"turns":3.0},{"damage":5.0,"enemies":"Blue Slaver","floor":12.0,"turns":3.0},{"damage":37.0,"enemies":"Lagavulin","floor":14.0,"turns":6.0},{"damage":36,"enemies":"Slime Boss","floor":16,"turns":9}],"seed_played":"6337148141513981539","potions_obtained":[{"floor":1.0,"key":"DistilledChaos"},{"floor":2.0,"key":"SkillPotion"},{"floor":10.0,"key":"SpeedPotion"},{"floor":11.0,"key":"GamblersBrew"}],"is_trial":false,"path_per_floor":["M","M","?","?","M","E","M","M","T","M","M","M","R","E","R","B"],"character_chosen":"IRONCLAD","items_purchased":[],"campfire_rested":1,"item_purchase_floors":[],"current_hp_per_floor":[66,72,72,61,66,35,41,47,47,48,44,45,45,14,35,0,0],"gold":384,"neow_bonus":"ONE_RARE_RELIC","is_daily":false,"chose_seed":false,"campfire_upgraded":1,"win_rate":0.0,"timestamp":1611469160,"path_taken":["M","M","?","?","M","E","M","M","T","M","M","M","R","E","R","BOSS"],"items_purchased_type":[],"build_version":"2020-12-22","purchased_purges":0,"victory":false,"max_hp_per_floor":[72,72,72,72,72,72,72,72,72,72,72,72,72,72,72,72,72],"card_choices":[{"not_picked":["Evolve","Clothesline"],"picked":"Infernal Blade","floor":1.0},{"not_picked":["Wild Strike","Clothesline"],"picked":"Havoc","floor":2.0},{"not_picked":["Thunderclap","Power Through"],"picked":"Intimidate","floor":5.0},{"not_picked":["Barricade","Flex"],"picked":"Feel No Pain","floor":6.0},{"not_picked":["Flex","Combust","Clash"],"picked":"SKIP","floor":7.0},{"not_picked":["Thunderclap","Evolve","Uppercut"],"picked":"SKIP","floor":8.0},{"not_picked":["Warcry","Anger"],"picked":"Sever Soul","floor":10.0},{"not_picked":["Shrug It Off","True Grit"],"picked":"Feel No Pain","floor":11.0},{"not_picked":["Thunderclap","Clothesline","Reckless Charge"],"picked":"SKIP","floor":12.0},{"not_picked":["Brutality","Heavy Blade"],"picked":"Shrug It Off","floor":14.0},{"not_picked":["Reckless Charge","Body Slam"],"picked":"Shockwave","floor":15.0}],"player_experience":223656,"relics_obtained":[{"floor":6.0,"key":"Dream Catcher"},{"floor":9.0,"key":"Omamori"},{"floor":14.0,"key":"Blue Candle"}],"event_choices":[{"damage_healed":0.0,"max_hp_gain":0.0,"max_hp_loss":0.0,"gold_gain":0.0,"event_name":"Liars Game","player_choice":"Ignored","floor":3.0,"gold_loss":0.0,"damage_taken":0.0},{"damage_healed":0.0,"max_hp_gain":0.0,"max_hp_loss":0.0,"gold_gain":75.0,"event_name":"World of Goop","player_choice":"Gather Gold","floor":4.0,"gold_loss":0.0,"damage_taken":11.0}],"is_beta":false,"boss_relics":[],"items_purged_floors":[],"is_endless":false,"potions_floor_spawned":[1,2,10,11],"killed_by":"Slime Boss","ascension_level":6}}