{"host":"shb6fs4xkmgx64v4","time":1611513622,"event":{"mods":["AchievementEnabler","BaseMod","Colored Map","Downfall","Minty Spire (QoL Compilation)","StSLib"],"gold_per_floor":[99,113,113,131,131,38,63,63,91,191,206,12,12,35,50,155,205,5,5,5,17,27,27,27,27,46,75,91,91,91,106,126,224,224,224,244,261,261,62,62,114,169,444,344,394,394,409,409,419,419,419,419],"floor_reached":50,"language":"ENG","playtime":3791,"items_purged":[],"score":583,"play_id":"90176023-fa87-4824-8f5d-85032f3fd943","local_time":"20210124134022","is_ascension_mode":false,"campfire_choices":[{"floor":1.0,"key":"RECALL"},{"floor":13.0,"key":"REST"},{"data":"sneckomod:UnendingSupply","floor":18.0,"key":"SMITH"},{"floor":23.0,"key":"REST"},{"floor":29.0,"key":"REST"},{"data":"sneckomod:UnknownRarePower","floor":40,"key":"SMITH"},{"data":"Footwork","floor":44,"key":"SMITH"},{"data":"sneckomod:UnlimitedRolls","floor":46,"key":"SMITH"}],"circlet_count":0,"master_deck":["sneckomod:Strike","sneckomod:Strike","sneckomod:Defend","sneckomod:Defend","sneckomod:TailWhip","sneckomod:SnekBite","sneckomod:Unknown","sneckomod:Unknown","sneckomod:MasterEye","sneckomod:UnknownCommonSkill+1","sneckomod:UnknownRareSkill","sneckomod:MasterEye","sneckomod:DefensiveFlair+1","sneckomod:IronFang","sneckomod:UnendingSupply+1","sneckomod:UnknownDraw","sneckomod:UnknownRarePower+1","sneckomod:UnlimitedRolls+1","sneckomod:QuickMove+1","sneckomod:SnakeSap","sneckomod:UnknownDraw+1","Adrenaline","sneckomod:SnekBeam+1","sneckomod:UnknownRarePower","sneckomod:UnknownCommonAttack+1","sneckomod:SnakeSap","sneckomod:QuickMove+1","sneckomod:SerpentMind","Footwork+1","sneckomod:SlitherStrike","sneckomod:IronFang+1","expansioncontent:YouAreMine","sneckomod:UnknownWeak","sneckomod:CheapStock","Regret","sneckomod:UnendingSupply+1","sneckomod:UnendingSupply+1","sneckomod:UnknownRareAttack"],"relics":["sneckomod:SneckoSoul","Pen Nib","Juzu Bracelet","Odd Mushroom","downfall:HeartBlessingRed","downfall:HeartBlessingGreen","Nloth\u0027s Gift","Mercury Hourglass","Vajra","InkBottle","Snecko Eye","Lee\u0027s Waffle","Unceasing Top","Centennial Puzzle","War Paint","downfall:HeartBlessingBlue","Thread and Needle"],"acts_visited":["Exordium","TheCity","TheBeyond"],"potions_floor_usage":[45,47],"damage_taken":[{"damage":3.0,"enemies":"Jaw Worm","floor":2.0,"turns":3.0},{"damage":0.0,"enemies":"2 Louse","floor":4.0,"turns":2.0},{"damage":0.0,"enemies":"Cultist","floor":5.0,"turns":1.0},{"damage":0.0,"enemies":"downfall:FleeingMerchant","floor":6.0,"turns":4.0},{"damage":44.0,"enemies":"3 Sentries","floor":9.0,"turns":7.0},{"damage":7.0,"enemies":"Blue Slaver","floor":11.0,"turns":3.0},{"damage":10.0,"enemies":"downfall:FleeingMerchant","floor":12.0,"turns":4.0},{"damage":13.0,"enemies":"The Mushroom Lair","floor":14.0,"turns":5.0},{"damage":10.0,"enemies":"Exordium Wildlife","floor":15.0,"turns":3.0},{"damage":28.0,"enemies":"DF_ARCHETYPE_STREAMLINE","floor":16.0,"turns":13.0},{"damage":9.0,"enemies":"Shell Parasite","floor":21.0,"turns":6.0},{"damage":0.0,"enemies":"Chosen","floor":22.0,"turns":4.0},{"damage":10.0,"enemies":"Centurion and Healer","floor":26.0,"turns":6.0},{"damage":36.0,"enemies":"Gremlin Leader","floor":27.0,"turns":6.0},{"damage":37.0,"enemies":"Shelled Parasite and Fungi","floor":28.0,"turns":5.0},{"damage":23.0,"enemies":"Cultist and Chosen","floor":31.0,"turns":6.0},{"damage":5.0,"enemies":"3 Cultists","floor":32.0,"turns":5.0},{"damage":0.0,"enemies":"SI_MIRROR_ARCHETYPE","floor":33.0,"turns":12.0},{"damage":30.0,"enemies":"3 Darklings","floor":36.0,"turns":4.0},{"damage":0.0,"enemies":"3 Shapes","floor":37.0,"turns":3.0},{"damage":0.0,"enemies":"downfall:FleeingMerchant","floor":39.0,"turns":4.0},{"damage":31,"enemies":"downfall:FleeingMerchant","floor":45,"turns":6},{"damage":20,"enemies":"Writhing Mass","floor":47,"turns":6},{"damage":29,"enemies":"Transient","floor":49,"turns":5},{"damage":37,"enemies":"IC_BLOCK_ARCHETYPE","floor":50,"turns":9}],"seed_played":"-1248233896276593422","potions_obtained":[{"floor":9.0,"key":"Fire Potion"},{"floor":11.0,"key":"champ:CounterPotion"},{"floor":15.0,"key":"Dexterity Potion"},{"floor":16.0,"key":"SpeedPotion"},{"floor":21.0,"key":"Slimebound:ThreeZeroPotion"},{"floor":28.0,"key":"Guardian:BlockOnCardUsePotion"},{"floor":32.0,"key":"Regen Potion"},{"floor":36.0,"key":"EssenceOfSteel"},{"floor":37.0,"key":"Swift Potion"},{"floor":49,"key":"Explosive Potion"}],"is_trial":false,"path_per_floor":["R","M","?","M","M","$","T","?","E","?","M","$","R","?","M","B",null,"R","?","?","M","M","R","T","R","M","E","M","R","?","M","M","B",null,"R","M","M","?","$","R","T","?","?","R","?","R","M","?","M","B"],"character_chosen":"THE_SNECKO","items_purchased":["sneckomod:MasterEye","sneckomod:UnendingSupply","Juzu Bracelet","Lee\u0027s Waffle","Unceasing Top","sneckomod:CheapStock"],"campfire_rested":3,"item_purchase_floors":[6,12,12,39,39,39],"current_hp_per_floor":[90,87,87,87,87,87,87,87,43,43,36,26,53,40,30,2,95,95,76,76,67,67,97,97,97,87,51,14,44,44,21,16,31,100,100,70,70,70,107,107,107,107,107,117,86,86,66,66,37,0,0,0],"gold":419,"neow_bonus":"REMOVE_CARD","is_daily":false,"chose_seed":false,"campfire_upgraded":4,"win_rate":0.0,"timestamp":1611513622,"path_taken":["R","M","?","M","M","$","T","?","E","?","?","$","R","?","M","BOSS","R","?","?","M","M","R","T","R","M","E","M","R","?","M","M","BOSS","R","M","M","?","$","R","T","?","?","R","?","R","M","?","M","BOSS"],"items_purchased_type":["Card","Card","Relic","Relic","Relic","Card"],"build_version":"2020-12-22","purchased_purges":0,"victory":false,"max_hp_per_floor":[90,90,90,90,90,90,90,90,90,90,90,90,90,90,90,90,95,95,100,100,100,100,100,100,100,100,100,100,100,100,100,100,100,100,100,100,100,100,107,107,107,107,107,117,117,117,117,117,117,117,117,117],"card_choices":[{"not_picked":["sneckomod:QuickBite","sneckomod:Nope"],"picked":"sneckomod:MasterEye","floor":2.0},{"not_picked":["sneckomod:UnknownCommonAttack","sneckomod:UnknownCommonSkill"],"picked":"sneckomod:UnknownDexterity","floor":4.0},{"not_picked":["sneckomod:Memorize","sneckomod:SoulDraw"],"picked":"sneckomod:UnknownCommonSkill","floor":5.0},{"not_picked":["sneckomod:IronFang","sneckomod:UnknownUncommonPower"],"picked":"sneckomod:UnknownRareSkill","floor":6.0},{"not_picked":["sneckomod:UnknownDraw","sneckomod:SoulDraw"],"picked":"sneckomod:DefensiveFlair","floor":9.0},{"not_picked":["sneckomod:Unknown2Cost","sneckomod:SoulCleanse"],"picked":"sneckomod:IronFang","floor":11.0},{"not_picked":["sneckomod:IronFang","sneckomod:SlitherStrike"],"picked":"sneckomod:UnknownDraw","floor":12.0},{"not_picked":["sneckomod:RainOfDice","sneckomod:DiceBlock"],"picked":"sneckomod:UnknownDraw","floor":14.0},{"not_picked":["sneckomod:UnknownCommonAttack","sneckomod:QuickBite"],"picked":"sneckomod:UnknownRarePower","floor":15.0},{"not_picked":["sneckomod:UnknownBoss","sneckomod:Cheat"],"picked":"sneckomod:UnlimitedRolls","floor":16.0},{"not_picked":["sneckomod:TrashToTreasure","sneckomod:SoulCleanse"],"picked":"sneckomod:QuickMove","floor":17.0},{"not_picked":["sneckomod:UnknownClassRED","sneckomod:UnknownClassGREEN"],"picked":"sneckomod:SnakeSap","floor":21.0},{"not_picked":["sneckomod:UnknownColorless","sneckomod:IronFang+1"],"picked":"sneckomod:UnknownDraw+1","floor":22.0},{"not_picked":["sneckomod:QuickBite","sneckomod:Nope"],"picked":"sneckomod:SnekBeam+1","floor":26.0},{"not_picked":["sneckomod:UnknownRareSkill","sneckomod:Mudshield"],"picked":"sneckomod:UnknownRarePower","floor":27.0},{"not_picked":["sneckomod:PureSnecko+1","sneckomod:UnknownWeak"],"picked":"sneckomod:UnknownCommonAttack+1","floor":28.0},{"not_picked":["sneckomod:Nope","sneckomod:UnendingSupply"],"picked":"sneckomod:SnakeSap","floor":31.0},{"not_picked":["sneckomod:UnknownClassGREEN+1","sneckomod:Mudshield"],"picked":"sneckomod:QuickMove+1","floor":32.0},{"not_picked":["sneckomod:UnknownBoss","sneckomod:Mudshield"],"picked":"sneckomod:SerpentMind","floor":33.0},{"not_picked":["sneckomod:DiceCrush+1","sneckomod:Unknown1Cost"],"picked":"sneckomod:SlitherStrike","floor":36.0},{"not_picked":["sneckomod:SoulDraw","sneckomod:UnknownCommonAttack"],"picked":"sneckomod:IronFang+1","floor":37.0},{"not_picked":["expansioncontent:PrepareCrush","expansioncontent:PolyBeam"],"picked":"expansioncontent:YouAreMine","floor":38.0},{"not_picked":["sneckomod:SoulDraw","sneckomod:DangerNoodle"],"picked":"sneckomod:UnknownWeak","floor":39.0},{"not_picked":["sneckomod:SlitherStrike","sneckomod:UnknownBoss"],"picked":"sneckomod:UnendingSupply+1","floor":45},{"not_picked":["sneckomod:UnknownClassGREEN+1","sneckomod:SnakeSap"],"picked":"sneckomod:UnendingSupply+1","floor":47},{"not_picked":["sneckomod:ImprovisedGuard","sneckomod:WideSting"],"picked":"sneckomod:UnknownRareAttack","floor":49}],"player_experience":275990,"relics_obtained":[{"floor":9.0,"key":"Pen Nib"},{"floor":14.0,"key":"Odd Mushroom"},{"floor":24.0,"key":"Mercury Hourglass"},{"floor":27.0,"key":"Vajra"},{"floor":41,"key":"Centennial Puzzle"},{"floor":42,"key":"War Paint"},{"floor":45,"key":"Thread and Needle"}],"event_choices":[{"cards_removed":["sneckomod:Defend"],"damage_healed":0.0,"max_hp_gain":0.0,"max_hp_loss":0.0,"gold_gain":0.0,"event_name":"Living Wall","player_choice":"Forget","floor":8.0,"gold_loss":0.0,"damage_taken":0.0},{"damage_healed":0.0,"max_hp_gain":0.0,"max_hp_loss":0.0,"gold_gain":100.0,"event_name":"Wheel of Change","player_choice":"Gold","floor":10.0,"gold_loss":0.0,"damage_taken":0.0},{"damage_healed":0.0,"max_hp_gain":0.0,"max_hp_loss":0.0,"gold_gain":0.0,"event_name":"Mushrooms","player_choice":"Fought Mushrooms","floor":14.0,"gold_loss":0.0,"damage_taken":0.0}],"is_beta":false,"boss_relics":[{"not_picked":["SacredBark","Runic Dome"],"picked":"Tiny House"},{"not_picked":["Runic Pyramid","sneckomod:SuperSneckoSoul"],"picked":"Snecko Eye"}],"items_purged_floors":[],"is_endless":false,"potions_floor_spawned":[9,11,15,16,21,22,28,32,36,37,49],"killed_by":"IC_BLOCK_ARCHETYPE","ascension_level":0}}