{"host":"v3mpq6flurzldi5g","time":1611448507,"event":{"mods":["AchievementEnabler","BaseMod","Colored Powertips","Highlight Path","Minty Spire (QoL Compilation)","StSLib"],"gold_per_floor":[110,130,149,166,166,166,176,176,176,505,334,353,353,372,372,372,372],"floor_reached":16,"language":"ENG","playtime":625,"items_purged":["Strike_B"],"score":161,"play_id":"56d4f0bf-7ac6-411d-839b-9a961cf589f0","local_time":"20210123193507","is_ascension_mode":true,"campfire_choices":[{"data":"Defend_B","floor":6,"key":"SMITH"},{"floor":8,"key":"REST"},{"floor":15,"key":"REST"}],"circlet_count":0,"master_deck":["AscendersBane","Strike_B","Strike_B","Strike_B","Defend_B","Defend_B","Defend_B","Defend_B+1","Zap","Dualcast","Auto Shields","Sweeping Beam","Ball Lightning","Static Discharge","Genetic Algorithm","Chaos","Madness","Defragment","Machine Learning"],"relics":["Cracked Core","Unceasing Top","Dead Branch","Old Coin"],"acts_visited":["Exordium"],"potions_floor_usage":[10,16],"damage_taken":[{"damage":2,"enemies":"Jaw Worm","floor":1,"turns":5},{"damage":0,"enemies":"2 Louse","floor":2,"turns":2},{"damage":3,"enemies":"Small Slimes","floor":3,"turns":2},{"damage":10,"enemies":"2 Fungi Beasts","floor":4,"turns":3},{"damage":7,"enemies":"Looter","floor":7,"turns":4},{"damage":29,"enemies":"Gremlin Nob","floor":10,"turns":3},{"damage":1,"enemies":"3 Louse","floor":12,"turns":4},{"damage":6,"enemies":"2 Fungi Beasts","floor":14,"turns":3},{"damage":53,"enemies":"Hexaghost","floor":16,"turns":11}],"seed_played":"-6578877545191698812","potions_obtained":[{"floor":1,"key":"FearPotion"},{"floor":4,"key":"Swift Potion"},{"floor":10,"key":"SteroidPotion"}],"is_trial":false,"path_per_floor":["M","M","M","M","?","R","M","R","T","E","$","M","$","M","R","B"],"character_chosen":"DEFECT","items_purchased":["Madness"],"campfire_rested":2,"item_purchase_floors":[11],"current_hp_per_floor":[66,66,63,53,53,53,46,66,66,37,37,36,36,30,50,0,0],"gold":372,"neow_bonus":"ONE_RARE_RELIC","is_daily":false,"chose_seed":false,"campfire_upgraded":1,"win_rate":0.0,"timestamp":1611448507,"path_taken":["M","M","M","M","?","R","M","R","T","E","$","M","$","M","R","BOSS"],"items_purchased_type":["Card"],"build_version":"2020-12-22","purchased_purges":1,"victory":false,"max_hp_per_floor":[68,68,68,68,68,68,68,68,68,68,68,68,68,68,68,68,68],"card_choices":[{"not_picked":["Recycle","Barrage"],"picked":"Auto Shields","floor":1},{"not_picked":["Go for the Eyes","FTL"],"picked":"Sweeping Beam","floor":2},{"not_picked":["Self Repair","Hologram"],"picked":"Ball Lightning","floor":3},{"not_picked":["Steam","Leap"],"picked":"Static Discharge","floor":4},{"not_picked":["Sweeping Beam","Hello World"],"picked":"Genetic Algorithm","floor":7},{"not_picked":["Darkness","Leap"],"picked":"Chaos","floor":10},{"not_picked":["Redo","Coolheaded"],"picked":"Defragment","floor":12},{"not_picked":["Turbo","Cold Snap"],"picked":"Machine Learning","floor":14}],"player_experience":1017904,"relics_obtained":[{"floor":9,"key":"Dead Branch"},{"floor":10,"key":"Old Coin"}],"event_choices":[{"damage_healed":0,"gold_gain":0,"player_choice":"Ignored","damage_taken":0,"max_hp_gain":0,"max_hp_loss":0,"event_name":"Golden Idol","floor":5,"gold_loss":0}],"is_beta":false,"boss_relics":[],"items_purged_floors":[11],"is_endless":false,"potions_floor_spawned":[1,4,10,12,14],"killed_by":"Hexaghost","ascension_level":11}}