{"host":"9v3x998ddbx8o276","time":1611460811,"event":{"mods":["AchievementEnabler","BaseMod","Colored Map","Colored Powertips","Highlight Path","Minty Spire (QoL Compilation)","Quick Restart","Rare Cards Sparkle"],"gold_per_floor":[116,21,41,55,55,55,72,98,121,139,139,157,184,195,195,291,291,308,326,343,343,343,374,374,402,402,421,23,122,122,149,149,149,149],"floor_reached":33,"language":"ENG","playtime":3322,"items_purged":[],"score":555,"play_id":"4eb227bd-7801-446e-ac40-50c66bcac708","local_time":"20210124143011","is_ascension_mode":true,"campfire_choices":[{"data":"Whirlwind","floor":6,"key":"SMITH"},{"data":"Bash","floor":11,"key":"SMITH"},{"data":"Flame Barrier","floor":15,"key":"SMITH"},{"data":"Double Tap","floor":24,"key":"SMITH"},{"floor":32,"key":"REST"}],"circlet_count":0,"master_deck":["AscendersBane","Defend_R","Defend_R","Defend_R","Defend_R","Bash+1","Reckless Charge","Flex","Whirlwind+1","Inflame","Blood for Blood","Reckless Charge","Shrug It Off","Double Tap+1","Flame Barrier+1","Juggernaut","CurseOfTheBell","Flame Barrier","Armaments+1","Immolate","Bite","Bite","Bite","Bite","Bite","Battle Trance","Shockwave","Inflame"],"relics":["Burning Blood","Bag of Marbles","Ancient Tea Set","Calling Bell","Bronze Scales","Singing Bowl","TungstenRod","MealTicket","Juzu Bracelet","Blue Candle","Pantograph","Toolbox","Molten Egg 2"],"acts_visited":["Exordium","TheCity"],"potions_floor_usage":[8,16,20,23,31],"damage_taken":[{"damage":4,"enemies":"Jaw Worm","floor":1,"turns":6},{"damage":1,"enemies":"Cultist","floor":3,"turns":3},{"damage":0,"enemies":"2 Louse","floor":4,"turns":1},{"damage":7,"enemies":"2 Fungi Beasts","floor":7,"turns":2},{"damage":0,"enemies":"Lagavulin","floor":8,"turns":4},{"damage":11,"enemies":"Blue Slaver","floor":10,"turns":3},{"damage":16,"enemies":"Large Slime","floor":12,"turns":5},{"damage":25,"enemies":"3 Sentries","floor":13,"turns":6},{"damage":0,"enemies":"Gremlin Gang","floor":14,"turns":1},{"damage":58,"enemies":"Slime Boss","floor":16,"turns":7},{"damage":11,"enemies":"Chosen","floor":18,"turns":4},{"damage":0,"enemies":"3 Byrds","floor":19,"turns":3},{"damage":20,"enemies":"Centurion and Healer","floor":20,"turns":5},{"damage":18,"enemies":"Book of Stabbing","floor":23,"turns":4},{"damage":6,"enemies":"Slavers","floor":25,"turns":1},{"damage":0,"enemies":"3 Cultists","floor":27,"turns":3},{"damage":37,"enemies":"Book of Stabbing","floor":31,"turns":5},{"damage":124,"enemies":"Champ","floor":33,"turns":12}],"seed_played":"5812085513150646543","potions_obtained":[{"floor":0,"key":"LiquidMemories"},{"floor":0,"key":"BlessingOfTheForge"},{"floor":1,"key":"PowerPotion"},{"floor":8,"key":"ElixirPotion"},{"floor":18,"key":"DistilledChaos"},{"floor":19,"key":"PowerPotion"},{"floor":23,"key":"EssenceOfSteel"}],"is_trial":false,"path_per_floor":["M","$","M","M","?","R","M","E","T","M","R","M","E","M","R","B",null,"M","M","M","?","?","E","R","E","T","M","$","?","?","E","R","B"],"character_chosen":"IRONCLAD","items_purchased":["Flex","Whirlwind","Pantograph","Toolbox"],"campfire_rested":1,"item_purchase_floors":[2,2,28,28],"current_hp_per_floor":[74,74,79,80,80,80,79,80,80,75,75,67,50,58,58,8,62,59,67,55,55,55,53,53,55,55,65,80,80,80,53,78,0,0],"gold":149,"neow_bonus":"THREE_SMALL_POTIONS","is_daily":false,"chose_seed":false,"campfire_upgraded":4,"win_rate":0.0,"timestamp":1611460811,"path_taken":["M","$","M","M","?","R","M","E","T","?","R","M","E","M","R","BOSS","M","M","?","?","?","E","R","E","T","M","$","?","?","E","R","BOSS"],"items_purchased_type":["Card","Card","Relic","Relic"],"build_version":"2020-12-22","purchased_purges":0,"victory":false,"max_hp_per_floor":[80,80,80,80,80,80,80,80,80,80,80,80,80,80,80,80,80,80,80,80,80,80,82,82,84,84,84,84,84,84,86,86,86,86],"card_choices":[{"not_picked":["Heavy Blade","Shrug It Off"],"picked":"Reckless Charge","floor":1},{"not_picked":["Warcry","Disarm"],"picked":"Inflame","floor":3},{"not_picked":["Flex","Combust"],"picked":"Blood for Blood","floor":4},{"not_picked":["Headbutt","Perfected Strike","Pummel"],"picked":"SKIP","floor":7},{"not_picked":["Armaments","Wild Strike"],"picked":"Reckless Charge","floor":8},{"not_picked":["Clash","Rampage","Clothesline"],"picked":"SKIP","floor":10},{"not_picked":["Warcry","Rupture"],"picked":"Shrug It Off","floor":12},{"not_picked":["Carnage","Shrug It Off"],"picked":"Double Tap","floor":13},{"not_picked":["True Grit","Wild Strike"],"picked":"Flame Barrier","floor":14},{"not_picked":["Brutality","Immolate"],"picked":"Juggernaut","floor":16},{"not_picked":["Cleave","Rage"],"picked":"Flame Barrier","floor":18},{"not_picked":["Body Slam","Dual Wield"],"picked":"Armaments+1","floor":19},{"not_picked":["Heavy Blade","Perfected Strike"],"picked":"Immolate","floor":20},{"not_picked":["Metallicize","Dropkick","Thunderclap+1"],"picked":"Singing Bowl","floor":23},{"not_picked":["Bludgeon","Twin Strike+1","Thunderclap+1"],"picked":"Singing Bowl","floor":25},{"not_picked":["Perfected Strike+1","Iron Wave"],"picked":"Shockwave","floor":27},{"not_picked":["Rampage+1","Clash+1","Twin Strike+1"],"picked":"Singing Bowl","floor":31}],"player_experience":1688945,"relics_obtained":[{"floor":8,"key":"Bag of Marbles"},{"floor":9,"key":"Blood Vial"},{"floor":13,"key":"Ancient Tea Set"},{"floor":17,"key":"Bronze Scales"},{"floor":17,"key":"Singing Bowl"},{"floor":17,"key":"TungstenRod"},{"floor":23,"key":"MealTicket"},{"floor":25,"key":"Juzu Bracelet"},{"floor":26,"key":"Blue Candle"},{"floor":31,"key":"Molten Egg 2"}],"event_choices":[{"damage_healed":0,"gold_gain":0,"player_choice":"Full Heal","damage_taken":0,"max_hp_gain":0,"max_hp_loss":0,"event_name":"Wheel of Change","floor":5,"gold_loss":0},{"damage_healed":0,"gold_gain":0,"player_choice":"Became a vampire (Vial)","damage_taken":0,"max_hp_gain":0,"max_hp_loss":0,"event_name":"Vampires","floor":21,"relics_lost":["Blood Vial"],"gold_loss":0,"cards_obtained":["Bite","Bite","Bite","Bite","Bite"]},{"damage_healed":0,"gold_gain":0,"player_choice":"Read","damage_taken":0,"max_hp_gain":0,"max_hp_loss":0,"event_name":"The Library","floor":22,"gold_loss":0,"cards_obtained":["Battle Trance"]},{"damage_healed":0,"gold_gain":99,"player_choice":"Stole From Cult","damage_taken":0,"max_hp_gain":0,"max_hp_loss":0,"event_name":"Nest","floor":29,"gold_loss":0},{"damage_healed":0,"gold_gain":0,"player_choice":"Copied","damage_taken":0,"max_hp_gain":0,"max_hp_loss":0,"event_name":"Duplicator","floor":30,"gold_loss":0,"cards_obtained":["Inflame"]}],"is_beta":false,"boss_relics":[{"not_picked":["Runic Dome","Mark of Pain"],"picked":"Calling Bell"}],"items_purged_floors":[],"is_endless":false,"potions_floor_spawned":[1,4,8,12,14,18,19,23],"killed_by":"Champ","ascension_level":11}}