{"host":"o6rpelx2jpc8yies","time":1611457714,"event":{"mods":["BaseMod","Downfall","Minty Spire (QoL Compilation)","StSLib"],"gold_per_floor":[99,118,135,149,164,57,57,69,69,102,2,21,6,41,60,60,60,60],"floor_reached":16,"language":"ENG","playtime":924,"items_purged":[],"score":131,"play_id":"22b28346-4108-4f5a-b879-6ff117723831","local_time":"20210123200834","is_ascension_mode":true,"campfire_choices":[{"floor":1,"key":"RECALL"},{"data":"bronze:FineTuning","floor":9,"key":"SMITH"},{"data":"bronze:ChosenStrike","floor":11,"key":"SMITH"}],"circlet_count":0,"master_deck":["bronze:Strike","bronze:Strike","bronze:Strike","bronze:Strike","bronze:Defend","bronze:Defend","bronze:Defend","bronze:Defend","bronze:Replicate","bronze:Goto","bronze:RecursiveStrike","bronze:Repair+1","bronze:Philosophize","bronze:Optimize","bronze:FineTuning+1","bronze:Shield","bronze:ItsAFeature","bronze:Turbo+1","bronze:Constructor","bronze:ChosenStrike+1","bronze:Overheat","bronze:Mutator","bronze:BronzeOrb"],"relics":["bronze:BronzeCore","War Paint","Darkstone Periapt","downfall:HeartBlessingRed","Guardian:PocketSentry"],"acts_visited":["Exordium"],"potions_floor_usage":[5,6,13,16],"damage_taken":[{"damage":1,"enemies":"Cultist","floor":2,"turns":3},{"damage":12,"enemies":"Jaw Worm","floor":3,"turns":2},{"damage":0,"enemies":"2 Louse","floor":4,"turns":4},{"damage":23,"enemies":"Lots of Slimes","floor":5,"turns":5},{"damage":10,"enemies":"downfall:FleeingMerchant","floor":6,"turns":4},{"damage":19,"enemies":"Blue Slaver","floor":8,"turns":5},{"damage":13,"enemies":"Lagavulin","floor":10,"turns":7},{"damage":13,"enemies":"3 Louse","floor":12,"turns":4},{"damage":0,"enemies":"downfall:FleeingMerchant","floor":13,"turns":4},{"damage":12,"enemies":"3 Sentries","floor":14,"turns":4},{"damage":3,"enemies":"Exordium Thugs","floor":15,"turns":3},{"damage":64,"enemies":"SI_SHIV_ARCHETYPE","floor":16,"turns":8}],"seed_played":"9142243839013529523","potions_obtained":[{"floor":4,"key":"LiquidBronze"},{"floor":5,"key":"LiquidBronze"},{"floor":8,"key":"Block Potion"},{"floor":10,"key":"AttackPotion"},{"floor":12,"key":"Swift Potion"}],"is_trial":false,"path_per_floor":["R","M","M","M","M","$","T","M","R","E","R","M","$","E","M","B"],"character_chosen":"THE_AUTOMATON","items_purchased":["bronze:ItsAFeature","bronze:Turbo"],"campfire_rested":0,"item_purchase_floors":[6,6],"current_hp_per_floor":[70,69,57,64,51,49,49,40,40,37,37,35,46,44,52,0,0,0],"gold":60,"neow_bonus":"ONE_RANDOM_RARE_CARD","is_daily":false,"chose_seed":false,"campfire_upgraded":2,"win_rate":0.0,"timestamp":1611457714,"path_taken":["R","M","M","M","M","$","T","M","R","E","R","?","$","E","M","BOSS"],"items_purchased_type":["Card","Card"],"build_version":"2020-12-22","purchased_purges":0,"victory":false,"max_hp_per_floor":[70,70,70,70,70,70,70,70,70,70,70,70,70,70,70,70,70,70],"card_choices":[{"not_picked":["bronze:BitShift","bronze:DelayedGuard"],"picked":"bronze:Repair","floor":2},{"not_picked":["bronze:BronzeArmor","bronze:NullPointer"],"picked":"bronze:Philosophize","floor":3},{"not_picked":["bronze:NullPointer","bronze:BitShift"],"picked":"bronze:Optimize","floor":4},{"not_picked":["bronze:BitShift","bronze:Invalidate"],"picked":"bronze:FineTuning","floor":5},{"not_picked":["bronze:Philosophize","bronze:BurnOut"],"picked":"bronze:Shield","floor":6},{"not_picked":["bronze:Repair","bronze:DelayedSlice"],"picked":"bronze:Constructor","floor":8},{"not_picked":["bronze:CloningBeam","bronze:Frontload"],"picked":"bronze:ChosenStrike","floor":10},{"not_picked":["bronze:NullPointer","bronze:OilSpill"],"picked":"bronze:Overheat","floor":12},{"not_picked":["bronze:BronzeArmor","bronze:Frontload"],"picked":"bronze:Mutator","floor":13},{"not_picked":["bronze:BitShift","bronze:OilSpill"],"picked":"bronze:BronzeOrb","floor":14},{"not_picked":["bronze:WildBeam","bronze:ItsAFeature","bronze:BuggyMess"],"picked":"SKIP","floor":15}],"player_experience":1842566,"relics_obtained":[{"floor":7,"key":"War Paint"},{"floor":10,"key":"Darkstone Periapt"},{"floor":14,"key":"Guardian:PocketSentry"}],"event_choices":[],"is_beta":false,"boss_relics":[],"items_purged_floors":[],"is_endless":false,"potions_floor_spawned":[4,5,8,10,12],"killed_by":"SI_SHIV_ARCHETYPE","ascension_level":3}}