{"host":"fc97bmrl7qvj4ruk","time":1611457381,"event":{"mods":["AchievementEnabler","Act Like it!","BaseMod","ChefMod","Colored Map","Gensokyo","GifTheSpireLib","Hermit","Minty Spire (QoL Compilation)","Replay The Spire","Robot Space Explorer","StSLib","The Death Knight","The Hayseed"],"gold_per_floor":[119,133,133,148,162,187,187,216,242,268,268,268,128,146,146,245,245,259,272,272,284,299,299,299,299],"floor_reached":24,"language":"ZHS","playtime":1682,"items_purged":[],"score":262,"play_id":"ad9ea314-8f12-4ca9-a0c9-07f7ed6375dd","local_time":"20210123230301","is_ascension_mode":true,"campfire_choices":[{"data":"hermit:Maintenance","floor":7.0,"key":"SMITH"},{"data":"hermit:Glare","floor":11.0,"key":"SMITH"},{"data":"hermit:Vantage","floor":15.0,"key":"SMITH"},{"data":"hermit:LoneWolf","floor":23.0,"key":"SMITH"}],"circlet_count":0,"master_deck":["hermit:Strike_Hermit","hermit:Strike_Hermit","hermit:Strike_Hermit","hermit:Strike_Hermit","hermit:Defend_Hermit","hermit:Defend_Hermit","hermit:Defend_Hermit","hermit:Defend_Hermit","hermit:Snapshot","hermit:Covet","hermit:Ricochet","hermit:Glare+1","hermit:Maintenance+1","hermit:GoldenBullet","hermit:Vantage+1","hermit:TrackingShot","hermit:Deadeye","hermit:Brawl","hermit:Dissolve","hermit:FullyLoaded+1","hermit:LoneWolf+1","hermit:ShadowCloak"],"relics":["hermit:Momento","NeowsBlessing","Torii","Oddly Smooth Stone","Bronze Scales","Orichalcum","Replay:Ringing Soul","hermit:RedScarf","Ring of Chaos","Gensokyo:ChorusOfJoy","Frozen Eye"],"acts_visited":["Gensokyo:Gensokyo","Gensokyo:Gensokyoer"],"potions_floor_usage":[24],"damage_taken":[{"damage":0.0,"enemies":"Gensokyo:Python","floor":1.0,"turns":1.0},{"damage":0.0,"enemies":"Gensokyo:2_Kodama","floor":2.0,"turns":1.0},{"damage":0.0,"enemies":"Gensokyo:Gryphon","floor":4.0,"turns":1.0},{"damage":0.0,"enemies":"Gensokyo:LivingMonolith","floor":5.0,"turns":3.0},{"damage":10.0,"enemies":"Gensokyo:Aya","floor":6.0,"turns":10.0},{"damage":6.0,"enemies":"Gensokyo:Cirno","floor":8.0,"turns":7.0},{"damage":8.0,"enemies":"Gensokyo:Aya","floor":10.0,"turns":4.0},{"damage":2.0,"enemies":"Gensokyo:5_Fairies","floor":14.0,"turns":5.0},{"damage":1.0,"enemies":"Gensokyo:Kokoro","floor":16.0,"turns":8.0},{"damage":1.0,"enemies":"Gensokyo:Chomper","floor":18.0,"turns":3.0},{"damage":3.0,"enemies":"Gensokyo:CosmicMonolith","floor":19.0,"turns":5.0},{"damage":33.0,"enemies":"Gensokyo:3_Gloops","floor":21.0,"turns":7.0},{"damage":27.0,"enemies":"Gensokyo:Slime_Group","floor":22.0,"turns":8.0},{"damage":31,"enemies":"Gensokyo:Koishi","floor":24,"turns":4}],"seed_played":"6881396239781494200","potions_obtained":[{"floor":1.0,"key":"DeathKnight:RimePotion"},{"floor":4.0,"key":"hermit:Tonic"},{"floor":10.0,"key":"BlessingOfTheForge"},{"floor":18.0,"key":"Ancient Potion"},{"floor":21.0,"key":"Cursed Concoction"},{"floor":22.0,"key":"Elixir"}],"is_trial":false,"path_per_floor":["M","M","?","M","M","E","R","E","T","E","R","?","?","M","R","B",null,"M","M","?","M","M","R","E"],"character_chosen":"HERMIT","items_purchased":[],"campfire_rested":0,"item_purchase_floors":[],"current_hp_per_floor":[75,75,75,75,75,65,65,59,59,54,54,54,54,55,55,57,84,86,83,83,53,29,29,0,0],"gold":299,"neow_bonus":"THREE_ENEMY_KILL","is_daily":false,"chose_seed":false,"campfire_upgraded":4,"win_rate":0.0,"timestamp":1611457381,"path_taken":["M","M","?","M","?","E","R","E","T","E","R","?","?","M","R","BOSS","M","?","?","M","?","R","E"],"items_purchased_type":[],"build_version":"2020-12-22","purchased_purges":0,"victory":false,"max_hp_per_floor":[75,75,75,75,75,75,75,75,75,78,78,78,78,81,81,84,84,87,87,87,90,93,93,93,93],"card_choices":[{"not_picked":["hermit:NoHoldsBarred","hermit:ItchyTrigger"],"picked":"hermit:Ricochet","floor":1.0},{"not_picked":["hermit:DeadMansHand","hermit:SprayPray"],"picked":"hermit:Glare","floor":2.0},{"not_picked":["hermit:HoleUp","hermit:Shortfuse"],"picked":"hermit:Maintenance","floor":4.0},{"not_picked":["hermit:ItchyTrigger","hermit:TakeCover"],"picked":"hermit:GoldenBullet","floor":5.0},{"not_picked":["hermit:Roulette","hermit:Misfire"],"picked":"hermit:Vantage","floor":6.0},{"not_picked":["hermit:HoleUp","hermit:Ricochet"],"picked":"hermit:TrackingShot","floor":8.0},{"not_picked":["hermit:Spite","hermit:HighCaliber"],"picked":"hermit:Deadeye","floor":10.0},{"not_picked":["hermit:Coalescence","hermit:Horror"],"picked":"hermit:Brawl","floor":14.0},{"not_picked":["hermit:RoundhouseKick","hermit:Purgatory"],"picked":"hermit:Dissolve","floor":16.0},{"not_picked":["hermit:Desperado+1","hermit:TakeCover+1"],"picked":"hermit:FullyLoaded+1","floor":18.0},{"not_picked":["hermit:Desperado","hermit:Misfire","hermit:Spite"],"picked":"SKIP","floor":19.0},{"not_picked":["hermit:SprayPray","hermit:LuckOfTheDraw"],"picked":"hermit:LoneWolf","floor":21.0},{"not_picked":["hermit:LowProfile","hermit:Vantage"],"picked":"hermit:ShadowCloak","floor":22.0}],"player_experience":193219,"relics_obtained":[{"floor":6.0,"key":"Oddly Smooth Stone"},{"floor":8.0,"key":"Bronze Scales"},{"floor":9.0,"key":"Orichalcum"},{"floor":10.0,"key":"Replay:Ringing Soul"}],"event_choices":[],"is_beta":false,"boss_relics":[{"not_picked":["Snecko Eye","Kintsugi"],"picked":"Ring of Chaos"}],"items_purged_floors":[],"is_endless":false,"potions_floor_spawned":[1,4,10,18,21,22],"killed_by":"Gensokyo:Koishi","ascension_level":2}}