{"host":"7f01flv6y0vhl3vt","time":1611514086,"event":{"mods":["Act Like it!","BaseMod","Downfall","Minty Spire (QoL Compilation)","StSLib"],"gold_per_floor":[99,549,724,6,6,0,0,0,12,12,12,39,56,74,90,90,90,90],"floor_reached":16,"language":"ENG","playtime":2314,"items_purged":["downfall:Icky"],"score":98,"play_id":"8604c69e-25d8-4dd6-a985-f50ecbc5acbe","local_time":"20210124134806","is_ascension_mode":false,"campfire_choices":[{"floor":1,"key":"RECALL"},{"floor":8,"key":"REST"},{"data":"hexamod:GhostOfSpirePresent","floor":11,"key":"SMITH"}],"circlet_count":0,"master_deck":["hexamod:Strike","hexamod:Strike","hexamod:Strike","hexamod:Strike","hexamod:Defend","hexamod:Defend","hexamod:Defend","hexamod:Defend","hexamod:Sear","hexamod:Float","downfall:Icky","downfall:Icky","Doubt","hexamod:GhostOfSpirePresent+1","hexamod:GhostOfSpireFuture","hexamod:Rewind+1","hexamod:HeatShield+1","Parasite","hexamod:TimeOfNeed+1","hexamod:ExtraCrispy","hexamod:EtherealExpedition+1","hexamod:InspiringFlames+1"],"relics":["hexamod:SpiritBrand","Toxic Egg 2","Chemical X","Vajra","Akabeko","InkBottle"],"acts_visited":["Exordium"],"potions_floor_usage":[12,14,15,16],"damage_taken":[{"damage":5,"enemies":"downfall:FleeingMerchant","floor":4,"turns":4},{"damage":15,"enemies":"downfall:FleeingMerchant","floor":6,"turns":4},{"damage":11,"enemies":"Jaw Worm","floor":9,"turns":4},{"damage":55,"enemies":"Gremlin Nob","floor":12,"turns":6},{"damage":1,"enemies":"2 Louse","floor":13,"turns":4},{"damage":1,"enemies":"Cultist","floor":14,"turns":4},{"damage":14,"enemies":"Blue Slaver","floor":15,"turns":4},{"damage":7,"enemies":"SI_SHIV_ARCHETYPE","floor":16,"turns":1}],"seed_played":"7820718539158469641","potions_obtained":[{"floor":9,"key":"Ancient Potion"},{"floor":13,"key":"Weak Potion"},{"floor":14,"key":"Ancient Potion"},{"floor":15,"key":"Slimebound:ThreeZeroPotion"}],"is_trial":false,"path_per_floor":["R","?","?","$","?","$","T","R","M","?","R","E","M","M","M","B"],"character_chosen":"THE_SPIRIT","items_purchased":["Toxic Egg 2","Chemical X","Vajra","hexamod:GhostOfSpireFuture"],"campfire_rested":1,"item_purchase_floors":[4,4,4,4],"current_hp_per_floor":[77,77,77,72,60,45,45,68,57,76,76,21,20,19,5,0,0,0],"gold":90,"neow_bonus":"TEN_PERCENT_HP_BONUS","is_daily":false,"chose_seed":false,"campfire_upgraded":1,"win_rate":0.0,"timestamp":1611514086,"path_taken":["R","?","?","$","?","?","T","R","?","?","R","E","M","M","M","BOSS"],"items_purchased_type":["Relic","Relic","Relic","Card"],"build_version":"2020-12-22","purchased_purges":1,"victory":false,"max_hp_per_floor":[77,77,77,77,77,77,77,77,77,77,77,77,77,77,77,77,77,77],"card_choices":[{"not_picked":["hexamod:RainOfEmbers","hexamod:HauntingEcho"],"picked":"hexamod:GhostOfSpirePresent","floor":4},{"not_picked":["hexamod:ThirdSeal","hexamod:PhantomFireball"],"picked":"hexamod:Rewind+1","floor":6},{"not_picked":["hexamod:HeatMetal","hexamod:GhostflameBarrier+1"],"picked":"hexamod:HeatShield+1","floor":9},{"not_picked":["hexamod:RecurringNightmare+1","hexamod:NecessarySacrifice+1"],"picked":"hexamod:TimeOfNeed+1","floor":12},{"not_picked":["hexamod:AdvancingGuard+1","hexamod:Hexaguard+1"],"picked":"hexamod:ExtraCrispy","floor":13},{"not_picked":["hexamod:BurningTouch+1","hexamod:ThermalTransfer"],"picked":"hexamod:EtherealExpedition+1","floor":14},{"not_picked":["hexamod:SwordOfDarkness","hexamod:GhostLash"],"picked":"hexamod:InspiringFlames+1","floor":15}],"player_experience":1371694,"relics_obtained":[{"floor":12,"key":"InkBottle"}],"event_choices":[{"damage_healed":0,"gold_gain":0,"player_choice":"Success","damage_taken":12,"relics_obtained":["Akabeko"],"max_hp_gain":0,"max_hp_loss":0,"event_name":"Scrap Ooze","floor":5,"gold_loss":0},{"damage_healed":19,"gold_gain":0,"player_choice":"Healed and dodged fight","damage_taken":0,"max_hp_gain":0,"max_hp_loss":0,"event_name":"Mushrooms","floor":10,"gold_loss":0,"cards_obtained":["Parasite"]}],"is_beta":false,"boss_relics":[],"items_purged_floors":[4],"is_endless":false,"potions_floor_spawned":[9,13,14,15],"killed_by":"SI_SHIV_ARCHETYPE","ascension_level":0}}