{"host":"h1qktzcccqnez8tx","time":1611511879,"event":{"mods":["BaseMod","Block Reminder","Colored Map","Colored Powertips","Curses Come First","Highlight Path","Infinite Spire","Minty Spire (QoL Compilation)","Permanent Neow","Quick Restart","Replay The Spire","StSLib","The Jungle"],"gold_per_floor":[119,62,76,90,104,129,148,163,234,260,260,295,313,313,313,389,389,406,420,437,453,453,453,464,464,514,529,529,529],"floor_reached":28,"language":"ENG","playtime":1645,"items_purged":[],"score":592,"play_id":"03751e6c-31bc-45ca-99ea-6a193df0dfd8","local_time":"20210124191119","daily_mods":["Draft","Red Cards","Blue Cards"],"is_ascension_mode":true,"campfire_choices":[{"data":"ReplayTheSpireMod:Muscle Training","floor":11,"key":"SMITH"},{"floor":15,"key":"REST"},{"floor":23,"key":"REST"},{"data":"Berserk","floor":25,"key":"SMITH"}],"circlet_count":0,"master_deck":["AscendersBane","ReplayTheSpireMod:Stacked","Hologram","Cleave","Shockwave","Wild Strike","Headbutt+1","ReplayTheSpireMod:Muscle Training+1","Metallicize","Gash","Chill","Steam","Pommel Strike+1","Warcry","Defragment","Auto Shields","Steam","Battle Trance","Coolheaded","Leap","Cleave","Sword Boomerang","Burning Pact","Defragment","Headbutt","Berserk+1","Wild Strike+1","Headbutt+1","Flame Barrier"],"relics":["Akabeko","Matryoshka","Pocketwatch","Pen Nib","Iron Core","Inserter","Whetstone","Oddly Smooth Stone"],"acts_visited":["Exordium","theJungle:Jungle"],"potions_floor_usage":[12,16,20,27,28,28],"damage_taken":[{"damage":6,"enemies":"2 Louse","floor":1,"turns":3},{"damage":2,"enemies":"Cultist","floor":3,"turns":3},{"damage":1,"enemies":"Jaw Worm","floor":4,"turns":5},{"damage":8,"enemies":"Looter","floor":5,"turns":3},{"damage":10,"enemies":"Gremlin Nob","floor":6,"turns":4},{"damage":1,"enemies":"Red Slaver","floor":7,"turns":4},{"damage":0,"enemies":"3 Louse","floor":8,"turns":3},{"damage":2,"enemies":"Lagavulin","floor":10,"turns":7},{"damage":0,"enemies":"Gremlin Nob","floor":12,"turns":3},{"damage":0,"enemies":"Exordium Wildlife","floor":13,"turns":2},{"damage":5,"enemies":"The Guardian","floor":16,"turns":9},{"damage":18,"enemies":"theJungle:5_Spyders","floor":18,"turns":10},{"damage":18,"enemies":"theJungle:MUSHROOMGANG","floor":19,"turns":4},{"damage":0,"enemies":"Snake Plant","floor":20,"turns":2},{"damage":26,"enemies":"theJungle:2_Snecko_Cultists","floor":21,"turns":5},{"damage":5,"enemies":"theJungle:Snecko_Cultist_And_Trap","floor":24,"turns":6},{"damage":19,"enemies":"theJungle:Lyon","floor":27,"turns":5},{"damage":2,"enemies":"theJungle:JungleHuntersEncounter","floor":28,"turns":2}],"seed_played":"1030327166242674016","potions_obtained":[{"floor":1,"key":"Fire Potion"},{"floor":5,"key":"Block Potion"},{"floor":16,"key":"Fire Potion"},{"floor":18,"key":"EssenceOfSteel"},{"floor":20,"key":"SteroidPotion"},{"floor":27,"key":"SteroidPotion"}],"is_trial":true,"path_per_floor":["M","$","M","M","M","E","M","M","T","E","R","E","M","?","R","B",null,"M","M","M","M","?","R","M","R","T","M","M"],"character_chosen":"DEFECT","items_purchased":["Dexterity Potion"],"campfire_rested":2,"item_purchase_floors":[2],"current_hp_per_floor":[58,58,56,55,47,37,36,36,36,34,34,34,34,34,55,50,66,48,30,30,4,4,25,20,20,20,1,0,0],"gold":529,"neow_bonus":"","is_daily":false,"chose_seed":false,"campfire_upgraded":2,"win_rate":0.0,"timestamp":1611511879,"path_taken":["M","$","M","M","M","E","M","M","T","E","R","E","M","?","R","BOSS","M","M","M","M","?","R","M","R","T","M","?"],"items_purchased_type":["Potion"],"build_version":"2020-12-22","purchased_purges":0,"victory":false,"max_hp_per_floor":[71,71,71,71,71,71,71,71,71,71,71,71,71,71,71,71,71,71,71,71,71,71,71,71,71,71,71,71,71],"card_choices":[{"not_picked":["Compile Driver","ReplayTheSpireMod:Reroute Power"],"picked":"ReplayTheSpireMod:Stacked","floor":0},{"not_picked":["Sever Soul","Seeing Red"],"picked":"Hologram","floor":0},{"not_picked":["Lockon","Coolheaded"],"picked":"Cleave","floor":0},{"not_picked":["Doom and Gloom","Stack"],"picked":"Shockwave","floor":0},{"not_picked":["Go for the Eyes","Pummel"],"picked":"Wild Strike","floor":0},{"not_picked":["Compile Driver","Undo"],"picked":"Headbutt","floor":0},{"not_picked":["Compile Driver","Life Link"],"picked":"ReplayTheSpireMod:Muscle Training","floor":0},{"not_picked":["Burning Pact","Turbo"],"picked":"Metallicize","floor":0},{"not_picked":["Massacre","Rampage"],"picked":"Gash","floor":0},{"not_picked":["ReplayTheSpireMod:LeadingStrike","ReplayTheSpireMod:Reroute Power"],"picked":"Chill","floor":0},{"not_picked":["Heavy Blade","Clothesline"],"picked":"Steam","floor":0},{"not_picked":["Cleave","ReplayTheSpireMod:System Scan"],"picked":"Pommel Strike","floor":0},{"not_picked":["Blood for Blood","Hologram"],"picked":"Warcry","floor":0},{"not_picked":["Replay:Undeath\u0027s Touch","Go for the Eyes"],"picked":"Clothesline","floor":0},{"not_picked":["Barrage","BasicCrystalCard"],"picked":"Defragment","floor":0},{"not_picked":["Coolheaded","Sunder"],"picked":"Auto Shields","floor":1},{"not_picked":["Rupture","Shrug It Off"],"picked":"Steam","floor":3},{"not_picked":["Clothesline","ReplayTheSpireMod:Limb From Limb"],"picked":"Battle Trance","floor":4},{"not_picked":["Clash","Heavy Blade"],"picked":"Coolheaded","floor":5},{"not_picked":["Ball Lightning","Fusion"],"picked":"Leap","floor":6},{"not_picked":["Run Through","Multi-Cast"],"picked":"Cleave","floor":7},{"not_picked":["Aggregate","Cold Snap"],"picked":"Sword Boomerang","floor":8},{"not_picked":["Pummel","Conserve Battery"],"picked":"Burning Pact","floor":10},{"not_picked":["Twin Strike","Leap"],"picked":"Defragment","floor":12},{"not_picked":["Body Slam","Heavy Blade"],"picked":"Headbutt","floor":13},{"not_picked":["Biased Cognition","Machine Learning"],"picked":"Berserk","floor":16},{"not_picked":["Body Slam","Beam Cell"],"picked":"Wild Strike+1","floor":18},{"not_picked":["Body Slam","Time Bomb","Twin Strike"],"picked":"SKIP","floor":19},{"not_picked":["ReplayTheSpireMod:Strike From Hell","Run Through","Defy Death"],"picked":"SKIP","floor":20},{"not_picked":["Body Slam","ReplayTheSpireMod:Strike From Hell","Warcry"],"picked":"SKIP","floor":21},{"not_picked":["Life Link","Rainbow"],"picked":"Headbutt+1","floor":24},{"not_picked":["Headbutt","Lockon+1"],"picked":"Flame Barrier","floor":27}],"player_experience":139369,"relics_obtained":[{"floor":6,"key":"Akabeko"},{"floor":9,"key":"Matryoshka"},{"floor":10,"key":"Pocketwatch"},{"floor":12,"key":"Pen Nib"},{"floor":26,"key":"Whetstone"},{"floor":26,"key":"Oddly Smooth Stone"}],"event_choices":[{"cards_removed":["Clothesline"],"damage_healed":0,"gold_gain":0,"player_choice":"Purged","damage_taken":0,"max_hp_gain":0,"max_hp_loss":0,"event_name":"Purifier","floor":22,"gold_loss":0}],"is_beta":false,"boss_relics":[{"not_picked":["Empty Cage","infinitespire:Cupcake"],"picked":"Inserter"}],"items_purged_floors":[],"is_endless":false,"potions_floor_spawned":[1,5,6,7,16,18,20,27],"killed_by":"theJungle:JungleHuntersEncounter","ascension_level":20}}