{"host":"zqowyf7xxb4s9ib0","time":1611526588,"event":{"mods":["BaseMod","Better Note","Colored Map","Colored Powertips","Downfall","Highlight Path","Minty Spire (QoL Compilation)","Permanent Neow","Quick Restart","StSLib"],"gold_per_floor":[99,113,126,144,40,40,40,40,56,41,52,69,69,69,86,182,182,82,101,120,120,131,131,131,143,157,177,177,195,195,195,195,195],"floor_reached":31,"language":"ENG","playtime":1998,"items_purged":[],"score":233,"play_id":"aca440fc-acfc-45fb-96b3-56035c4567ce","local_time":"20210124141628","is_ascension_mode":false,"campfire_choices":[{"data":"champ:Taunt","floor":1.0,"key":"SMITH"},{"data":"expansioncontent:Chronoboost","floor":8,"key":"SMITH"},{"floor":13,"key":"RECALL"},{"data":"champ:TornadoPunch","floor":18,"key":"SMITH"},{"data":"champ:FalseCounter","floor":23,"key":"SMITH"},{"data":"champ:Duel","floor":30,"key":"SMITH"}],"circlet_count":0,"master_deck":["champ:Strike","champ:Strike","champ:Strike","champ:Strike","champ:Defend","champ:Defend","champ:Defend","champ:Defend","champ:Execute","champ:Taunt+1","Clumsy","champ:Improvising","champ:TornadoPunch+1","champ:FlashCut","champ:Haymaker","champ:DefensiveShout","expansioncontent:Chronoboost+1","champ:StanceDance","champ:FocusedDefense","champ:TripleStrike","champ:PreciseThrust","champ:BerserkersShout","champ:Lariat","champ:FalseCounter+1","champ:Circumvent","champ:Duel+1","Necronomicurse","champ:BerserkersShout"],"relics":["champ:ChampionCrown","MealTicket","champ:LiftRelic","Sozu","downfall:HeartBlessingRed","Bottled Lightning","Necronomicon"],"acts_visited":["Exordium","TheCity"],"potions_floor_usage":[10],"damage_taken":[{"damage":10.0,"enemies":"Small Slimes","floor":2.0,"turns":5.0},{"damage":1,"enemies":"Cultist","floor":3,"turns":4},{"damage":1,"enemies":"Jaw Worm","floor":4,"turns":4},{"damage":0,"enemies":"downfall:FleeingMerchant","floor":5,"turns":4},{"damage":3,"enemies":"3 Louse","floor":9,"turns":3},{"damage":10,"enemies":"downfall:FleeingMerchant","floor":10,"turns":4},{"damage":11,"enemies":"Lots of Slimes","floor":11,"turns":3},{"damage":0,"enemies":"Red Slaver","floor":12,"turns":2},{"damage":5,"enemies":"Large Slime","floor":15,"turns":5},{"damage":45,"enemies":"SI_SHIV_ARCHETYPE","floor":16,"turns":10},{"damage":14,"enemies":"Shell Parasite","floor":19,"turns":2},{"damage":25,"enemies":"Chosen","floor":20,"turns":4},{"damage":18,"enemies":"Sentry and Sphere","floor":22,"turns":4},{"damage":5,"enemies":"Snecko","floor":25,"turns":4},{"damage":16,"enemies":"3 Cultists","floor":26,"turns":4},{"damage":14,"enemies":"Snake Plant","floor":27,"turns":4},{"damage":0,"enemies":"Sentry and Sphere","floor":29,"turns":3},{"damage":46,"enemies":"3 Cultists","floor":31,"turns":3}],"seed_played":"-5105342283139896226","potions_obtained":[{"floor":2,"key":"FearPotion"},{"floor":3,"key":"sneckomod:MuddlingPotion"},{"floor":6,"key":"downfall:CursedFountainPotion"},{"floor":12,"key":"Swift Potion"},{"floor":15,"key":"LiquidMemories"}],"is_trial":false,"path_per_floor":["R","M","M","M","$","?","T","R","M","$","M","M","R","?","M","B",null,"R","M","M","?","M","R","T","M","M","M","?","M","R","M"],"character_chosen":"THE_CHAMP","items_purchased":["expansioncontent:Chronoboost"],"campfire_rested":0,"item_purchase_floors":[5],"current_hp_per_floor":[90,90,89,88,88,88,88,88,85,90,79,79,79,79,74,29,90,90,76,66,66,63,63,63,58,42,38,22,22,22,0,0,0],"gold":195,"neow_bonus":"THREE_RARE_CARDS","is_daily":false,"chose_seed":false,"campfire_upgraded":5,"win_rate":0.0,"timestamp":1611526588,"path_taken":["R","M","M","M","$","?","T","R","M","$","M","?","R","?","M","BOSS","R","M","M","?","M","R","T","M","?","M","?","M","R","M"],"items_purchased_type":["Card"],"build_version":"2020-12-22","purchased_purges":0,"victory":false,"max_hp_per_floor":[90,90,90,90,90,90,90,90,90,90,90,90,90,90,90,90,90,90,90,90,90,90,90,90,90,90,90,90,90,90,90,90,90],"card_choices":[{"not_picked":["champ:SteelEdge","champ:DancingMaster"],"picked":"champ:Improvising","floor":0.0},{"not_picked":["champ:Parry","champ:FlashCut"],"picked":"champ:TornadoPunch","floor":2},{"not_picked":["champ:PerfectedStrike","champ:AdrenalArmor"],"picked":"champ:FlashCut","floor":3},{"not_picked":["champ:TornadoPunch","champ:FanOfKnives"],"picked":"champ:Haymaker","floor":4},{"not_picked":["champ:HeartStrike","champ:GutPunch"],"picked":"champ:DefensiveShout","floor":5},{"not_picked":["champ:RisingSlash","champ:FanOfKnives"],"picked":"champ:StanceDance","floor":9},{"not_picked":["champ:RecklessLeap","champ:StanceDance"],"picked":"champ:FocusedDefense","floor":10},{"not_picked":["champ:FocusedBerserking","champ:EnGarde"],"picked":"champ:TripleStrike","floor":11},{"not_picked":["champ:GutPunch","champ:Shatter"],"picked":"champ:PreciseThrust","floor":12},{"not_picked":["champ:ArenaPreparation","champ:FocusedBerserking"],"picked":"champ:BerserkersShout","floor":15},{"not_picked":["champ:RecklessLeap","champ:AdrenalArmor"],"picked":"champ:Lariat","floor":19},{"not_picked":["champ:TornadoPunch","champ:Haymaker+1","champ:BladeFlurry"],"picked":"SKIP","floor":20},{"not_picked":["champ:TornadoPunch+1","champ:GladiatorStyle"],"picked":"champ:FalseCounter","floor":22},{"not_picked":["champ:Haymaker","champ:RisingSlash"],"picked":"champ:Circumvent","floor":25},{"not_picked":["champ:PerfectedStrike","champ:AdrenalArmor"],"picked":"champ:Duel","floor":26},{"not_picked":["champ:PerfectedStrike","champ:FlashCut+1","champ:GladiatorForm"],"picked":"SKIP","floor":27},{"not_picked":["champ:Shatter","champ:BladeFlurry"],"picked":"champ:BerserkersShout","floor":29}],"player_experience":492005,"relics_obtained":[{"floor":7,"key":"MealTicket"},{"floor":24,"key":"Bottled Lightning"},{"floor":28,"key":"Necronomicon"}],"event_choices":[{"cards_removed":["expansioncontent:Chronoboost"],"damage_healed":0,"gold_gain":0,"player_choice":"Give","damage_taken":0,"max_hp_gain":0,"max_hp_loss":0,"event_name":"betterNote:BetterNote","floor":21,"gold_loss":0,"cards_obtained":["Guardian:PrismaticBarrier"]}],"is_beta":false,"boss_relics":[{"not_picked":["Fusion Hammer","bronze:MakeshiftBattery"],"picked":"Sozu"}],"items_purged_floors":[],"is_endless":false,"potions_floor_spawned":[2,3,12,15,19,27,29],"killed_by":"3 Cultists","ascension_level":0}}