{"host":"15dd7v8o90xso62x","time":1611491550,"event":{"mods":["BaseMod","Minty Spire (QoL Compilation)","Quick Restart","StSLib","SuperFastMode"],"gold_per_floor":[115,115,115,27,27,27,60,60,108,183,50,91,107,130,130,229,229,242,267,288,112,132,132,153,65,65,65,78,78,78,101,101,194,194,219,94,110,110,468,468,507,507,507,538,538,561,153,166,166,166,166],"floor_reached":50,"language":"KOR","playtime":1360,"items_purged":["Strike_G","Strike_G","Strike_G","Defend_G"],"score":1291,"play_id":"738838e7-b9ac-44ac-8dee-5461cb2d8462","local_time":"20210124213230","is_ascension_mode":true,"campfire_choices":[{"data":"Dagger Spray","floor":6.0,"key":"SMITH"},{"data":"Venomology","floor":8.0,"key":"SMITH"},{"data":"Blade Dance","floor":15.0,"key":"SMITH"},{"data":"Phantasmal Killer","floor":23.0,"key":"SMITH"},{"data":"Cloak And Dagger","floor":27.0,"key":"SMITH"},{"data":"Cloak And Dagger","floor":30.0,"key":"SMITH"},{"floor":32.0,"key":"REST"},{"data":"Neutralize","floor":40.0,"key":"SMITH"},{"data":"Footwork","floor":42.0,"key":"SMITH"},{"data":"Terror","floor":45.0,"key":"SMITH"},{"floor":49,"key":"REST"}],"circlet_count":0,"master_deck":["AscendersBane","Strike_G","Strike_G","Defend_G","Defend_G","Defend_G","Survivor","Neutralize+1","Dagger Spray+1","Venomology+1","Blade Dance+1","Cloak And Dagger+1","Accuracy","Cloak And Dagger+1","Escape Plan","Phantasmal Killer+1","Blade Dance+1","Footwork+1","Terror+1","Deflect","Accuracy","Calculated Gamble+1","Finisher+1","Blur","Master of Strategy","Bullet Time","Accuracy"],"relics":["Ring of the Snake","NeowsBlessing","Golden Idol","Question Card","Anchor","Snake Skull","WristBlade","CaptainsWheel","Philosopher\u0027s Stone","Old Coin","Pantograph","Prayer Wheel","Nunchaku"],"acts_visited":["Exordium","TheCity","TheBeyond"],"potions_floor_usage":[50,50],"damage_taken":[{"damage":0.0,"enemies":"2 Louse","floor":1.0,"turns":1.0},{"damage":0.0,"enemies":"3 Sentries","floor":7.0,"turns":1.0},{"damage":0.0,"enemies":"Lagavulin","floor":12.0,"turns":1.0},{"damage":0.0,"enemies":"Jaw Worm","floor":13.0,"turns":2.0},{"damage":0.0,"enemies":"Small Slimes","floor":14.0,"turns":2.0},{"damage":30.0,"enemies":"Slime Boss","floor":16.0,"turns":9.0},{"damage":0.0,"enemies":"Spheric Guardian","floor":18.0,"turns":3.0},{"damage":0.0,"enemies":"Chosen","floor":19.0,"turns":1.0},{"damage":29.0,"enemies":"Snecko","floor":20.0,"turns":4.0},{"damage":0.0,"enemies":"Centurion and Healer","floor":22.0,"turns":4.0},{"damage":3.0,"enemies":"Snake Plant","floor":24.0,"turns":3.0},{"damage":0.0,"enemies":"Sentry and Sphere","floor":28.0,"turns":1.0},{"damage":11.0,"enemies":"Shelled Parasite and Fungi","floor":31.0,"turns":4.0},{"damage":0.0,"enemies":"Automaton","floor":33.0,"turns":6.0},{"damage":0.0,"enemies":"3 Darklings","floor":35.0,"turns":3.0},{"damage":2.0,"enemies":"3 Shapes","floor":37.0,"turns":2.0},{"damage":17.0,"enemies":"2 Orb Walkers","floor":39.0,"turns":3.0},{"damage":14.0,"enemies":"Nemesis","floor":41.0,"turns":5.0},{"damage":0.0,"enemies":"Giant Head","floor":44.0,"turns":4.0},{"damage":22.0,"enemies":"Writhing Mass","floor":46.0,"turns":5.0},{"damage":0,"enemies":"Sphere and 2 Shapes","floor":48,"turns":4},{"damage":55,"enemies":"Awakened One","floor":50,"turns":9}],"seed_played":"-5740898794474868191","potions_obtained":[{"floor":7.0,"key":"FairyPotion"},{"floor":14.0,"key":"FearPotion"},{"floor":16.0,"key":"FearPotion"},{"floor":19.0,"key":"EssenceOfSteel"},{"floor":24.0,"key":"Fire Potion"},{"floor":39.0,"key":"BlessingOfTheForge"}],"is_trial":false,"path_per_floor":["M","?","?","$","?","R","E","R","T","?","$","E","M","M","R","B",null,"M","M","M","$","M","R","M","$","T","R","M","$","R","M","R","B",null,"M","$","M","?","?","R","E","R","T","E","R","M","$","M","R","B"],"character_chosen":"THE_SILENT","items_purchased":["Venomology","Cloak And Dagger","Terror","Accuracy","Master of Strategy","Bullet Time"],"campfire_rested":2,"item_purchase_floors":[4,11,21,25,47,47],"current_hp_per_floor":[59,64,57,57,33,33,33,33,33,22,22,22,22,22,22,21,59,59,59,30,30,30,30,27,27,27,27,27,27,27,16,37,37,63,63,63,61,61,44,44,30,30,30,30,30,8,8,8,29,0,0],"gold":166,"neow_bonus":"THREE_ENEMY_KILL","is_daily":false,"chose_seed":false,"campfire_upgraded":9,"win_rate":0.0,"timestamp":1611491550,"path_taken":["M","?","?","$","?","R","E","R","T","?","$","E","M","?","R","BOSS","M","M","M","$","M","R","M","$","T","R","M","?","R","M","R","BOSS","M","$","M","?","?","R","E","R","T","E","R","M","$","M","R","BOSS"],"items_purchased_type":["Card","Card","Card","Card","Card","Card"],"build_version":"2020-12-22","purchased_purges":4,"victory":false,"max_hp_per_floor":[66,71,71,71,71,71,71,71,71,71,71,71,71,71,71,71,71,71,71,71,71,71,71,71,71,71,71,71,71,71,71,71,71,71,71,71,71,71,71,71,71,71,71,71,71,71,71,71,71,71,71],"card_choices":[{"not_picked":["Dagger Throw","Deflect"],"picked":"Dagger Spray","floor":1.0},{"not_picked":["Slice","Terror"],"picked":"Blade Dance","floor":7.0},{"not_picked":["Flying Knee","Corpse Explosion","Footwork"],"picked":"Accuracy","floor":12.0},{"not_picked":["Outmaneuver","Catalyst","Deadly Poison"],"picked":"Cloak And Dagger","floor":13.0},{"not_picked":["Sucker Punch","Dodge and Roll","Cloak And Dagger"],"picked":"Escape Plan","floor":14.0},{"not_picked":["Tools of the Trade","Glass Knife","Envenom"],"picked":"Phantasmal Killer","floor":16.0},{"not_picked":["Dagger Throw","Quick Slash","Noxious Fumes"],"picked":"Blade Dance+1","floor":18.0},{"not_picked":["Dagger Throw","Blade Dance+1","Catalyst+1"],"picked":"Footwork","floor":19.0},{"not_picked":["Cloak And Dagger","Slice","Poisoned Stab","Blade Dance+1"],"picked":"SKIP","floor":20.0},{"not_picked":["Noxious Fumes+1","Poisoned Stab","Flying Knee","Reflex"],"picked":"SKIP","floor":22.0},{"not_picked":["Predator","Noxious Fumes+1","Bouncing Flask"],"picked":"Deflect","floor":24.0},{"not_picked":["Backstab","Slice","Cloak And Dagger","Expertise"],"picked":"SKIP","floor":28.0},{"not_picked":["Crippling Poison","Deflect","Dodge and Roll","Poisoned Stab"],"picked":"SKIP","floor":31.0},{"not_picked":["Riddle With Holes+1","Flying Knee+1","Poisoned Stab","Deflect"],"picked":"SKIP","floor":35.0},{"not_picked":["Underhanded Strike+1","Poisoned Stab+1","Dagger Spray+1"],"picked":"Calculated Gamble+1","floor":37.0},{"not_picked":["Infinite Blades","Bane+1","PiercingWail"],"picked":"Finisher+1","floor":39.0},{"not_picked":["Deadly Poison+1","Terror","Prepared","Catalyst+1"],"picked":"SKIP","floor":41.0},{"not_picked":["Escape Plan+1","Acrobatics","Eviscerate"],"picked":"Blur","floor":44.0},{"not_picked":["PiercingWail","Envenom","Quick Slash","Flying Knee"],"picked":"SKIP","floor":46.0},{"not_picked":["Outmaneuver+1","Catalyst+1","Riddle With Holes","Leg Sweep"],"picked":"SKIP","floor":46.0},{"not_picked":["Flying Knee+1","Quick Slash+1","Acrobatics"],"picked":"Accuracy","floor":48},{"not_picked":["Dodge and Roll","PiercingWail","Leg Sweep","Choke+1"],"picked":"SKIP","floor":48}],"player_experience":616894,"relics_obtained":[{"floor":7.0,"key":"Question Card"},{"floor":9.0,"key":"Anchor"},{"floor":12.0,"key":"Snake Skull"},{"floor":26.0,"key":"CaptainsWheel"},{"floor":39.0,"key":"Old Coin"},{"floor":41.0,"key":"Pantograph"},{"floor":43.0,"key":"Prayer Wheel"},{"floor":44.0,"key":"Nunchaku"}],"event_choices":[{"damage_healed":0.0,"max_hp_gain":5.0,"max_hp_loss":0.0,"gold_gain":0.0,"event_name":"Big Fish","player_choice":"Donut","floor":2.0,"gold_loss":0.0,"damage_taken":0.0},{"cards_removed":["Defend_G"],"damage_healed":0.0,"max_hp_gain":0.0,"max_hp_loss":0.0,"gold_gain":0.0,"event_name":"Golden Wing","player_choice":"Card Removal","floor":3.0,"gold_loss":0.0,"damage_taken":7.0},{"damage_healed":0.0,"max_hp_gain":0.0,"max_hp_loss":0.0,"gold_gain":0.0,"event_name":"Golden Idol","player_choice":"Take Damage","floor":5.0,"gold_loss":0.0,"damage_taken":24.0,"relics_obtained":["Golden Idol"]},{"damage_healed":0.0,"max_hp_gain":0.0,"max_hp_loss":0.0,"gold_gain":75.0,"event_name":"World of Goop","player_choice":"Gather Gold","floor":10.0,"gold_loss":0.0,"damage_taken":11.0},{"damage_healed":0.0,"max_hp_gain":0.0,"max_hp_loss":0.0,"gold_gain":0.0,"event_name":"Tomb of Lord Red Mask","player_choice":"Ignored","floor":38.0,"gold_loss":0.0,"damage_taken":0.0},{"damage_healed":0.0,"max_hp_gain":0.0,"max_hp_loss":0.0,"gold_gain":0.0,"event_name":"Mysterious Sphere","player_choice":"Fight","floor":39.0,"gold_loss":0.0,"damage_taken":0.0}],"is_beta":false,"boss_relics":[{"not_picked":["Snecko Eye","Busted Crown"],"picked":"WristBlade"},{"not_picked":["Tiny House","Runic Pyramid"],"picked":"Philosopher\u0027s Stone"}],"items_purged_floors":[11,21,36,47],"is_endless":false,"potions_floor_spawned":[7,14,16,19,20,24,39,41,46],"killed_by":"Awakened One","ascension_level":20}}