{"host":"dztixnx9b0gu6w9i","time":1611498001,"event":{"mods":["BaseMod","Bestiary","Minty Spire (QoL Compilation)","Relic Stats","Slay the Relics Exporter","SpireBot","ojb\u0027s Better Paths Mod","ojb\u0027s Info Mod"],"gold_per_floor":[12,12,37,37,61,105,105,105,156,195,208,29,29,73,73,171,171,194,194,37,61,61,61,92,116,143,60,101,101,115,131,131,226,226,249,249,85,98,118,151,165,165,165,200,225,54,387,387,387,387,387,387,387,15,40,40],"floor_reached":57,"language":"ENG","playtime":11802,"items_purged":["Strike_R","Writhe"],"score":2886,"play_id":"e3c2d76e-fcb6-4616-9270-948bfd0046a2","local_time":"20210124092001","is_ascension_mode":true,"campfire_choices":[{"data":"Blood for Blood","floor":7,"key":"SMITH"},{"data":"Armaments","floor":15,"key":"SMITH"},{"data":"Fiend Fire","floor":23,"key":"SMITH"},{"data":"Rupture","floor":29,"key":"SMITH"},{"data":"Body Slam","floor":32,"key":"SMITH"},{"floor":42,"key":"REST"},{"floor":49,"key":"RECALL"},{"floor":53,"key":"REST"}],"circlet_count":0,"master_deck":["AscendersBane","Strike_R+1","Strike_R+1","Strike_R+1","Strike_R+1","Defend_R+1","Defend_R+1","Defend_R+1","Defend_R+1","Bash","Offering","Flame Barrier","Hemokinesis","Cleave","Blood for Blood+1","Battle Trance","Armaments+1","Body Slam+1","Combust","Rupture+1","Offering","Twin Strike","Fiend Fire+1","Anger+1","Shockwave","Shockwave","Dual Wield","Dropkick","Corruption","Bloodletting","Burning Pact","Corruption","Whirlwind+1","Dropkick","Dark Embrace+1","Shrug It Off","Warcry+1"],"relics":["Burning Blood","Orichalcum","Anchor","Lantern","Prayer Wheel","Darkstone Periapt","Runic Pyramid","Blood Vial","Lee\u0027s Waffle","Ice Cream","Happy Flower","Turnip","SacredBark","Orrery","Bag of Marbles","Shuriken","Toy Ornithopter","TheAbacus","Bottled Tornado"],"acts_visited":["Exordium","TheCity","TheBeyond","TheEnding"],"potions_floor_usage":[6,28,40,45,50,51,55,56],"damage_taken":[{"damage":6,"enemies":"Jaw Worm","floor":1,"turns":5},{"damage":0,"enemies":"2 Louse","floor":3,"turns":4},{"damage":3,"enemies":"Cultist","floor":5,"turns":3},{"damage":24,"enemies":"3 Sentries","floor":6,"turns":7},{"damage":8,"enemies":"Gremlin Nob","floor":10,"turns":2},{"damage":10,"enemies":"Lots of Slimes","floor":11,"turns":5},{"damage":18,"enemies":"3 Sentries","floor":14,"turns":6},{"damage":12,"enemies":"Slime Boss","floor":16,"turns":5},{"damage":13,"enemies":"3 Byrds","floor":18,"turns":4},{"damage":12,"enemies":"Spheric Guardian","floor":21,"turns":4},{"damage":16,"enemies":"Gremlin Leader","floor":24,"turns":4},{"damage":14,"enemies":"Snake Plant","floor":25,"turns":2},{"damage":4,"enemies":"Slavers","floor":28,"turns":5},{"damage":2,"enemies":"Snecko","floor":30,"turns":4},{"damage":6,"enemies":"Shelled Parasite and Fungi","floor":31,"turns":2},{"damage":17,"enemies":"Collector","floor":33,"turns":6},{"damage":28,"enemies":"3 Darklings","floor":35,"turns":4},{"damage":4,"enemies":"3 Shapes","floor":38,"turns":5},{"damage":9,"enemies":"Sphere and 2 Shapes","floor":39,"turns":3},{"damage":25,"enemies":"Reptomancer","floor":40,"turns":4},{"damage":12,"enemies":"3 Darklings","floor":41,"turns":5},{"damage":18,"enemies":"Giant Head","floor":44,"turns":5},{"damage":7,"enemies":"Spire Growth","floor":45,"turns":4},{"damage":24,"enemies":"Time Eater","floor":50,"turns":4},{"damage":35,"enemies":"Awakened One","floor":51,"turns":5},{"damage":20,"enemies":"Shield and Spear","floor":55,"turns":3},{"damage":78,"enemies":"The Heart","floor":56,"turns":7}],"seed_played":"4898421291434656796","potions_obtained":[{"floor":1,"key":"SpeedPotion"},{"floor":3,"key":"LiquidBronze"},{"floor":14,"key":"ElixirPotion"},{"floor":21,"key":"AttackPotion"},{"floor":30,"key":"Weak Potion"},{"floor":31,"key":"LiquidMemories"},{"floor":44,"key":"EssenceOfSteel"},{"floor":45,"key":"ElixirPotion"}],"is_trial":false,"path_per_floor":["M","?","M","?","M","E","R","?","T","E","M","$","T","E","R","B",null,"M","?","$","M","?","R","E","M","T","$","E","R","M","M","R","B",null,"M","?","$","M","M","E","M","R","T","E","M","$","?","?","R","B","B",null,"R","$","E","B",null],"character_chosen":"IRONCLAD","items_purchased":["Body Slam","Combust","Lee\u0027s Waffle","Shockwave","Orrery","Toy Ornithopter","TheAbacus","PowerPotion","ColorlessPotion"],"campfire_rested":2,"item_purchase_floors":[12,12,20,27,37,46,54,54,54],"current_hp_per_floor":[68,68,68,68,68,50,50,68,68,66,62,62,62,50,50,44,62,55,61,81,75,75,75,67,61,61,61,65,65,71,73,73,64,77,57,57,57,61,60,43,39,63,63,53,54,54,54,54,54,43,21,66,81,81,72,7],"gold":40,"neow_bonus":"THREE_RARE_CARDS","is_daily":false,"chose_seed":false,"campfire_upgraded":5,"win_rate":0.0,"timestamp":1611498001,"path_taken":["M","?","M","?","M","E","R","?","T","E","?","$","?","E","R","BOSS","M","?","$","M","?","R","E","M","T","?","E","R","?","M","R","BOSS","M","?","?","M","M","E","M","R","T","E","M","$","?","?","R","BOSS","BOSS","R","$","E","BOSS"],"items_purchased_type":["Card","Card","Relic","Card","Relic","Relic","Relic","Potion","Potion"],"build_version":"2020-12-22","purchased_purges":2,"victory":true,"max_hp_per_floor":[75,68,68,68,68,68,68,68,68,68,68,68,68,68,68,68,68,68,74,81,81,81,81,81,81,81,81,81,81,81,81,81,81,81,81,81,81,81,81,81,81,81,81,81,81,81,81,81,81,81,81,81,81,81,81,81],"relic_stats":{"Darkstone Periapt":6,"Lee\u0027s Waffle":20,"Happy Flower":[22],"counters":[27,117],"Orichalcum":[120],"Burning Blood":153,"Blood Vial":32,"TheAbacus":[270],"Shuriken":[35],"Prayer Wheel":10,"Turnip":[12],"obtain_stats":[{"Darkstone Periapt":14,"Ice Cream":24,"Lantern":10,"Lee\u0027s Waffle":20,"Happy Flower":26,"Golden Idol":2,"SacredBark":34,"Orichalcum":6,"Bottled Tornado":55,"Burning Blood":0,"Blood Vial":19,"Anchor":9,"TheAbacus":54,"Shuriken":44,"Orrery":37,"Prayer Wheel":13,"Turnip":28,"Bag of Marbles":40,"Toy Ornithopter":46,"Runic Pyramid":17},{"Darkstone Periapt":7,"Ice Cream":11,"Lantern":5,"Lee\u0027s Waffle":9,"Happy Flower":12,"Golden Idol":1,"SacredBark":16,"Orichalcum":4,"Bottled Tornado":26,"Burning Blood":0,"Blood Vial":9,"Anchor":4,"TheAbacus":25,"Shuriken":22,"Orrery":17,"Prayer Wheel":6,"Turnip":13,"Bag of Marbles":20,"Toy Ornithopter":23,"Runic Pyramid":8},{"Darkstone Periapt":32,"Ice Cream":49,"Lantern":21,"Lee\u0027s Waffle":41,"Happy Flower":51,"Golden Idol":5,"SacredBark":68,"Orichalcum":19,"Bottled Tornado":110,"Burning Blood":0,"Blood Vial":41,"Anchor":19,"TheAbacus":107,"Shuriken":94,"Orrery":72,"Prayer Wheel":26,"Turnip":56,"Bag of Marbles":84,"Toy Ornithopter":98,"Runic Pyramid":37}],"Toy Ornithopter":20},"card_choices":[{"not_picked":["Reaper","Barricade"],"picked":"Offering","floor":0},{"not_picked":["Dual Wield","Havoc"],"picked":"Flame Barrier","floor":1},{"not_picked":["Armaments","Perfected Strike"],"picked":"Hemokinesis","floor":3},{"not_picked":["Warcry","Body Slam"],"picked":"Cleave","floor":5},{"not_picked":["Warcry","Hemokinesis"],"picked":"Blood for Blood","floor":6},{"not_picked":["Spot Weakness","Twin Strike"],"picked":"Battle Trance","floor":10},{"not_picked":["Infernal Blade","Ghostly Armor"],"picked":"Armaments","floor":11},{"not_picked":["Cleave","Ghostly Armor"],"picked":"Rupture","floor":14},{"not_picked":["Berserk","Juggernaut"],"picked":"Offering","floor":16},{"not_picked":["Armaments","True Grit"],"picked":"Twin Strike","floor":18},{"not_picked":["Headbutt","Evolve","Iron Wave"],"picked":"SKIP","floor":18},{"not_picked":["Shrug It Off","Spot Weakness"],"picked":"Fiend Fire","floor":21},{"not_picked":["Armaments","Carnage","Power Through"],"picked":"SKIP","floor":21},{"not_picked":["Headbutt","Pommel Strike"],"picked":"Anger+1","floor":24},{"not_picked":["Dark Embrace","Sever Soul+1","Second Wind"],"picked":"SKIP","floor":25},{"not_picked":["Heavy Blade","Wild Strike","Iron Wave"],"picked":"SKIP","floor":25},{"not_picked":["Twin Strike","Armaments","Double Tap"],"picked":"SKIP","floor":28},{"not_picked":["Twin Strike","Armaments","Double Tap"],"picked":"SKIP","floor":28},{"not_picked":["Twin Strike","Armaments","Double Tap"],"picked":"SKIP","floor":28},{"not_picked":["Sentinel+1","Havoc"],"picked":"Shockwave","floor":30},{"not_picked":["Iron Wave","Cleave","Perfected Strike"],"picked":"SKIP","floor":30},{"not_picked":["Iron Wave","Cleave","Perfected Strike"],"picked":"SKIP","floor":30},{"not_picked":["Pummel","Sentinel"],"picked":"Dual Wield","floor":31},{"not_picked":["Ghostly Armor","Flame Barrier"],"picked":"Dropkick","floor":31},{"not_picked":["Fiend Fire","Bludgeon"],"picked":"Corruption","floor":33},{"not_picked":["Havoc","True Grit"],"picked":"Bloodletting","floor":35},{"not_picked":["Dual Wield","Ghostly Armor","Armaments"],"picked":"SKIP","floor":35},{"not_picked":["Pummel","Sentinel"],"picked":"Burning Pact","floor":37},{"not_picked":["Havoc","Body Slam"],"picked":"Corruption","floor":37},{"not_picked":["Sword Boomerang","Headbutt","Clash"],"picked":"SKIP","floor":38},{"not_picked":["Headbutt","Sword Boomerang","Blood for Blood"],"picked":"SKIP","floor":38},{"not_picked":["Evolve+1","Twin Strike","Double Tap"],"picked":"SKIP","floor":39},{"not_picked":["Havoc","Heavy Blade","Wild Strike"],"picked":"SKIP","floor":39},{"not_picked":["Evolve+1","Twin Strike","Double Tap"],"picked":"SKIP","floor":39},{"not_picked":["Havoc","Heavy Blade","Wild Strike"],"picked":"SKIP","floor":39},{"not_picked":["Body Slam","Rupture"],"picked":"Whirlwind+1","floor":40},{"not_picked":["Immolate","Flex"],"picked":"Dropkick","floor":41},{"not_picked":["Heavy Blade","Blood for Blood","Havoc"],"picked":"SKIP","floor":41},{"not_picked":["Heavy Blade","Blood for Blood","Havoc"],"picked":"SKIP","floor":41},{"not_picked":["True Grit","Armaments"],"picked":"Dark Embrace+1","floor":44},{"not_picked":["Second Wind","True Grit"],"picked":"Shrug It Off","floor":45},{"not_picked":["Heavy Blade+1","Evolve+1"],"picked":"Warcry+1","floor":45},{"not_picked":["Spot Weakness","Wild Strike","Headbutt+1"],"picked":"SKIP","floor":55}],"player_experience":8264672,"relics_obtained":[{"floor":6,"key":"Orichalcum"},{"floor":9,"key":"Anchor"},{"floor":10,"key":"Lantern"},{"floor":13,"key":"Prayer Wheel"},{"floor":14,"key":"Darkstone Periapt"},{"floor":24,"key":"Ice Cream"},{"floor":26,"key":"Happy Flower"},{"floor":28,"key":"Turnip"},{"floor":40,"key":"Bag of Marbles"},{"floor":44,"key":"Shuriken"},{"floor":55,"key":"Bottled Tornado"}],"event_choices":[{"damage_healed":0,"gold_gain":0,"player_choice":"Lose Max HP","damage_taken":0,"relics_obtained":["Golden Idol"],"max_hp_gain":0,"max_hp_loss":7,"event_name":"Golden Idol","floor":2,"gold_loss":0},{"damage_healed":0,"gold_gain":0,"player_choice":"Leave","damage_taken":0,"max_hp_gain":0,"max_hp_loss":0,"event_name":"The Cleric","floor":4,"gold_loss":0},{"damage_healed":18,"gold_gain":0,"player_choice":"Full Heal","damage_taken":0,"max_hp_gain":0,"max_hp_loss":0,"event_name":"Wheel of Change","floor":8,"gold_loss":0},{"damage_healed":0,"gold_gain":0,"player_choice":"Opened","damage_taken":0,"relics_obtained":["Blood Vial"],"max_hp_gain":0,"max_hp_loss":0,"event_name":"The Mausoleum","floor":19,"gold_loss":0,"cards_obtained":["Writhe"]},{"damage_healed":0,"gold_gain":0,"player_choice":"Simplicity","damage_taken":0,"max_hp_gain":0,"max_hp_loss":0,"event_name":"Back to Basics","floor":22,"gold_loss":0,"cards_upgraded":["Strike_R","Strike_R","Strike_R","Strike_R","Defend_R","Defend_R","Defend_R","Defend_R"]},{"damage_healed":0,"gold_gain":0,"player_choice":"0 cards matched","damage_taken":0,"max_hp_gain":0,"max_hp_loss":0,"event_name":"Match and Keep!","floor":36,"gold_loss":0,"cards_obtained":[]},{"damage_healed":0,"gold_gain":333,"player_choice":"Gave Idol","damage_taken":0,"max_hp_gain":0,"max_hp_loss":0,"event_name":"The Moai Head","floor":47,"relics_lost":["Golden Idol"],"gold_loss":0},{"damage_healed":0,"gold_gain":0,"player_choice":"Ignored","damage_taken":0,"max_hp_gain":0,"max_hp_loss":0,"event_name":"Tomb of Lord Red Mask","floor":48,"gold_loss":0}],"is_beta":false,"boss_relics":[{"not_picked":["Coffee Dripper","Velvet Choker"],"picked":"Runic Pyramid"},{"not_picked":["Mark of Pain","Astrolabe"],"picked":"SacredBark"}],"items_purged_floors":[12,54],"is_endless":false,"potions_floor_spawned":[1,3,14,21,30,31,33,39,44,45],"ascension_level":20}}