{"host":"fkig9nrckec4xsh0","time":1611520170,"event":{"mods":["Act Like it!","BaseMod","Colored Map","Gensokyo","Hermit","Marisa????????","Minty Spire (QoL Compilation)","Quick Restart","Replay The Spire","StSLib"],"gold_per_floor":[119,119,133,150,150,175,175,194,194,226,244,194,194,211,211,312,312,331,331,331,33,33,33,68,68,68,126,65,116,132,385,385,490,490,504,504,504,23,40,40,69,69,69,69,101,101,119,134,134,134],"floor_reached":51,"language":"ENG","playtime":2661,"items_purged":["Doubt"],"score":941,"play_id":"2db43320-6e04-45e3-bcc6-ccc2a90bec2c","local_time":"20210124152930","is_ascension_mode":false,"campfire_choices":[{"data":"FairyDestructionRay","floor":7.0,"key":"SMITH"},{"data":"Gensokyo:BlessingOfVigor","floor":13.0,"key":"SMITH"},{"data":"MysteriousBeam","floor":15.0,"key":"SMITH"},{"data":"ManaRampage","floor":23.0,"key":"SMITH"},{"data":"OrrerysSun","floor":25.0,"key":"SMITH"},{"data":"CollectingQuirk","floor":32.0,"key":"SMITH"},{"data":"UltimateShortwave","floor":40,"key":"SMITH"},{"data":"DeepEcoloBomb","floor":42,"key":"SMITH"},{"data":"SprinkleStarSeal","floor":44,"key":"SMITH"},{"data":"BlazeAway","floor":46,"key":"SMITH"},{"floor":49,"key":"REST"}],"circlet_count":0,"master_deck":["Strike_MRS","Strike_MRS","Strike_MRS","Strike_MRS","Defend_MRS","Defend_MRS","Defend_MRS","Defend_MRS","UpSweep","NonDirectionalLaser","FairyDestructionRay+1","GrandCross","MagicAbsorber","GalacticHalo","MysteriousBeam+1","SprinkleStarSeal+1","Gensokyo:BlessingOfVigor+1","WitchLeyline","ManaRampage+1","CurseOfTheBell","WitchOfGreed+1","Gensokyo:BlessingOfVigor+1","OrrerysSun+1","Acceleration+1","BlazeAway+1","BlazeAway","GrandCross","SporeBomb+1","CollectingQuirk+1","Gensokyo:ShootingStar","UltimateShortwave+1","Singularity+1","MysteriousBeam+1","CollectingQuirk+1","NonDirectionalLaser+1","DarkSpark+1","DeepEcoloBomb+1","ReplayTheSpireMod:Splinters","GravityBeat+1","GalacticHalo+1","BlazeAway+1","GasGiant+1","EventHorizon"],"relics":["MiniHakkero","NeowsBlessing","Happy Flower","Counterbalance","Bronze Scales","Replay:Bottled Flurry","Iron Hammer","Calling Bell","Pet Ghost","Question Card","Gambling Chip","Ring of Misfortune","ReplayTheSpireMod:CursedCoin","DollysMirror","Gensokyo:RedStar","ReplayTheSpireMod:Ninjato","Orichalcum","Unceasing Top","Blue Candle","Strawberry","Prayer Wheel","RampagingMagicTools","Gensokyo:EmptyGrave","Golden Egg","Quantum Egg","Sundial","StoneCalendar"],"acts_visited":["Exordium","Gensokyo:Gensokyo","Gensokyo:Gensokyoer"],"potions_floor_usage":[],"damage_taken":[{"damage":0.0,"enemies":"Gensokyo:3_Fairies","floor":1.0,"turns":1.0},{"damage":0.0,"enemies":"Gensokyo:Gryphon","floor":3.0,"turns":1.0},{"damage":0.0,"enemies":"Gensokyo:Python","floor":4.0,"turns":1.0},{"damage":0.0,"enemies":"Gensokyo:Cirno","floor":6.0,"turns":4.0},{"damage":2.0,"enemies":"Gensokyo:Kitsune","floor":8.0,"turns":3.0},{"damage":2.0,"enemies":"Gensokyo:Aya","floor":10.0,"turns":6.0},{"damage":0.0,"enemies":"Gensokyo:2_Rabbits","floor":11.0,"turns":3.0},{"damage":0.0,"enemies":"Gensokyo:3_Kodama","floor":14.0,"turns":1.0},{"damage":5.0,"enemies":"Gensokyo:Reimu","floor":16.0,"turns":7.0},{"damage":0.0,"enemies":"Gensokyo:CosmicMonolith","floor":18.0,"turns":1.0},{"damage":8.0,"enemies":"Gensokyo:3_Dogs","floor":24.0,"turns":5.0},{"damage":0.0,"enemies":"Gensokyo:Reisen","floor":27.0,"turns":4.0},{"damage":2.0,"enemies":"Gensokyo:Koishi","floor":29.0,"turns":6.0},{"damage":0.0,"enemies":"Gensokyo:3_Gloops","floor":30.0,"turns":2.0},{"damage":23.0,"enemies":"Gensokyo:Tenshi","floor":31.0,"turns":3.0},{"damage":0.0,"enemies":"Gensokyo:Eiki","floor":33.0,"turns":2.0},{"damage":0.0,"enemies":"Gensokyo:3_Boulders","floor":35.0,"turns":1.0},{"damage":0,"enemies":"Gensokyo:3_Bats","floor":39,"turns":1},{"damage":37,"enemies":"Gensokyo:Marisa","floor":41,"turns":3},{"damage":15,"enemies":"Gensokyo:Rafflesia","floor":47,"turns":3},{"damage":0,"enemies":"Gensokyo:Sharpion","floor":48,"turns":1},{"damage":3,"enemies":"Gensokyo:Scarlet_Devils","floor":50,"turns":4}],"seed_played":"-6883654065701698025","potions_obtained":[{"floor":3.0,"key":"PowerPotion"},{"floor":4.0,"key":"Ancient Potion"},{"floor":11.0,"key":"EssenceOfSteel"},{"floor":14.0,"key":"Explosive Potion"},{"floor":24.0,"key":"Explosive Potion"},{"floor":29.0,"key":"SpeedPotion"},{"floor":31.0,"key":"Toxic Potion"},{"floor":31.0,"key":"EssenceOfSteel"},{"floor":39,"key":"FairyPotion"},{"floor":48,"key":"Death Potion"}],"is_trial":false,"path_per_floor":["M","?","M","M","T","E","R","M","T","E","M","?","R","M","R","B",null,"M","?","$","COS","?","R","M","R","T","E","$","E","M","E","R","B",null,"M","?","?","$","M","R","E","R","T","R","?","R","M","M","R","B",null],"character_chosen":"MARISA","items_purchased":["BlazeAway","Golden Egg","CollectingQuirk"],"campfire_rested":1,"item_purchase_floors":[28,38,38],"current_hp_per_floor":[75,75,75,75,75,75,75,73,73,71,71,71,71,71,71,66,75,75,75,75,75,75,75,67,67,67,67,67,65,65,49,49,82,82,82,76,76,76,76,76,39,39,39,39,39,39,24,24,46,43],"gold":134,"neow_bonus":"THREE_ENEMY_KILL","is_daily":false,"chose_seed":false,"campfire_upgraded":10,"win_rate":0.0,"timestamp":1611520170,"path_taken":["M","?","?","M","?","E","R","M","T","E","M","?","R","M","R","BOSS","M","?","?","COS","?","R","M","R","T","E","$","E","M","E","R","BOSS","M","?","?","$","M","R","E","R","T","R","?","R","M","?","R","BOSS"],"items_purchased_type":["Card","Relic","Card"],"build_version":"2020-12-22","purchased_purges":1,"victory":true,"max_hp_per_floor":[75,75,75,75,75,75,75,75,75,75,75,75,75,75,75,75,75,75,75,75,75,75,75,75,75,75,75,75,75,75,82,82,82,82,82,76,76,76,76,76,76,76,76,76,76,76,76,76,76,76],"card_choices":[{"not_picked":["MysteriousBeam","DC"],"picked":"NonDirectionalLaser","floor":1.0},{"not_picked":["DarkMatter","GalacticHalo"],"picked":"FairyDestructionRay","floor":3.0},{"not_picked":["MeteoricShower","ManaConvection"],"picked":"GrandCross","floor":4.0},{"not_picked":["ShootingEcho","UnstableBomb"],"picked":"MagicAbsorber","floor":6.0},{"not_picked":["LuminesStrike","ManaConvection"],"picked":"GalacticHalo","floor":8.0},{"not_picked":["OneTimeOff","GalacticHalo"],"picked":"MysteriousBeam","floor":10.0},{"not_picked":["UnstableBomb","OrrerysSun"],"picked":"SprinkleStarSeal","floor":11.0},{"not_picked":["DoubleSpark","GrandCross"],"picked":"WitchLeyline","floor":14.0},{"not_picked":["JA","SuperNova"],"picked":"ManaRampage","floor":16.0},{"not_picked":["Occultation","WitchLeyline","PowerUp"],"picked":"WitchOfGreed+1","floor":18.0},{"not_picked":["ChargingUp","GasGiant","LuminesStrike"],"picked":"OrrerysSun","floor":24.0},{"not_picked":["MilkyWay","DarkMatter","DoubleSpark+1"],"picked":"Acceleration+1","floor":27.0},{"not_picked":["WitchOfGreed","RefractionSpark","DoubleSpark+1"],"picked":"GrandCross","floor":29.0},{"not_picked":["DarkMatter","RefractionSpark","WitchOfGreed"],"picked":"SporeBomb+1","floor":30.0},{"not_picked":["DoubleSpark","StarlightTyphoon","FairyDestructionRay+1"],"picked":"CollectingQuirk","floor":31.0},{"not_picked":[],"picked":"Gensokyo:ShootingStar","floor":33.0},{"not_picked":["SuperNova","SatelliteIllusion","FinalSpark"],"picked":"UltimateShortwave","floor":33.0},{"not_picked":["MagicAbsorber+1","OpenUniverse","Acceleration"],"picked":"Singularity+1","floor":35.0},{"not_picked":["UnstableBomb","MeteoricShower","PowerUp"],"picked":"MysteriousBeam+1","floor":35.0},{"not_picked":["6A+1","WitchOfGreed+1","PowerUp+1"],"picked":"NonDirectionalLaser+1","floor":39},{"not_picked":["6A+1","DC+1","MilkyWay"],"picked":"DarkSpark+1","floor":39},{"not_picked":["RefractionSpark","TreasureHunter","ShootingEcho"],"picked":"DeepEcoloBomb","floor":41},{"not_picked":["Orbital+1","AsteroidBelt","DC+1"],"picked":"GravityBeat+1","floor":45},{"not_picked":["6A","Acceleration","MachineGunSpark"],"picked":"GalacticHalo+1","floor":47},{"not_picked":["AsteroidBelt+1","MysteriousBeam+1","MagicAbsorber"],"picked":"BlazeAway+1","floor":47},{"not_picked":["MilkyWay","GalacticHalo+1","NonDirectionalLaser+1"],"picked":"GasGiant+1","floor":48},{"not_picked":["WitchLeyline+1","DC+1","MysteriousBeam+1"],"picked":"EventHorizon","floor":48}],"player_experience":400067,"relics_obtained":[{"floor":5.0,"key":"Counterbalance"},{"floor":6.0,"key":"Bronze Scales"},{"floor":9.0,"key":"Replay:Bottled Flurry"},{"floor":10.0,"key":"Iron Hammer"},{"floor":17.0,"key":"Pet Ghost"},{"floor":17.0,"key":"Question Card"},{"floor":17.0,"key":"Gambling Chip"},{"floor":19.0,"key":"Ring of Misfortune"},{"floor":26.0,"key":"ReplayTheSpireMod:Ninjato"},{"floor":27.0,"key":"Unceasing Top"},{"floor":29.0,"key":"Blue Candle"},{"floor":31.0,"key":"Strawberry"},{"floor":41,"key":"Quantum Egg"},{"floor":43,"key":"Sundial"},{"floor":45,"key":"StoneCalendar"}],"event_choices":[],"is_beta":false,"boss_relics":[{"not_picked":["Cursed Key","Sozu"],"picked":"Calling Bell"},{"not_picked":["Velvet Choker","Ring of Chaos"],"picked":"RampagingMagicTools"}],"items_purged_floors":[38],"is_endless":false,"potions_floor_spawned":[3,4,11,14,24,29,31,39,48],"ascension_level":0}}