{"host":"7gewg82ormp6yt4e","time":1611476073,"event":{"mods":["BaseMod","Block Reminder","Colored Map","DeckTracker","Highlight Path","Minty Spire (QoL Compilation)","Relic Stats","StSLib","ojb\u0027s Info Mod"],"gold_per_floor":[113,131,147,36,36,36,36,66,66,96,111,144,144,144,144,215,215,235,510,527,577,2,34,51,51,51,51,83,103,120,32,32,109,109,123,137,57,57,72,72,85,85,85,112,112,112,146,159,159,159,159],"floor_reached":50,"language":"JPN","playtime":3748,"items_purged":["Regret","Pain"],"score":1191,"play_id":"76b43872-93f8-4872-85a2-096e565ee308","local_time":"20210124171433","is_ascension_mode":true,"campfire_choices":[{"data":"Sweeping Beam","floor":6,"key":"SMITH"},{"data":"Loop","floor":13,"key":"SMITH"},{"data":"Coolheaded","floor":15,"key":"SMITH"},{"floor":27,"key":"REST"},{"floor":32,"key":"REST"},{"data":"Defragment","floor":40,"key":"SMITH"},{"floor":42,"key":"RECALL"},{"floor":45,"key":"REST"},{"data":"Seek","floor":49,"key":"SMITH"}],"circlet_count":0,"master_deck":["AscendersBane","Zap","Dualcast","Sweeping Beam+1","Conserve Battery","Beam Cell+1","Coolheaded+1","Coolheaded","Leap","Loop+1","Multi-Cast","Blizzard","Thunder Strike","Machine Learning","Stack","Auto Shields","Defragment+1","Lockon","FTL","Compile Driver","Steam","Electrodynamics","Beam Cell+1","Darkness","Sunder+1","Cold Snap+1","Capacitor","Seek+1","Hologram","Steam+1","Panacea","Loop+1","Barrage+1","Ball Lightning+1","Glacier","Seek"],"relics":["Cracked Core","Symbiotic Virus","Whetstone","StoneCalendar","White Beast Statue","Dead Branch","Pandora\u0027s Box","Membership Card","Meat on the Bone","Bottled Tornado","Molten Egg 2","WarpedTongs","Gremlin Horn","InkBottle","Runic Dome","Incense Burner","Art of War"],"acts_visited":["Exordium","TheCity","TheBeyond"],"potions_floor_usage":[8,8,16,23,28,28,33,39,41,44,47,47,50],"damage_taken":[{"damage":0,"enemies":"Small Slimes","floor":1,"turns":3},{"damage":2,"enemies":"Jaw Worm","floor":2,"turns":3},{"damage":3,"enemies":"2 Louse","floor":3,"turns":2},{"damage":2,"enemies":"Gremlin Nob","floor":8,"turns":3},{"damage":14,"enemies":"3 Sentries","floor":10,"turns":7},{"damage":7,"enemies":"Red Slaver","floor":11,"turns":3},{"damage":6,"enemies":"Lagavulin","floor":12,"turns":6},{"damage":15,"enemies":"The Guardian","floor":16,"turns":7},{"damage":3,"enemies":"Spheric Guardian","floor":18,"turns":4},{"damage":15,"enemies":"Shell Parasite","floor":20,"turns":6},{"damage":19,"enemies":"Gremlin Leader","floor":23,"turns":5},{"damage":0,"enemies":"Sentry and Sphere","floor":24,"turns":3},{"damage":6,"enemies":"Slavers","floor":28,"turns":4},{"damage":48,"enemies":"Shelled Parasite and Fungi","floor":29,"turns":6},{"damage":0,"enemies":"Chosen and Byrds","floor":30,"turns":3},{"damage":3,"enemies":"Champ","floor":33,"turns":9},{"damage":17,"enemies":"3 Darklings","floor":35,"turns":2},{"damage":9,"enemies":"3 Shapes","floor":36,"turns":4},{"damage":3,"enemies":"Maw","floor":39,"turns":5},{"damage":2,"enemies":"Transient","floor":41,"turns":6},{"damage":54,"enemies":"Giant Head","floor":44,"turns":7},{"damage":8,"enemies":"Reptomancer","floor":47,"turns":4},{"damage":5,"enemies":"Sphere and 2 Shapes","floor":48,"turns":3},{"damage":59,"enemies":"Awakened One","floor":50,"turns":8}],"seed_played":"-3508625248733100035","potions_obtained":[{"floor":8,"key":"ColorlessPotion"},{"floor":10,"key":"BlessingOfTheForge"},{"floor":16,"key":"SteroidPotion"},{"floor":18,"key":"GamblersBrew"},{"floor":23,"key":"SkillPotion"},{"floor":24,"key":"Explosive Potion"},{"floor":28,"key":"BlessingOfTheForge"},{"floor":29,"key":"PotionOfCapacity"},{"floor":33,"key":"DuplicationPotion"},{"floor":35,"key":"Regen Potion"},{"floor":39,"key":"SpeedPotion"},{"floor":41,"key":"SteroidPotion"},{"floor":44,"key":"Strength Potion"},{"floor":47,"key":"PotionOfCapacity"},{"floor":48,"key":"SpeedPotion"}],"is_trial":false,"path_per_floor":["M","M","M","$","?","R","T","E","T","E","M","E","R","?","R","B",null,"M","?","M","?","$","E","M","?","T","R","E","M","M","$","R","B",null,"M","M","$","?","M","R","M","R","T","E","R","?","E","M","R","B"],"character_chosen":"DEFECT","items_purchased":["AttackPotion","PowerPotion","Membership Card","Electrodynamics","Meat on the Bone","BlessingOfTheForge","Bottled Tornado","Capacitor","Panacea","Go for the Eyes+1"],"campfire_rested":3,"item_purchase_floors":[4,4,22,22,22,22,22,31,37,37],"current_hp_per_floor":[71,69,66,66,71,71,71,69,69,55,48,42,42,42,42,27,69,66,66,51,51,51,44,44,44,44,68,62,26,38,38,62,59,77,60,51,51,51,60,60,58,58,58,16,40,68,60,55,55,0,0],"gold":159,"neow_bonus":"TEN_PERCENT_HP_BONUS","is_daily":false,"chose_seed":false,"campfire_upgraded":5,"win_rate":0.0,"timestamp":1611476073,"path_taken":["M","M","M","$","?","R","?","E","T","E","M","E","R","?","R","BOSS","M","?","?","?","$","E","M","?","T","R","E","M","M","$","R","BOSS","M","M","?","?","M","R","M","R","T","E","R","?","E","M","R","BOSS"],"items_purchased_type":["Potion","Potion","Relic","Card","Relic","Potion","Relic","Card","Card","Card"],"build_version":"2020-12-22","purchased_purges":2,"victory":false,"max_hp_per_floor":[78,78,78,78,83,83,83,83,83,83,83,83,83,83,83,83,83,83,83,83,83,83,83,83,83,83,83,83,83,83,83,83,83,83,83,83,83,83,83,83,83,83,83,83,83,68,68,68,68,68,68],"relic_stats":{"Gremlin Horn":[18,18],"counters":[24,113],"Dead Branch":[38],"StoneCalendar":[127],"Pandora\u0027s Box":["Blizzard","Thunder Strike","Machine Learning","Stack","Auto Shields","Defragment","Lockon","FTL"],"Art of War":[1],"Whetstone":["Strike_B","Strike_B"],"obtain_stats":[{"Gremlin Horn":26,"Dead Branch":12,"StoneCalendar":9,"Incense Burner":44,"Whetstone":8,"Bottled Tornado":22,"White Beast Statue":10,"WarpedTongs":25,"Runic Dome":34,"Pandora\u0027s Box":17,"Molten Egg 2":23,"Art of War":47,"Membership Card":22,"Cracked Core":0,"Symbiotic Virus":7,"InkBottle":28,"Meat on the Bone":22},{"Gremlin Horn":12,"Dead Branch":7,"StoneCalendar":4,"Incense Burner":21,"Whetstone":4,"Bottled Tornado":10,"White Beast Statue":5,"WarpedTongs":12,"Runic Dome":16,"Pandora\u0027s Box":8,"Molten Egg 2":11,"Art of War":22,"Membership Card":10,"Cracked Core":0,"Symbiotic Virus":3,"InkBottle":13,"Meat on the Bone":10},{"Gremlin Horn":52,"Dead Branch":27,"StoneCalendar":11,"Incense Burner":98,"Whetstone":11,"Bottled Tornado":44,"White Beast Statue":18,"WarpedTongs":52,"Runic Dome":74,"Pandora\u0027s Box":34,"Molten Egg 2":49,"Art of War":102,"Membership Card":44,"Cracked Core":0,"Symbiotic Virus":8,"InkBottle":56,"Meat on the Bone":44}],"InkBottle":[25],"Meat on the Bone":48,"WarpedTongs":[61]},"card_choices":[{"not_picked":["Stack","Steam"],"picked":"Sweeping Beam","floor":1},{"not_picked":["Loop","Hologram"],"picked":"Conserve Battery","floor":2},{"not_picked":["Creative AI","Barrage"],"picked":"Beam Cell","floor":3},{"not_picked":["Static Discharge","Rebound"],"picked":"Coolheaded","floor":8},{"not_picked":["Conserve Battery","Heatsinks"],"picked":"Coolheaded","floor":10},{"not_picked":["Blizzard","Gash"],"picked":"Leap","floor":11},{"not_picked":["Reprogram","Heatsinks"],"picked":"Loop","floor":12},{"not_picked":["Amplify","Machine Learning"],"picked":"Multi-Cast","floor":16},{"not_picked":["Sweeping Beam","Rebound"],"picked":"Compile Driver","floor":18},{"not_picked":["Blizzard","Rebound"],"picked":"Steam","floor":20},{"not_picked":["Rebound+1","Double Energy+1","Storm"],"picked":"SKIP","floor":23},{"not_picked":["Coolheaded","Steam"],"picked":"Beam Cell+1","floor":24},{"not_picked":["Buffer","Streamline+1"],"picked":"Darkness","floor":28},{"not_picked":["Hologram","Scrape+1"],"picked":"Sunder+1","floor":29},{"not_picked":["Reinforced Body","Hello World"],"picked":"Cold Snap+1","floor":30},{"not_picked":["Electrodynamics","Fission"],"picked":"Seek","floor":33},{"not_picked":["Conserve Battery","Cold Snap+1"],"picked":"Hologram","floor":35},{"not_picked":["Rip and Tear+1","Beam Cell+1"],"picked":"Steam+1","floor":36},{"not_picked":["Streamline+1","Gash+1"],"picked":"Loop+1","floor":39},{"not_picked":["Steam","Cold Snap+1"],"picked":"Barrage+1","floor":41},{"not_picked":["Rebound+1","Coolheaded"],"picked":"Ball Lightning+1","floor":44},{"not_picked":["Conserve Battery","Chill"],"picked":"Glacier","floor":47},{"not_picked":["Redo","Conserve Battery"],"picked":"Seek","floor":48}],"player_experience":2670175,"relics_obtained":[{"floor":7,"key":"Symbiotic Virus"},{"floor":8,"key":"Whetstone"},{"floor":9,"key":"StoneCalendar"},{"floor":10,"key":"White Beast Statue"},{"floor":12,"key":"Dead Branch"},{"floor":23,"key":"Molten Egg 2"},{"floor":26,"key":"Gremlin Horn"},{"floor":28,"key":"InkBottle"},{"floor":44,"key":"Incense Burner"},{"floor":47,"key":"Art of War"}],"event_choices":[{"damage_healed":0,"gold_gain":0,"player_choice":"Donut","damage_taken":0,"max_hp_gain":5,"max_hp_loss":0,"event_name":"Big Fish","floor":5,"gold_loss":0},{"damage_healed":0,"gold_gain":0,"player_choice":"Grow","damage_taken":0,"max_hp_gain":0,"max_hp_loss":0,"event_name":"Living Wall","floor":14,"gold_loss":0,"cards_upgraded":["Beam Cell"]},{"damage_healed":0,"gold_gain":275,"player_choice":"Desecrate","damage_taken":0,"max_hp_gain":0,"max_hp_loss":0,"event_name":"Golden Shrine","floor":19,"gold_loss":0,"cards_obtained":["Regret"]},{"damage_healed":0,"gold_gain":50,"player_choice":"Stole From Cult","damage_taken":0,"max_hp_gain":0,"max_hp_loss":0,"event_name":"Nest","floor":21,"gold_loss":0},{"damage_healed":0,"gold_gain":0,"player_choice":"Rummage","damage_taken":0,"relics_obtained":["WarpedTongs"],"max_hp_gain":0,"max_hp_loss":0,"event_name":"Accursed Blacksmith","floor":25,"gold_loss":0,"cards_obtained":["Pain"]},{"cards_removed":["Go for the Eyes"],"damage_healed":0,"gold_gain":0,"player_choice":"Removed Attack","damage_taken":0,"max_hp_gain":0,"max_hp_loss":0,"event_name":"Falling","floor":38,"gold_loss":0},{"damage_healed":68,"gold_gain":0,"player_choice":"Heal","damage_taken":0,"max_hp_gain":0,"max_hp_loss":15,"event_name":"The Moai Head","floor":46,"gold_loss":0}],"is_beta":false,"boss_relics":[{"not_picked":["Nuclear Battery","Ectoplasm"],"picked":"Pandora\u0027s Box"},{"not_picked":["SacredBark","Busted Crown"],"picked":"Runic Dome"}],"items_purged_floors":[22,31],"is_endless":false,"potions_floor_spawned":[8,10,11,12,16,18,20,23,24,28,29,30,33,35,36,39,41,44,47,48],"killed_by":"Awakened One","ascension_level":20}}