{"host":"April","time":1611473914,"event":{"mods":["BaseMod","Minty Spire (QoL Compilation)"],"gold_per_floor":[115,128,148,160,175,205,35,46,70,70,70],"floor_reached":10,"language":"ENG","playtime":907,"items_purged":[],"score":76,"play_id":"d0417d6c-e424-4d1f-9f7d-e06dda519eae","local_time":"20210123233834","is_ascension_mode":true,"campfire_choices":[],"circlet_count":0,"master_deck":["Strike_R","Strike_R","Strike_R","Strike_R","Strike_R","Defend_R","Defend_R","Defend_R","Defend_R","Bash","Feel No Pain","Fire Breathing","Clothesline","Perfected Strike","Demon Form","Dark Embrace","Metamorphosis","Uppercut"],"relics":["Burning Blood","Calipers","Bronze Scales","Strawberry"],"acts_visited":["Exordium"],"potions_floor_usage":[6,6,10],"damage_taken":[{"damage":0,"enemies":"2 Louse","floor":1,"turns":4},{"damage":11,"enemies":"Jaw Worm","floor":2,"turns":5},{"damage":6,"enemies":"Cultist","floor":3,"turns":3},{"damage":9,"enemies":"2 Fungi Beasts","floor":4,"turns":4},{"damage":22,"enemies":"Exordium Thugs","floor":5,"turns":5},{"damage":13,"enemies":"Lagavulin","floor":6,"turns":6},{"damage":35,"enemies":"Gremlin Gang","floor":8,"turns":6},{"damage":27,"enemies":"3 Sentries","floor":10,"turns":2}],"seed_played":"8291536128885118564","potions_obtained":[{"floor":3,"key":"Strength Potion"},{"floor":4,"key":"AttackPotion"},{"floor":5,"key":"Weak Potion"},{"floor":8,"key":"Swift Potion"}],"is_trial":false,"path_per_floor":["M","M","M","M","M","E","$","M","T","E"],"character_chosen":"IRONCLAD","items_purchased":["Metamorphosis"],"campfire_rested":0,"item_purchase_floors":[7],"current_hp_per_floor":[72,67,67,64,48,41,41,12,19,0,0],"gold":70,"neow_bonus":"ONE_RARE_RELIC","is_daily":false,"chose_seed":false,"campfire_upgraded":0,"win_rate":0.0,"timestamp":1611473914,"path_taken":["M","M","M","M","M","E","$","M","T","E"],"items_purchased_type":["Card"],"build_version":"2020-12-18","purchased_purges":0,"victory":false,"max_hp_per_floor":[72,72,72,72,72,72,72,72,79,79,79],"card_choices":[{"not_picked":["Thunderclap","Warcry"],"picked":"Feel No Pain","floor":1},{"not_picked":["Entrench","Intimidate"],"picked":"Fire Breathing","floor":2},{"not_picked":["Clash","Burning Pact"],"picked":"Clothesline","floor":3},{"not_picked":["Twin Strike","True Grit"],"picked":"Perfected Strike","floor":4},{"not_picked":["Cleave","Evolve"],"picked":"Demon Form","floor":5},{"not_picked":["Searing Blow","Iron Wave"],"picked":"Dark Embrace","floor":6},{"not_picked":["Body Slam","Sentinel"],"picked":"Uppercut","floor":8}],"player_experience":2606842,"relics_obtained":[{"floor":6,"key":"Bronze Scales"},{"floor":9,"key":"Strawberry"}],"event_choices":[],"is_beta":true,"boss_relics":[],"items_purged_floors":[],"is_endless":false,"potions_floor_spawned":[3,4,5,8],"killed_by":"3 Sentries","ascension_level":1}}