{"host":"v9oq5ccz01n9mezq","time":1611513274,"event":{"mods":["BaseMod","Colored Map","Minty Spire (QoL Compilation)"],"gold_per_floor":[113,113,78,2,15,49,49,14,69,104,120,120,134,144,144,243,243,259,274,274,274,274],"floor_reached":21,"language":"ENG","playtime":1502,"items_purged":[],"score":217,"play_id":"f2419643-2b65-4aff-b2b5-22c861928326","local_time":"20210124133434","is_ascension_mode":true,"campfire_choices":[{"data":"White Noise","floor":7.0,"key":"SMITH"},{"data":"Loop","floor":12.0,"key":"SMITH"},{"data":"Defragment","floor":15.0,"key":"SMITH"}],"circlet_count":0,"master_deck":["Strike_B","Defend_B","Zap","Dualcast","White Noise+1","Sunder","Gash","Static Discharge","Defragment+1","Cold Snap","Capacitor","Doom and Gloom","Loop+1","Conserve Battery","Core Surge","Fission+1","Blizzard+1","Scrape+1","Zap","Enlightenment"],"relics":["Cracked Core","Kunai","Bag of Marbles","Tiny Chest","Astrolabe"],"acts_visited":["Exordium","TheCity"],"potions_floor_usage":[],"damage_taken":[{"damage":4.0,"enemies":"Small Slimes","floor":1.0,"turns":2.0},{"damage":1.0,"enemies":"Cultist","floor":5.0,"turns":3.0},{"damage":20.0,"enemies":"Lagavulin","floor":6.0,"turns":5.0},{"damage":10.0,"enemies":"3 Sentries","floor":10.0,"turns":7.0},{"damage":5.0,"enemies":"2 Louse","floor":11.0,"turns":2.0},{"damage":8.0,"enemies":"Large Slime","floor":13.0,"turns":5.0},{"damage":3.0,"enemies":"Exordium Thugs","floor":14.0,"turns":3.0},{"damage":1.0,"enemies":"Hexaghost","floor":16.0,"turns":8.0},{"damage":11.0,"enemies":"Shell Parasite","floor":18.0,"turns":3.0},{"damage":19.0,"enemies":"3 Byrds","floor":19.0,"turns":3.0},{"damage":51,"enemies":"Shelled Parasite and Fungi","floor":21,"turns":4}],"seed_played":"-3376077028552773581","potions_obtained":[{"floor":1.0,"key":"AttackPotion"},{"floor":10.0,"key":"DuplicationPotion"},{"floor":11.0,"key":"Strength Potion"},{"floor":14.0,"key":"Fire Potion"},{"floor":16.0,"key":"LiquidBronze"},{"floor":19,"key":"PotionOfCapacity"}],"is_trial":false,"path_per_floor":["M","?","$","$","M","E","R","?","T","E","M","R","M","M","R","B",null,"M","M","?","M"],"character_chosen":"DEFECT","items_purchased":["Static Discharge","Defragment"],"campfire_rested":0,"item_purchase_floors":[3,4],"current_hp_per_floor":[50,50,50,50,49,29,29,47,47,37,32,32,24,21,21,20,75,64,45,45,0,0],"gold":274,"neow_bonus":"TRANSFORM_TWO_CARDS","is_daily":false,"chose_seed":false,"campfire_upgraded":3,"win_rate":0.0,"timestamp":1611513274,"path_taken":["M","?","?","$","M","E","R","?","T","E","M","R","M","M","R","BOSS","M","M","?","M"],"items_purchased_type":["Card","Card"],"build_version":"2020-12-22","purchased_purges":0,"victory":false,"max_hp_per_floor":[75,75,75,75,75,75,75,75,75,75,75,75,75,75,75,75,75,75,75,75,75,75],"card_choices":[{"not_picked":["Aggregate","Sunder"],"picked":"Gash","floor":1.0},{"not_picked":["Steam","Beam Cell"],"picked":"Cold Snap","floor":5.0},{"not_picked":["Skim","Redo"],"picked":"Capacitor","floor":6.0},{"not_picked":["Self Repair","Sweeping Beam"],"picked":"Doom and Gloom","floor":10.0},{"not_picked":["Glacier","Reinforced Body"],"picked":"Loop","floor":11.0},{"not_picked":["Compile Driver","Skim"],"picked":"Conserve Battery","floor":13.0},{"not_picked":["Sweeping Beam","Thunder Strike","Blizzard"],"picked":"SKIP","floor":14.0},{"not_picked":["Meteor Strike","Reboot"],"picked":"Core Surge","floor":16.0},{"not_picked":["Hello World","Sweeping Beam","Redo"],"picked":"SKIP","floor":18.0},{"not_picked":["Stack","Beam Cell","Streamline"],"picked":"SKIP","floor":19}],"player_experience":113362,"relics_obtained":[{"floor":6.0,"key":"Kunai"},{"floor":9.0,"key":"Bag of Marbles"},{"floor":10.0,"key":"Tiny Chest"}],"event_choices":[{"cards_removed":["Strike_B"],"damage_healed":0.0,"max_hp_gain":0.0,"max_hp_loss":0.0,"gold_gain":0.0,"event_name":"Bonfire Elementals","player_choice":"Offered Basic","floor":2.0,"gold_loss":0.0,"damage_taken":0.0},{"damage_healed":18.0,"max_hp_gain":0.0,"max_hp_loss":0.0,"gold_gain":0.0,"event_name":"The Cleric","player_choice":"Healed","floor":8.0,"gold_loss":35.0,"damage_taken":0.0},{"damage_healed":0,"gold_gain":0,"player_choice":"2 cards matched","damage_taken":0,"max_hp_gain":0,"max_hp_loss":0,"event_name":"Match and Keep!","floor":20,"gold_loss":0,"cards_obtained":["Zap","Enlightenment"]}],"is_beta":false,"boss_relics":[{"not_picked":["Busted Crown","Fusion Hammer"],"picked":"Astrolabe"}],"items_purged_floors":[],"is_endless":false,"potions_floor_spawned":[1,10,11,14,16,19],"killed_by":"Shelled Parasite and Fungi","ascension_level":3}}