{"host":"s41rn2jhghpwfrvz","time":1611512736,"event":{"mods":["BaseMod","Minty Spire (QoL Compilation)","Quick Restart","Relic Stats","SuperFastMode"],"gold_per_floor":[115,115,40,55,65,65,65,92,92,118,144,154,154,54,54,133,133,145,20,30,30,40,75,75,93,117,149,163,191,225,243,243,316,316,334,334,348,348,376,411,444,222,222,248,263,282,314,327,327,327,327,327,327,8,33,33],"floor_reached":57,"language":"ENG","playtime":1651,"items_purged":["Setup","Sweeping Beam","Pummel","Static Discharge"],"score":4050,"play_id":"407e3993-0b2e-4b9c-894d-a36456b4dcad","local_time":"20210124202536","daily_mods":["SealedDeck","Diverse","DeadlyEvents"],"is_ascension_mode":true,"campfire_choices":[{"data":"Prostrate","floor":6,"key":"SMITH"},{"data":"Backflip","floor":15,"key":"SMITH"},{"data":"Shrug It Off","floor":32,"key":"SMITH"},{"floor":49,"key":"RECALL"},{"data":"Wallop","floor":53,"key":"SMITH"}],"circlet_count":0,"master_deck":["AscendersBane","Prepared","Wallop+1","Body Slam+1","Prostrate+1","Shrug It Off+1","Backflip+1"],"relics":["Burning Blood","Mummified Hand","Paper Frog","White Beast Statue","Meat on the Bone","Anchor","Busted Crown","Ancient Tea Set","MutagenicStrength","Vajra","Pen Nib","WingedGreaves","Runic Pyramid","Akabeko","Kunai","Shuriken","Potion Belt","Orichalcum","Regal Pillow","ClockworkSouvenir","Letter Opener"],"acts_visited":["Exordium","TheCity","TheBeyond","TheEnding"],"potions_floor_usage":[27,56,56,56,56],"damage_taken":[{"damage":7,"enemies":"Small Slimes","floor":1,"turns":3},{"damage":0,"enemies":"Cultist","floor":4,"turns":3},{"damage":3,"enemies":"Jaw Worm","floor":5,"turns":4},{"damage":58,"enemies":"Gremlin Nob","floor":8,"turns":5},{"damage":0,"enemies":"Lagavulin","floor":10,"turns":3},{"damage":0,"enemies":"Gremlin Nob","floor":11,"turns":3},{"damage":5,"enemies":"Exordium Thugs","floor":12,"turns":4},{"damage":0,"enemies":"The Guardian","floor":16,"turns":3},{"damage":8,"enemies":"Chosen","floor":18,"turns":4},{"damage":0,"enemies":"Shell Parasite","floor":20,"turns":2},{"damage":0,"enemies":"Snecko","floor":22,"turns":5},{"damage":0,"enemies":"Gremlin Leader","floor":23,"turns":3},{"damage":16,"enemies":"Cultist and Chosen","floor":25,"turns":5},{"damage":0,"enemies":"Slavers","floor":27,"turns":3},{"damage":0,"enemies":"Sentry and Sphere","floor":28,"turns":2},{"damage":0,"enemies":"Gremlin Leader","floor":29,"turns":2},{"damage":0,"enemies":"Book of Stabbing","floor":30,"turns":2},{"damage":0,"enemies":"Snecko","floor":31,"turns":2},{"damage":0,"enemies":"Champ","floor":33,"turns":4},{"damage":0,"enemies":"3 Darklings","floor":35,"turns":3},{"damage":0,"enemies":"Orb Walker","floor":37,"turns":2},{"damage":0,"enemies":"Reptomancer","floor":39,"turns":2},{"damage":0,"enemies":"Giant Head","floor":40,"turns":3},{"damage":31,"enemies":"Reptomancer","floor":41,"turns":3},{"damage":0,"enemies":"Giant Head","floor":44,"turns":3},{"damage":0,"enemies":"Maw","floor":45,"turns":2},{"damage":0,"enemies":"Sphere and 2 Shapes","floor":46,"turns":3},{"damage":3,"enemies":"Nemesis","floor":47,"turns":3},{"damage":0,"enemies":"Jaw Worm Horde","floor":48,"turns":3},{"damage":0,"enemies":"Donu and Deca","floor":50,"turns":4},{"damage":0,"enemies":"Time Eater","floor":51,"turns":6},{"damage":0,"enemies":"Shield and Spear","floor":55,"turns":2},{"damage":43,"enemies":"The Heart","floor":56,"turns":6}],"seed_played":"7819572342327014289","potions_obtained":[{"floor":5,"key":"SkillPotion"},{"floor":10,"key":"Energy Potion"},{"floor":12,"key":"Dexterity Potion"},{"floor":27,"key":"BlessingOfTheForge"},{"floor":29,"key":"Weak Potion"},{"floor":37,"key":"DuplicationPotion"},{"floor":40,"key":"Ancient Potion"},{"floor":44,"key":"Strength Potion"},{"floor":45,"key":"Dexterity Potion"},{"floor":55,"key":"Dexterity Potion"}],"is_trial":true,"path_per_floor":["M","?","$","M","M","R","?","E","T","E","E","M","T","$","R","B",null,"M","$","M","T","M","E","?","M","T","E","M","E","E","M","R","B",null,"M","?","M","$","E","E","E","$","T","E","M","M","E","M","R","B","B",null,"R","$","E","B",null],"character_chosen":"IRONCLAD","items_purchased":["Potion Belt","SpeedPotion","ClockworkSouvenir"],"campfire_rested":0,"item_purchase_floors":[42,42,54],"current_hp_per_floor":[67,67,67,73,75,75,68,16,16,22,28,41,41,41,41,47,68,66,66,72,72,75,75,75,65,65,71,75,75,75,75,75,75,75,75,75,75,75,75,75,50,50,50,56,62,68,71,75,75,75,75,75,75,75,75,50],"gold":33,"neow_bonus":"","is_daily":false,"chose_seed":false,"campfire_upgraded":4,"win_rate":0.0,"timestamp":1611512736,"path_taken":["M","?","$","?","M","R","?","E","T","E","?","?","?","$","R","BOSS","M","?","M","?","M","E","?","M","T","E","M","E","?","?","R","BOSS","M","?","?","$","?","E","E","$","T","E","M","M","E","M","R","BOSS","BOSS","R","$","E","BOSS"],"items_purchased_type":["Relic","Potion","Relic"],"build_version":"2020-12-22","purchased_purges":4,"victory":true,"max_hp_per_floor":[75,75,75,75,75,75,75,75,75,75,75,75,75,75,75,75,75,75,75,75,75,75,75,75,75,75,75,75,75,75,75,75,75,75,75,75,75,75,75,75,75,75,75,75,75,75,75,75,75,75,75,75,75,75,75,75],"relic_stats":{"Regal Pillow":0,"Busted Crown":44,"counters":[33,107],"Mummified Hand":[34],"Shuriken":[6],"Pen Nib":[10],"Kunai":[6],"Letter Opener":[45],"Orichalcum":[6],"obtain_stats":[{"Potion Belt":42,"Regal Pillow":47,"Vajra":26,"Pen Nib":27,"Letter Opener":55,"Orichalcum":44,"Ancient Tea Set":23,"Burning Blood":0,"White Beast Statue":10,"Akabeko":39,"ClockworkSouvenir":54,"Anchor":13,"Busted Crown":17,"Mummified Hand":8,"Shuriken":41,"MutagenicStrength":24,"WingedGreaves":30,"Kunai":40,"Paper Frog":9,"Meat on the Bone":11,"Runic Pyramid":34},{"Potion Belt":24,"Regal Pillow":28,"Vajra":13,"Pen Nib":14,"Letter Opener":32,"Orichalcum":25,"Ancient Tea Set":12,"Burning Blood":0,"White Beast Statue":5,"Akabeko":22,"ClockworkSouvenir":31,"Anchor":7,"Busted Crown":8,"Mummified Hand":4,"Shuriken":24,"MutagenicStrength":12,"WingedGreaves":17,"Kunai":23,"Paper Frog":4,"Meat on the Bone":6,"Runic Pyramid":19},{"Potion Belt":75,"Regal Pillow":86,"Vajra":47,"Pen Nib":50,"Letter Opener":101,"Orichalcum":78,"Ancient Tea Set":42,"Burning Blood":0,"White Beast Statue":18,"Akabeko":69,"ClockworkSouvenir":99,"Anchor":25,"Busted Crown":28,"Mummified Hand":15,"Shuriken":75,"MutagenicStrength":42,"WingedGreaves":56,"Kunai":72,"Paper Frog":15,"Meat on the Bone":21,"Runic Pyramid":62}],"Burning Blood":118,"Meat on the Bone":24},"card_choices":[{"not_picked":["Coolheaded","CutThroughFate","CrushJoints"],"picked":"SKIP","floor":1},{"not_picked":["Blur","Clash"],"picked":"Backflip","floor":4},{"not_picked":["Burning Pact","Outmaneuver","Flying Knee"],"picked":"SKIP","floor":5},{"not_picked":["Noxious Fumes","Rebound","Biased Cognition"],"picked":"SKIP","floor":8},{"not_picked":["Cleave","Glacier","FlurryOfBlows"],"picked":"SKIP","floor":10},{"not_picked":["Cleave","Glacier","FlurryOfBlows"],"picked":"SKIP","floor":10},{"not_picked":["Havoc","Dash","Heavy Blade"],"picked":"SKIP","floor":11},{"not_picked":["Sentinel","Steam","Doom and Gloom"],"picked":"SKIP","floor":12},{"not_picked":["Pommel Strike"],"picked":"SKIP","floor":18},{"not_picked":["Whirlwind"],"picked":"SKIP","floor":20},{"not_picked":["WindmillStrike"],"picked":"SKIP","floor":22},{"not_picked":["Disarm"],"picked":"SKIP","floor":23},{"not_picked":["SashWhip"],"picked":"SKIP","floor":25},{"not_picked":["ReachHeaven"],"picked":"SKIP","floor":27},{"not_picked":["TalkToTheHand"],"picked":"SKIP","floor":28},{"not_picked":["Die Die Die"],"picked":"SKIP","floor":29},{"not_picked":["Skewer"],"picked":"SKIP","floor":30},{"not_picked":["Rampage"],"picked":"SKIP","floor":31},{"not_picked":["Masterful Stab+1"],"picked":"SKIP","floor":35},{"not_picked":["Heavy Blade+1"],"picked":"SKIP","floor":37},{"not_picked":["JustLucky"],"picked":"SKIP","floor":39},{"not_picked":["MentalFortress"],"picked":"SKIP","floor":40},{"not_picked":["Backflip"],"picked":"SKIP","floor":41},{"not_picked":["DevaForm"],"picked":"SKIP","floor":44},{"not_picked":["Gash+1"],"picked":"SKIP","floor":45},{"not_picked":["Caltrops"],"picked":"SKIP","floor":46},{"not_picked":["JustLucky"],"picked":"SKIP","floor":47},{"not_picked":["Pummel"],"picked":"SKIP","floor":48},{"not_picked":["Streamline"],"picked":"SKIP","floor":55},{"not_picked":["Streamline"],"picked":"SKIP","floor":55}],"player_experience":1851290,"relics_obtained":[{"floor":8,"key":"Mummified Hand"},{"floor":9,"key":"Paper Frog"},{"floor":10,"key":"White Beast Statue"},{"floor":11,"key":"Meat on the Bone"},{"floor":13,"key":"Anchor"},{"floor":23,"key":"Ancient Tea Set"},{"floor":26,"key":"Vajra"},{"floor":27,"key":"Pen Nib"},{"floor":30,"key":"WingedGreaves"},{"floor":39,"key":"Akabeko"},{"floor":40,"key":"Kunai"},{"floor":41,"key":"Shuriken"},{"floor":44,"key":"Orichalcum"},{"floor":47,"key":"Regal Pillow"},{"floor":55,"key":"Letter Opener"}],"event_choices":[{"damage_healed":0,"gold_gain":0,"player_choice":"Upgraded","damage_taken":0,"max_hp_gain":0,"max_hp_loss":0,"event_name":"Upgrade Shrine","floor":2,"gold_loss":0,"cards_upgraded":["Body Slam"]},{"cards_removed":["Adaptation"],"damage_healed":0,"gold_gain":0,"player_choice":"Card Removal","damage_taken":7,"max_hp_gain":0,"max_hp_loss":0,"event_name":"Golden Wing","floor":7,"gold_loss":0},{"damage_healed":0,"gold_gain":0,"player_choice":"Inject Mutagens","damage_taken":0,"relics_obtained":["MutagenicStrength"],"max_hp_gain":0,"max_hp_loss":0,"event_name":"Drug Dealer","floor":24,"gold_loss":0},{"damage_healed":0,"gold_gain":0,"player_choice":"Ignored","damage_taken":0,"max_hp_gain":0,"max_hp_loss":0,"event_name":"Tomb of Lord Red Mask","floor":36,"gold_loss":0}],"is_beta":false,"boss_relics":[{"not_picked":["Cursed Key","Tiny House"],"picked":"Busted Crown"},{"not_picked":["Runic Cube","Calling Bell"],"picked":"Runic Pyramid"}],"items_purged_floors":[3,14,19,54],"is_endless":false,"potions_floor_spawned":[5,10,11,12,16,18,20,22,23,25,27,28,29,30,31,33,35,37,39,40,41,44,45,46,47,48,55],"ascension_level":20}}