{"host":"pe7ycb8t2t906so2","time":1611456440,"event":{"mods":["BaseMod","Colored Map","Highlight Path","Minty Spire (QoL Compilation)"],"gold_per_floor":[118,118,134,134,134,177,177,213,213,213,32,75,4,4,4,99,99,120,20,20,20,119,158,158,158,185,185,223,223,348,74,74,170,170,195,495,5,18,18,18,53,53,53,53,386,403,503,503,503,503],"floor_reached":51,"language":"FRA","playtime":2227,"items_purged":["Regret","Strike_B","Strike_B","Defend_B"],"score":1404,"play_id":"922dd713-2279-49ea-a546-788af0ca4bd7","local_time":"20210123214720","is_ascension_mode":true,"campfire_choices":[{"data":"Fission","floor":7,"key":"SMITH"},{"floor":10,"key":"REST"},{"data":"Dualcast","floor":15,"key":"SMITH"},{"data":"White Noise","floor":24,"key":"SMITH"},{"data":"Defragment","floor":27,"key":"SMITH"},{"floor":29,"key":"REST"},{"data":"Gash","floor":32,"key":"SMITH"},{"data":"Electrodynamics","floor":40,"key":"SMITH"},{"data":"Steam","floor":42,"key":"SMITH"},{"data":"Leap","floor":44,"key":"SMITH"},{"data":"Glacier","floor":49,"key":"SMITH"}],"circlet_count":0,"master_deck":["AscendersBane","Defend_B","Defend_B+1","Zap+1","Dualcast+1","Gash+1","Fission+1","Ball Lightning+1","Self Repair","Scrape+1","Steam+1","All For One+1","Defragment+1","Core Surge+1","White Noise+1","Gash+1","FTL+1","Redo+1","Electrodynamics+1","BootSequence+1","Cold Snap+1","Seek+1","Gash+1","Leap+1","Glacier+1","Storm+1","Static Discharge","Madness","Madness"],"relics":["Cracked Core","NeowsBlessing","Mummified Hand","HornCleat","PreservedInsect","Molten Egg 2","MealTicket","Philosopher\u0027s Stone","Gremlin Horn","Ornamental Fan","Cables","Lantern","Juzu Bracelet","Torii","Bottled Flame","Medical Kit","Astrolabe","Bottled Lightning","Orichalcum","Peace Pipe"],"acts_visited":["Exordium","TheCity","TheBeyond"],"potions_floor_usage":[8,18,50],"damage_taken":[{"damage":0,"enemies":"Jaw Worm","floor":1,"turns":1},{"damage":0,"enemies":"Small Slimes","floor":3,"turns":1},{"damage":0,"enemies":"Lagavulin","floor":6,"turns":1},{"damage":29,"enemies":"3 Sentries","floor":8,"turns":9},{"damage":1,"enemies":"Gremlin Nob","floor":12,"turns":3},{"damage":19,"enemies":"Slime Boss","floor":16,"turns":7},{"damage":6,"enemies":"Chosen","floor":18,"turns":3},{"damage":12,"enemies":"Book of Stabbing","floor":23,"turns":3},{"damage":27,"enemies":"Slavers","floor":28,"turns":3},{"damage":9,"enemies":"Colosseum Slavers","floor":30,"turns":2},{"damage":18,"enemies":"Colosseum Nobs","floor":30,"turns":4},{"damage":0,"enemies":"Collector","floor":33,"turns":6},{"damage":0,"enemies":"Orb Walker","floor":35,"turns":2},{"damage":0,"enemies":"3 Darklings","floor":38,"turns":1},{"damage":0,"enemies":"Giant Head","floor":41,"turns":3},{"damage":0,"enemies":"4 Shapes","floor":46,"turns":1},{"damage":44,"enemies":"Time Eater","floor":50,"turns":7}],"seed_played":"4500220155368931555","potions_obtained":[{"floor":6,"key":"SpeedPotion"},{"floor":12,"key":"Energy Potion"},{"floor":16,"key":"Swift Potion"},{"floor":23,"key":"Energy Potion"},{"floor":30,"key":"Strength Potion"},{"floor":41,"key":"SteroidPotion"}],"is_trial":false,"path_per_floor":["M","?","M","?","?","E","R","E","T","R","$","E","$","?","R","B",null,"M","$","?","?","?","E","R","T","T","R","E","R","?","$","R","B",null,"M","?","$","M","$","R","E","R","T","R","?","M","?","?","R","B",null],"character_chosen":"DEFECT","items_purchased":["Scrape+1","Steam","Defragment","Medical Kit","Bottled Lightning","Leap","Glacier"],"campfire_rested":2,"item_purchase_floors":[11,11,13,31,37,37,37],"current_hp_per_floor":[64,64,64,64,47,47,47,18,18,39,39,45,60,46,46,34,62,63,71,71,71,71,59,59,59,59,59,39,60,40,55,55,62,69,71,71,71,71,71,71,71,71,71,71,71,71,71,62,62,18],"gold":503,"neow_bonus":"THREE_ENEMY_KILL","is_daily":false,"chose_seed":false,"campfire_upgraded":9,"win_rate":0.0,"timestamp":1611456440,"path_taken":["M","?","M","?","?","E","R","E","T","R","$","E","$","?","R","BOSS","M","$","?","?","?","E","R","?","T","R","E","R","?","?","R","BOSS","M","?","$","M","?","R","E","R","T","R","?","M","?","?","R","BOSS"],"items_purchased_type":["Card","Card","Card","Relic","Relic","Card","Card"],"build_version":"2020-12-22","purchased_purges":4,"victory":true,"max_hp_per_floor":[71,71,71,71,71,71,71,71,71,71,71,71,71,71,71,71,71,71,71,71,71,71,71,71,71,71,71,71,71,71,71,71,71,71,71,71,71,71,71,71,71,71,71,71,71,71,71,71,71,71],"card_choices":[{"not_picked":["Beam Cell","Compile Driver"],"picked":"Gash","floor":1},{"not_picked":["Ball Lightning","Sweeping Beam"],"picked":"Fission","floor":3},{"not_picked":["Doom and Gloom","Turbo"],"picked":"Ball Lightning","floor":6},{"not_picked":["Leap","Conserve Battery"],"picked":"Self Repair","floor":8},{"not_picked":["Lockon+1","Gash+1"],"picked":"All For One+1","floor":12},{"not_picked":["All For One+1","Meteor Strike+1"],"picked":"Core Surge+1","floor":16},{"not_picked":["Defragment","Undo"],"picked":"White Noise","floor":18},{"not_picked":["Hologram","Barrage+1","Aggregate"],"picked":"SKIP","floor":23},{"not_picked":["Turbo+1","Redo"],"picked":"FTL+1","floor":28},{"not_picked":["Blizzard+1","Turbo"],"picked":"Redo+1","floor":30},{"not_picked":["Rainbow","Fission"],"picked":"Electrodynamics","floor":33},{"not_picked":["Fusion","Loop"],"picked":"Gash+1","floor":35},{"not_picked":["Sweeping Beam+1","Stack+1"],"picked":"Storm+1","floor":38},{"not_picked":["Blizzard+1","Self Repair","Sunder+1"],"picked":"SKIP","floor":41},{"not_picked":["Compile Driver+1","Sweeping Beam+1"],"picked":"Static Discharge","floor":46}],"player_experience":928250,"relics_obtained":[{"floor":6,"key":"HornCleat"},{"floor":8,"key":"PreservedInsect"},{"floor":9,"key":"Molten Egg 2"},{"floor":12,"key":"MealTicket"},{"floor":23,"key":"Ornamental Fan"},{"floor":25,"key":"Cables"},{"floor":26,"key":"Lantern"},{"floor":28,"key":"Juzu Bracelet"},{"floor":30,"key":"Torii"},{"floor":30,"key":"Bottled Flame"},{"floor":41,"key":"Orichalcum"},{"floor":43,"key":"Peace Pipe"}],"event_choices":[{"damage_healed":0,"gold_gain":0,"player_choice":"Grow","damage_taken":0,"max_hp_gain":0,"max_hp_loss":0,"event_name":"Living Wall","floor":2,"gold_loss":0,"cards_upgraded":["Zap"]},{"damage_healed":0,"gold_gain":0,"player_choice":"Box","damage_taken":0,"relics_obtained":["Mummified Hand"],"max_hp_gain":0,"max_hp_loss":0,"event_name":"Big Fish","floor":4,"gold_loss":0,"cards_obtained":["Regret"]},{"damage_healed":0,"gold_gain":0,"player_choice":"Take Damage","damage_taken":17,"relics_obtained":["Golden Idol"],"max_hp_gain":0,"max_hp_loss":0,"event_name":"Golden Idol","floor":5,"gold_loss":0},{"damage_healed":0,"gold_gain":0,"player_choice":"Entered Light","damage_taken":14,"max_hp_gain":0,"max_hp_loss":0,"event_name":"Shining Light","floor":14,"gold_loss":0,"cards_upgraded":["Ball Lightning","Defend_B"]},{"damage_healed":0,"gold_gain":0,"player_choice":"Opened","damage_taken":0,"relics_obtained":["Gremlin Horn"],"max_hp_gain":0,"max_hp_loss":0,"event_name":"The Mausoleum","floor":20,"gold_loss":0},{"damage_healed":0,"gold_gain":0,"player_choice":"Read","damage_taken":0,"max_hp_gain":0,"max_hp_loss":0,"event_name":"The Library","floor":21,"gold_loss":0,"cards_obtained":["Gash"]},{"damage_healed":0,"gold_gain":99,"player_choice":"Stole From Cult","damage_taken":0,"max_hp_gain":0,"max_hp_loss":0,"event_name":"Nest","floor":22,"gold_loss":0},{"damage_healed":0,"gold_gain":0,"player_choice":"Fight","damage_taken":0,"max_hp_gain":0,"max_hp_loss":0,"event_name":"Colosseum","floor":30,"gold_loss":0},{"damage_healed":0,"gold_gain":0,"player_choice":"Fought Nobs","damage_taken":0,"max_hp_gain":0,"max_hp_loss":0,"event_name":"Colosseum","floor":30,"gold_loss":0},{"damage_healed":0,"gold_gain":300,"player_choice":"Gold","damage_taken":0,"max_hp_gain":0,"max_hp_loss":0,"event_name":"Wheel of Change","floor":36,"gold_loss":0},{"damage_healed":0,"gold_gain":333,"player_choice":"Gave Idol","damage_taken":0,"max_hp_gain":0,"max_hp_loss":0,"event_name":"The Moai Head","floor":45,"relics_lost":["Golden Idol"],"gold_loss":0},{"damage_healed":0,"gold_gain":100,"player_choice":"Pray","damage_taken":0,"max_hp_gain":0,"max_hp_loss":0,"event_name":"Golden Shrine","floor":47,"gold_loss":0},{"damage_healed":0,"gold_gain":0,"player_choice":"Embrace Madness","damage_taken":9,"max_hp_gain":0,"max_hp_loss":0,"event_name":"Winding Halls","floor":48,"gold_loss":0,"cards_obtained":["Madness","Madness"]}],"is_beta":false,"boss_relics":[{"not_picked":["Coffee Dripper","SacredBark"],"picked":"Philosopher\u0027s Stone"},{"not_picked":["Sozu","SlaversCollar"],"picked":"Astrolabe"}],"items_purged_floors":[11,19,31,37],"is_endless":false,"potions_floor_spawned":[6,12,16,23,30,41],"ascension_level":14}}