{"host":"7eytxr1oawi6r5nr","time":1611520322,"event":{"mods":["BaseMod","Better Third Choice","Curses Come First","Dark Map","Hermit","Hubris","Jorbs\u0027s Wanderer Trilogy","Minty Spire (QoL Compilation)","Permanent Neow","Quick Restart","Rare Cards Sparkle","Replay The Spire","Robot Space Explorer","StSLib","The Cursed","The Disciple","The Forsaken","The Marked","The Mystic","The Runesmith","Wide Potions"],"gold_per_floor":[115,128,148,148,1,1,33,50,50,50,84,98,98,117,117,117,117],"floor_reached":16,"language":"ENG","playtime":701,"items_purged":[],"score":154,"play_id":"3d7dcd67-1ce4-4c0d-bddc-d5ae27bf006b","local_time":"20210124203202","is_ascension_mode":true,"campfire_choices":[{"floor":6,"key":"REST"},{"data":"Bludgeon","floor":10,"key":"SMITH"},{"data":"Disarm","floor":13,"key":"SMITH"},{"data":"Rupture","floor":15,"key":"SMITH"}],"circlet_count":0,"master_deck":["Strike_R","Strike_R","Strike_R","Strike_R","Strike_R","Defend_R","Defend_R","Defend_R","Defend_R","Bash","Bludgeon+1","Power Through","Combust","Disarm+1","Inflame","Flame Barrier","Disarm","Bloodletting","Rupture+1"],"relics":["Burning Blood","theForsaken:Lifeblossom","Replay:Bottled Flurry","hubris:Spice","TungstenRod"],"acts_visited":["Exordium"],"potions_floor_usage":[],"damage_taken":[{"damage":3,"enemies":"Small Slimes","floor":1,"turns":2},{"damage":7,"enemies":"2 Louse","floor":2,"turns":3},{"damage":2,"enemies":"Jaw Worm","floor":3,"turns":3},{"damage":15,"enemies":"3 Sentries","floor":7,"turns":5},{"damage":1,"enemies":"Looter","floor":8,"turns":4},{"damage":17,"enemies":"Lagavulin","floor":11,"turns":6},{"damage":10,"enemies":"Exordium Thugs","floor":12,"turns":4},{"damage":1,"enemies":"Large Slime","floor":14,"turns":5},{"damage":20,"enemies":"The Guardian","floor":16,"turns":5}],"seed_played":"2701499039601606024","potions_obtained":[{"floor":1,"key":"FairyPotion"},{"floor":8,"key":"AttackPotion"}],"is_trial":false,"path_per_floor":["M","M","M","?","$","R","E","M","T","R","E","M","R","M","R","B"],"character_chosen":"IRONCLAD","items_purchased":["Disarm","Inflame"],"campfire_rested":1,"item_purchase_floors":[5,5],"current_hp_per_floor":[59,58,62,3,3,27,32,43,51,51,46,48,48,59,59,45,45],"gold":117,"neow_bonus":"THREE_RARE_CARDS","is_daily":false,"chose_seed":false,"campfire_upgraded":3,"win_rate":0.0,"timestamp":1611520322,"path_taken":["M","M","M","?","$","R","E","M","T","R","E","M","R","M","R","BOSS"],"items_purchased_type":["Card","Card"],"build_version":"2020-12-22","purchased_purges":0,"victory":false,"max_hp_per_floor":[80,80,80,80,80,80,88,88,96,96,96,96,96,96,96,96,96],"card_choices":[{"not_picked":["Limit Break","Juggernaut"],"picked":"Bludgeon","floor":0},{"not_picked":["Infernal Blade","Thunderclap"],"picked":"Power Through","floor":1},{"not_picked":["Shockwave","Carnage"],"picked":"Combust","floor":2},{"not_picked":["Sword Boomerang","Havoc","Twin Strike"],"picked":"SKIP","floor":3},{"not_picked":["Combust","Corruption"],"picked":"Flame Barrier","floor":7},{"not_picked":["Clash","ReplayTheSpireMod:Limb From Limb"],"picked":"Disarm","floor":8},{"not_picked":["Run Through","ReplayTheSpireMod:Strike From Hell","Searing Blow"],"picked":"SKIP","floor":11},{"not_picked":["Seeing Red","Metallicize"],"picked":"Bloodletting","floor":12},{"not_picked":["Ghostly Armor","Iron Wave"],"picked":"Rupture","floor":14}],"player_experience":178191,"relics_obtained":[{"floor":7,"key":"hubris:Spice"},{"floor":9,"key":"hubris:Spice"},{"floor":11,"key":"TungstenRod"}],"event_choices":[{"damage_healed":0,"gold_gain":1,"player_choice":"Relic Relic ","damage_taken":59,"max_hp_gain":0,"max_hp_loss":0,"event_name":"betterThird:BetterScrap","floor":4,"gold_loss":0,"cards_obtained":["Swivel"]}],"is_beta":false,"boss_relics":[],"items_purged_floors":[],"is_endless":false,"potions_floor_spawned":[1,8,12,14],"killed_by":"The Guardian","ascension_level":3}}