{"host":"d17dpptiltdcqz9s","time":1611492182,"event":{"mods":["BaseMod","Colored Powertips","Downfall","Minty Spire (QoL Compilation)","Replay The Spire","StSLib","The Bug Knight"],"gold_per_floor":[109,149,149,99,112,138,149,109,109,122,122,156,156,170,170,268,268,285,335,346,28,42,42,57,57,103,103,114,130,148,11,11,113,113,132,148,23,23,23,41,41,41,41,41,58,58,86,86,86,86,86,86,13,41,41,41],"floor_reached":55,"language":"ZHS","playtime":4561,"items_purged":["Defend_R","Defend_R","Strike_R"],"score":532,"play_id":"4bb4e589-99b2-436f-b604-f62ad1851eab","local_time":"20210124204302","is_ascension_mode":false,"campfire_choices":[{"data":"Shockwave","floor":11.0,"key":"SMITH"},{"floor":13.0,"key":"RECALL"},{"data":"True Grit","floor":15.0,"key":"SMITH"},{"data":"Demon Form","floor":23.0,"key":"SMITH"},{"data":"Sword Boomerang","floor":25.0,"key":"SMITH"},{"data":"Spot Weakness","floor":27.0,"key":"SMITH"},{"data":"ReplayTheSpireMod:Muscle Training","floor":32,"key":"SMITH"},{"data":"ReplayTheSpireMod:Stacked","floor":41,"key":"SMITH"},{"data":"ReplayTheSpireMod:Private Reserves","floor":46,"key":"SMITH"},{"floor":49,"key":"REST"},{"data":"Flex","floor":52,"key":"SMITH"}],"circlet_count":0,"master_deck":["Strike_R+1","Strike_R","Defend_R+1","Bash","Thunderclap","Shockwave+1","Sword Boomerang+1","Ghostly Armor","Dropkick","ReplayTheSpireMod:Stacked+1","Spot Weakness+1","True Grit+1","Demon Form+1","Dropkick","ReplayTheSpireMod:Muscle Training+1","Shrug It Off+1","ReplayTheSpireMod:Limb From Limb","Flex+1","Flex+1","Seeing Red+1","Heavy Blade+1","Rampage","ReplayTheSpireMod:Private Reserves+1","Pummel","Flex+1"],"relics":["Burning Blood","Mercury Hourglass","Gremlin Horn","CaptainsWheel","Simple Rune","Busted Crown","Matryoshka","Boot","Mark of Pain","Replay:Baseball","Orichalcum","MealTicket","HollowMod:LifeEnderRelic"],"acts_visited":["Exordium","TheCity","TheBeyond","TheEnding"],"potions_floor_usage":[33,33,33,36,50,50],"damage_taken":[{"damage":11.0,"enemies":"Jaw Worm","floor":1.0,"turns":3.0},{"damage":0.0,"enemies":"2 Louse","floor":5.0,"turns":2.0},{"damage":23.0,"enemies":"3 Sentries","floor":6.0,"turns":5.0},{"damage":0.0,"enemies":"Small Slimes","floor":7.0,"turns":2.0},{"damage":1.0,"enemies":"Exordium Wildlife","floor":10.0,"turns":4.0},{"damage":13.0,"enemies":"Lagavulin","floor":12.0,"turns":5.0},{"damage":0.0,"enemies":"2 Fungi Beasts","floor":14.0,"turns":2.0},{"damage":18.0,"enemies":"Fading Forest","floor":16.0,"turns":11.0},{"damage":8.0,"enemies":"Shell Parasite","floor":18.0,"turns":5.0},{"damage":2.0,"enemies":"Spheric Guardian","floor":20.0,"turns":4.0},{"damage":9.0,"enemies":"Centurion and Healer","floor":22.0,"turns":4.0},{"damage":2.0,"enemies":"3 Cultists","floor":24.0,"turns":4.0},{"damage":0.0,"enemies":"Sentry and Sphere","floor":28.0,"turns":4.0},{"damage":1.0,"enemies":"Centurion and Healer","floor":29.0,"turns":5.0},{"damage":11.0,"enemies":"Snake Plant","floor":30.0,"turns":3.0},{"damage":6,"enemies":"Collector","floor":33,"turns":4},{"damage":7,"enemies":"Orb Walker","floor":35,"turns":2},{"damage":14,"enemies":"3 Darklings","floor":36,"turns":2},{"damage":3,"enemies":"4 Shapes","floor":40,"turns":2},{"damage":0,"enemies":"Transient","floor":45,"turns":5},{"damage":29,"enemies":"Giant Head","floor":47,"turns":7},{"damage":57,"enemies":"Replay:Hell Engine","floor":50,"turns":9},{"damage":70,"enemies":"Shield and Spear","floor":54,"turns":6},{"damage":44,"enemies":"The Heart","floor":55,"turns":2}],"seed_played":"6535287647170152634","potions_obtained":[{"floor":7.0,"key":"Fruit Juice"},{"floor":8.0,"key":"Venom Potion"},{"floor":8.0,"key":"Cursed Concoction"},{"floor":8.0,"key":"Fire Potion"},{"floor":14.0,"key":"Cursed Concoction"},{"floor":16.0,"key":"Dexterity Potion"},{"floor":18.0,"key":"BlessingOfTheForge"},{"floor":24.0,"key":"Reflective Coating"},{"floor":28.0,"key":"DistilledChaos"},{"floor":30.0,"key":"DistilledChaos"},{"floor":33,"key":"PowerPotion"},{"floor":36,"key":"Fire Potion"},{"floor":47,"key":"Block Potion"}],"is_trial":false,"path_per_floor":["M","?","?","?","M","E","M","?","T","M","R","E","R","M","R","B",null,"M","?","M","$","M","R","M","R","T","R","M","M","M","$","R","B",null,"M","M","$","?","$","M","R","$","T","?","M","R","E","?","R","B",null,"R","$","E","B"],"character_chosen":"IRONCLAD","items_purchased":["Matryoshka","Flex","Pummel"],"campfire_rested":1,"item_purchase_floors":[21,31,53],"current_hp_per_floor":[83,83,83,83,88,71,82,82,82,87,87,80,80,86,86,84,93,91,91,93,93,90,90,93,93,93,93,93,93,88,88,88,88,93,92,84,84,84,84,87,87,87,87,87,93,93,70,70,93,42,93,93,93,29,0,0],"gold":41,"neow_bonus":"TEN_PERCENT_HP_BONUS","is_daily":false,"chose_seed":false,"campfire_upgraded":9,"win_rate":0.0,"timestamp":1611492182,"path_taken":["M","?","?","?","M","E","?","?","T","M","R","E","R","M","R","BOSS","M","?","M","?","M","R","M","R","T","R","M","M","M","$","R","BOSS","M","M","$","?","?","M","R","$","T","?","M","R","E","?","R","BOSS","R","$","E","BOSS"],"items_purchased_type":["Relic","Card","Card"],"build_version":"2020-12-22","purchased_purges":3,"victory":false,"max_hp_per_floor":[88,88,88,88,88,88,93,93,93,93,93,93,93,93,93,93,93,93,93,93,93,93,93,93,93,93,93,93,93,93,93,93,93,93,93,93,93,93,93,93,93,93,93,93,93,93,93,93,93,93,93,93,93,93,93,93],"card_choices":[{"not_picked":["Clash","Havoc"],"picked":"Thunderclap","floor":1.0},{"not_picked":["Anger","Run Through"],"picked":"Shockwave","floor":2.0},{"not_picked":["Heavy Blade","Warcry"],"picked":"Sword Boomerang","floor":2.0},{"not_picked":["Battle Trance","Body Slam"],"picked":"Ghostly Armor","floor":5.0},{"not_picked":["Exhume","Pommel Strike"],"picked":"Dropkick","floor":6.0},{"not_picked":["True Grit","Clash","Replay:Undeath\u0027s Touch"],"picked":"SKIP","floor":7.0},{"not_picked":["Uppercut","Sword Boomerang"],"picked":"ReplayTheSpireMod:Stacked","floor":10.0},{"not_picked":["Bludgeon","ReplayTheSpireMod:Strike From Hell"],"picked":"Spot Weakness","floor":12.0},{"not_picked":["Twin Strike","Clothesline"],"picked":"True Grit","floor":14.0},{"not_picked":["Fiend Fire","Bludgeon"],"picked":"Demon Form","floor":16.0},{"not_picked":["Headbutt"],"picked":"SKIP","floor":18.0},{"not_picked":[],"picked":"Dropkick","floor":20.0},{"not_picked":["Wild Strike"],"picked":"SKIP","floor":22.0},{"not_picked":["Shrug It Off"],"picked":"SKIP","floor":24.0},{"not_picked":[],"picked":"ReplayTheSpireMod:Muscle Training","floor":28.0},{"not_picked":[],"picked":"Shrug It Off+1","floor":29.0},{"not_picked":[],"picked":"ReplayTheSpireMod:Limb From Limb","floor":30.0},{"not_picked":[],"picked":"Seeing Red+1","floor":35},{"not_picked":[],"picked":"Heavy Blade+1","floor":36},{"not_picked":[],"picked":"Rampage","floor":40},{"not_picked":[],"picked":"ReplayTheSpireMod:Private Reserves","floor":44},{"not_picked":["Evolve"],"picked":"SKIP","floor":45},{"not_picked":["Headbutt+1"],"picked":"SKIP","floor":47},{"not_picked":[],"picked":"Flex+1","floor":54}],"player_experience":180956,"relics_obtained":[{"floor":2.0,"key":"Mercury Hourglass"},{"floor":6.0,"key":"Gremlin Horn"},{"floor":9.0,"key":"CaptainsWheel"},{"floor":12.0,"key":"Simple Rune"},{"floor":26.0,"key":"Boot"},{"floor":43,"key":"Replay:Baseball"},{"floor":43,"key":"Orichalcum"},{"floor":47,"key":"MealTicket"},{"floor":54,"key":"HollowMod:LifeEnderRelic"}],"event_choices":[{"cards_removed":["Strike_R"],"damage_healed":0.0,"max_hp_gain":0.0,"max_hp_loss":0.0,"gold_gain":0.0,"event_name":"Living Wall","player_choice":"Forget","floor":3.0,"gold_loss":0.0,"damage_taken":0.0},{"cards_removed":["Defend_R"],"damage_healed":0.0,"max_hp_gain":0.0,"max_hp_loss":0.0,"gold_gain":0.0,"event_name":"The Cleric","player_choice":"Card Removal","floor":4.0,"gold_loss":50.0,"damage_taken":0.0},{"damage_healed":0.0,"max_hp_gain":0.0,"max_hp_loss":0.0,"gold_gain":0.0,"event_name":"The Woman in Blue","player_choice":"Bought 3 Potions","floor":8.0,"gold_loss":0.0,"damage_taken":0.0},{"damage_healed":0.0,"max_hp_gain":0.0,"max_hp_loss":0.0,"gold_gain":100.0,"event_name":"The Joust","player_choice":"Bet on Murderer","floor":19.0,"gold_loss":50.0,"damage_taken":0.0},{"damage_healed":0,"gold_gain":0,"player_choice":"Forge","damage_taken":0,"max_hp_gain":0,"max_hp_loss":0,"event_name":"Accursed Blacksmith","floor":38,"gold_loss":0,"cards_upgraded":["Flex"]},{"damage_healed":0,"gold_gain":0,"player_choice":"Memory 1","damage_taken":0,"max_hp_gain":0,"max_hp_loss":0,"event_name":"SensoryStone","floor":44,"gold_loss":0},{"cards_removed":["Strike_R"],"damage_healed":0,"gold_gain":0,"player_choice":"Purged","damage_taken":0,"max_hp_gain":0,"max_hp_loss":0,"event_name":"Purifier","floor":48,"gold_loss":0}],"is_beta":false,"boss_relics":[{"not_picked":["Pandora\u0027s Box","Electric Blood"],"picked":"Busted Crown"},{"not_picked":["Runic Dome","SacredBark"],"picked":"Mark of Pain"}],"items_purged_floors":[21,31,37],"is_endless":false,"potions_floor_spawned":[7,10,14,16,18,24,28,30,33,36,47],"killed_by":"The Heart","ascension_level":0}}