{"host":"9xv6exvwmlpefxuw","time":1611487826,"event":{"mods":["ATMod(阿瑾Mod)","AchievementEnabler","Act Like it!","Aspiration","BaseMod","Chen","Colored Powertips","Conspire","Downfall","Friendly Minions","Gensokyo","GifTheSpireLib","KinomotoSakuraMod(木之本樱)","Koishi","KomeijiMod","Lobotomy","LobotomyExtend","Marisa（F雨　魔理沙）","Minty Spire (QoL Compilation)","MostiFishMod","Pale of the Ancients","Rare Cards Sparkle","Reimu（博丽灵梦）","Remilia_Scarlet Moed（蕾米莉亚・斯卡雷特）3.3.5","Remilia（蕾米莉亚）","RumiaBox-露米娅的神秘盒子","StSLib","The Administrix","The Mystic","The Servant 0.9.4","WarShipGirlsR/战舰少女R mod","Yakumo Yukari mod","Youmu（魂魄妖梦）","Yuyuko","[IsaacMod]以撒尖塔","[功能]功能增强和修复MOD","【功能Mod】混沌之环修复补丁","【功能Mod】聪明的最终Boss","【遗物卡牌】REMEMod"],"gold_per_floor":[116,130,205,215,233,233,233],"floor_reached":6,"language":"ZHS","playtime":391,"items_purged":[],"score":42,"play_id":"fc274058-0f98-4380-b698-30fababc5507","local_time":"20210124193026","is_ascension_mode":true,"campfire_choices":[],"circlet_count":0,"master_deck":["Strike_R","Strike_R","Strike_R","Strike_R","Strike_R","Defend_R","Defend_R","Defend_R","Defend_R","Bash","MostiFishMod:Neptune","MostiFishMod:TheEndOfMoonlight","MostiFishMod:SparklingWater","MostiFishMod:FantasySummer","MostiFishMod:NightSea","Iron Wave","Scorched","LittlePrince","Double Tap","PunishingBird","Pommel Strike","Alriune","Anger"],"relics":["Burning Blood","AT_ATBox","HushsDoor","REME_ComplimentaryCards","DaveBox","MoonlightInvasionPlan","GuppysTail","CogitoBucket","SynthV:TestCard","LetterFromLob"],"acts_visited":["Exordium"],"potions_floor_usage":[],"damage_taken":[{"damage":4,"enemies":"Small Slimes","floor":1,"turns":5},{"damage":0,"enemies":"Cultist","floor":2,"turns":3},{"damage":7,"enemies":"Jaw Worm","floor":4,"turns":4},{"damage":8,"enemies":"Exordium Wildlife","floor":5,"turns":2},{"damage":144,"enemies":"Lagavulin","floor":6,"turns":6}],"seed_played":"-4586947360753821569","potions_obtained":[{"floor":5,"key":"EssenceOfSteel"}],"is_trial":false,"path_per_floor":["M","M","?","M","M","E"],"character_chosen":"IRONCLAD","items_purchased":[],"campfire_rested":0,"item_purchase_floors":[],"current_hp_per_floor":[80,80,69,68,68,0,0],"gold":233,"neow_bonus":"","is_daily":false,"chose_seed":false,"campfire_upgraded":0,"win_rate":0.0,"timestamp":1611487826,"path_taken":["M","M","?","M","M","E"],"items_purchased_type":[],"build_version":"2020-12-22","purchased_purges":0,"victory":false,"max_hp_per_floor":[80,80,80,80,80,80,80],"card_choices":[{"not_picked":["Shrug It Off","Hemokinesis"],"picked":"Iron Wave","floor":1},{"not_picked":["CrumblingArmor","BigBird"],"picked":"Scorched","floor":1},{"not_picked":["FairyFestival","Wellcheers"],"picked":"LittlePrince","floor":2},{"not_picked":["REME_Scribble","True Grit","Twin Strike","Dual Wield"],"picked":"Double Tap","floor":2},{"not_picked":["CrumblingArmor","ShyLook"],"picked":"PunishingBird","floor":4},{"not_picked":["Flex","Warcry","Body Slam","Iron Wave"],"picked":"Pommel Strike","floor":4},{"not_picked":["ShyLook","FairyFestival"],"picked":"Alriune","floor":5},{"not_picked":["Seeing Red","Flex","REME_Cut","Hemokinesis"],"picked":"Anger","floor":5}],"player_experience":139560,"relics_obtained":[{"floor":1,"key":"SynthV:TestCard"},{"floor":1,"key":"LetterFromLob"}],"event_choices":[{"damage_healed":0,"gold_gain":75,"player_choice":"Gather Gold","damage_taken":11,"max_hp_gain":0,"max_hp_loss":0,"event_name":"World of Goop","floor":3,"gold_loss":0}],"is_beta":false,"boss_relics":[],"items_purged_floors":[],"is_endless":false,"potions_floor_spawned":[4,5],"killed_by":"Lagavulin","ascension_level":2}}