{"host":"ebj6lkgm8suah319","time":1611510342,"event":{"mods":["2.2 Compatiblity","AchievementEnabler","BaseMod","Block Reminder","Colored Map","Colored Powertips","Minty Spire (QoL Compilation)","Quick Restart","Rare Cards Sparkle","Relic Stats","SuperFastMode"],"gold_per_floor":[113,113,113,113,113,113,144,156,168,180,192,217,229,271,283,398,410,435,458,115,130,142,142,175,185,185,219,219,237,21,37,37,133,133,148,148,32,84,100,100,127,127,127,127,157,157,29,40,40,40],"floor_reached":51,"language":"ENG","playtime":1969,"items_purged":["Defend_G","Decay"],"score":949,"play_id":"5a566510-a7cf-42e2-85af-783aee3db949","local_time":"20210124124542","is_ascension_mode":false,"campfire_choices":[{"data":"Neutralize","floor":6,"key":"SMITH"},{"data":"Dagger Throw","floor":8,"key":"SMITH"},{"data":"Survivor","floor":10,"key":"SMITH"},{"data":"Wraith Form v2","floor":15,"key":"SMITH"},{"data":"Crippling Poison","floor":23,"key":"SMITH"},{"data":"Skewer","floor":28,"key":"SMITH"},{"floor":32,"key":"REST"},{"data":"After Image","floor":40,"key":"SMITH"},{"data":"Malaise","floor":42,"key":"SMITH"},{"data":"Deadly Poison","floor":44,"key":"SMITH"},{"data":"PiercingWail","floor":49,"key":"SMITH"}],"circlet_count":0,"master_deck":["Strike_G+1","Defend_G","Defend_G","Defend_G+1","Defend_G","Survivor+1","Neutralize+1","Dagger Throw+1","Deadly Poison+1","Wraith Form v2+1","Malaise+1","Sucker Punch+1","Flying Knee+1","Finisher+1","PiercingWail+1","After Image+1","PiercingWail","Dash+1","Crippling Poison+1","Crippling Poison+1","Skewer+1","Caltrops+1","Noxious Fumes+1","Footwork+1","Well Laid Plans+1","PiercingWail","PiercingWail+1","Wraith Form v2+1","Backflip+1","Flash of Steel+1","Backflip+1","Deadly Poison+1","Leg Sweep+1","Infinite Blades+1"],"relics":["Ring of the Snake","NeowsBlessing","MawBank","Nunchaku","Thread and Needle","Astrolabe","Membership Card","Dream Catcher","Frozen Egg 2","Ninja Scroll","Molten Egg 2","White Beast Statue","Orrery","Cursed Key","Chemical X","Ginger","Sundial","Ice Cream","Strawberry","Bronze Scales"],"acts_visited":["Exordium","TheCity","TheBeyond"],"potions_floor_usage":[14,24,24,33,35,38,39,41,45,45,50],"damage_taken":[{"damage":0,"enemies":"Small Slimes","floor":1,"turns":1},{"damage":0,"enemies":"3 Sentries","floor":7,"turns":1},{"damage":0,"enemies":"2 Louse","floor":12,"turns":1},{"damage":0,"enemies":"Gremlin Nob","floor":14,"turns":3},{"damage":2,"enemies":"The Guardian","floor":16,"turns":14},{"damage":4,"enemies":"Chosen","floor":18,"turns":5},{"damage":5,"enemies":"3 Byrds","floor":19,"turns":6},{"damage":5,"enemies":"3 Cultists","floor":21,"turns":6},{"damage":7,"enemies":"Shelled Parasite and Fungi","floor":22,"turns":9},{"damage":8,"enemies":"Slavers","floor":24,"turns":7},{"damage":0,"enemies":"Centurion and Healer","floor":25,"turns":8},{"damage":0,"enemies":"Gremlin Leader","floor":27,"turns":6},{"damage":0,"enemies":"Cultist and Chosen","floor":29,"turns":6},{"damage":10,"enemies":"Snecko","floor":31,"turns":4},{"damage":9,"enemies":"Champ","floor":33,"turns":14},{"damage":3,"enemies":"3 Darklings","floor":35,"turns":5},{"damage":0,"enemies":"2 Orb Walkers","floor":38,"turns":7},{"damage":0,"enemies":"3 Shapes","floor":39,"turns":2},{"damage":0,"enemies":"Giant Head","floor":41,"turns":10},{"damage":0,"enemies":"Reptomancer","floor":45,"turns":6},{"damage":1,"enemies":"Jaw Worm Horde","floor":48,"turns":5},{"damage":0,"enemies":"Donu and Deca","floor":50,"turns":11}],"seed_played":"-8255540225918076960","potions_obtained":[{"floor":7,"key":"FearPotion"},{"floor":14,"key":"ColorlessPotion"},{"floor":19,"key":"Poison Potion"},{"floor":21,"key":"Fire Potion"},{"floor":24,"key":"Weak Potion"},{"floor":27,"key":"LiquidMemories"},{"floor":31,"key":"Strength Potion"},{"floor":33,"key":"FearPotion"},{"floor":35,"key":"AttackPotion"},{"floor":38,"key":"Explosive Potion"},{"floor":39,"key":"BlessingOfTheForge"},{"floor":41,"key":"FairyPotion"},{"floor":45,"key":"Weak Potion"},{"floor":48,"key":"ColorlessPotion"}],"is_trial":false,"path_per_floor":["M","?","?","?","?","R","E","R","T","R","$","M","$","E","R","B",null,"M","M","$","M","M","R","E","M","T","E","R","M","$","M","R","B",null,"M","?","$","?","M","R","E","R","T","R","E","T","$","M","R","B",null],"character_chosen":"THE_SILENT","items_purchased":["Membership Card","After Image","Dream Catcher","PiercingWail","Caltrops+1","White Beast Statue","Orrery","Chemical X","Flash of Steel+1","Bronze Scales"],"campfire_rested":1,"item_purchase_floors":[20,20,20,20,30,30,30,37,37,47],"current_hp_per_floor":[70,56,49,49,54,54,54,54,54,54,54,54,54,54,54,52,75,71,66,66,61,54,54,46,46,46,46,46,46,46,36,58,49,75,72,75,75,75,75,75,75,75,75,75,82,82,82,81,81,81],"gold":40,"neow_bonus":"THREE_ENEMY_KILL","is_daily":false,"chose_seed":false,"campfire_upgraded":10,"win_rate":0.0,"timestamp":1611510342,"path_taken":["M","?","?","?","?","R","E","R","T","R","?","M","$","E","R","BOSS","M","M","$","M","M","R","E","M","T","E","R","M","$","M","R","BOSS","M","?","?","?","?","R","E","R","T","R","E","?","$","M","R","BOSS"],"items_purchased_type":["Relic","Card","Relic","Card","Card","Relic","Relic","Relic","Card","Relic"],"build_version":"2020-12-22","purchased_purges":2,"victory":true,"max_hp_per_floor":[70,70,70,70,75,75,75,75,75,75,75,75,75,75,75,75,75,75,75,75,75,75,75,75,75,75,75,75,75,75,75,75,75,75,75,75,75,75,75,75,75,75,75,75,82,82,82,82,82,82],"relic_stats":{"Nunchaku":[26],"Dream Catcher":1,"counters":[22,137],"Sundial":[2],"Astrolabe":["Sucker Punch","Flying Knee","Finisher"],"Bronze Scales":[48],"Chemical X":[14],"Ginger":[4],"MawBank":156,"Cursed Key":1,"obtain_stats":[{"Ice Cream":43,"NeowsBlessing":0,"Astrolabe":17,"Thread and Needle":14,"Ginger":38,"Frozen Egg 2":24,"MawBank":7,"Cursed Key":34,"White Beast Statue":30,"Nunchaku":9,"Dream Catcher":20,"Ninja Scroll":26,"Sundial":41,"Strawberry":45,"Bronze Scales":47,"Orrery":30,"Molten Egg 2":27,"Membership Card":20,"Chemical X":37,"Ring of the Snake":0},{"Ice Cream":19,"NeowsBlessing":0,"Astrolabe":5,"Thread and Needle":4,"Ginger":17,"Frozen Egg 2":10,"MawBank":2,"Cursed Key":15,"White Beast Statue":13,"Nunchaku":2,"Dream Catcher":7,"Ninja Scroll":11,"Sundial":19,"Strawberry":20,"Bronze Scales":20,"Orrery":13,"Molten Egg 2":12,"Membership Card":7,"Chemical X":16,"Ring of the Snake":0},{"Ice Cream":115,"NeowsBlessing":0,"Astrolabe":20,"Thread and Needle":6,"Ginger":103,"Frozen Egg 2":53,"MawBank":2,"Cursed Key":91,"White Beast Statue":73,"Nunchaku":2,"Dream Catcher":31,"Ninja Scroll":61,"Sundial":115,"Strawberry":121,"Bronze Scales":121,"Orrery":73,"Molten Egg 2":67,"Membership Card":31,"Chemical X":96,"Ring of the Snake":0}],"Ring of the Snake":[44]},"card_choices":[{"not_picked":["Sucker Punch","Underhanded Strike"],"picked":"All Out Attack","floor":1},{"not_picked":["Underhanded Strike","Heel Hook"],"picked":"Dagger Throw","floor":7},{"not_picked":["Caltrops","Dagger Spray"],"picked":"Deadly Poison","floor":12},{"not_picked":["Choke","Dagger Throw"],"picked":"Wraith Form v2","floor":14},{"not_picked":["After Image","Die Die Die"],"picked":"Malaise","floor":16},{"not_picked":["Prepared+1","Flying Knee+1","Tactician"],"picked":"SKIP","floor":18},{"not_picked":["Underhanded Strike+1","Poisoned Stab+1"],"picked":"PiercingWail","floor":19},{"not_picked":["Sucker Punch","Dagger Spray"],"picked":"Dash+1","floor":21},{"not_picked":["Dagger Spray","Dagger Throw+1"],"picked":"Crippling Poison","floor":22},{"not_picked":["Calculated Gamble+1","Outmaneuver+1"],"picked":"Crippling Poison+1","floor":24},{"not_picked":["Quick Slash","Prepared+1"],"picked":"Skewer","floor":25},{"not_picked":["Bullet Time","Flying Knee+1","Slice+1"],"picked":"SKIP","floor":27},{"not_picked":["Distraction","Underhanded Strike+1","Calculated Gamble"],"picked":"SKIP","floor":29},{"not_picked":["Tactician","Quick Slash+1"],"picked":"Noxious Fumes+1","floor":30},{"not_picked":["Finisher+1","Deflect"],"picked":"Footwork+1","floor":30},{"not_picked":["Poisoned Stab+1","Dash+1"],"picked":"Well Laid Plans+1","floor":30},{"not_picked":["Blade Dance","Slice+1"],"picked":"PiercingWail","floor":31},{"not_picked":["Calculated Gamble","Tactician"],"picked":"PiercingWail+1","floor":32},{"not_picked":["After Image+1","Bullet Time"],"picked":"Wraith Form v2+1","floor":33},{"not_picked":["Outmaneuver","Poisoned Stab+1"],"picked":"Backflip+1","floor":35},{"not_picked":["Deadly Poison+1","Well Laid Plans+1"],"picked":"Backflip+1","floor":38},{"not_picked":["Prepared","Deflect+1"],"picked":"Deadly Poison+1","floor":39},{"not_picked":["All Out Attack+1","Caltrops+1"],"picked":"Leg Sweep+1","floor":41},{"not_picked":["Bullet Time","Flying Knee+1","Backstab+1"],"picked":"SKIP","floor":45},{"not_picked":["Outmaneuver+1","Backflip"],"picked":"Infinite Blades+1","floor":48}],"player_experience":70372,"relics_obtained":[{"floor":7,"key":"MawBank"},{"floor":9,"key":"Nunchaku"},{"floor":14,"key":"Thread and Needle"},{"floor":24,"key":"Frozen Egg 2"},{"floor":26,"key":"Ninja Scroll"},{"floor":27,"key":"Molten Egg 2"},{"floor":38,"key":"Ginger"},{"floor":41,"key":"Sundial"},{"floor":43,"key":"Ice Cream"},{"floor":45,"key":"Strawberry"}],"event_choices":[{"damage_healed":0,"gold_gain":0,"player_choice":"Entered Light","damage_taken":14,"max_hp_gain":0,"max_hp_loss":0,"event_name":"Shining Light","floor":2,"gold_loss":0,"cards_upgraded":["Strike_G","Defend_G"]},{"cards_removed":["Strike_G"],"damage_healed":0,"gold_gain":0,"player_choice":"Card Removal","damage_taken":7,"max_hp_gain":0,"max_hp_loss":0,"event_name":"Golden Wing","floor":3,"gold_loss":0},{"damage_healed":0,"gold_gain":0,"player_choice":"Grow","damage_taken":0,"max_hp_gain":0,"max_hp_loss":0,"event_name":"Living Wall","floor":4,"gold_loss":0,"cards_upgraded":["All Out Attack"]},{"damage_healed":0,"gold_gain":0,"player_choice":"Donut","damage_taken":0,"max_hp_gain":5,"max_hp_loss":0,"event_name":"Big Fish","floor":5,"gold_loss":0},{"cards_removed":["All Out Attack"],"damage_healed":3,"gold_gain":0,"player_choice":"Offered Uncommon","damage_taken":0,"max_hp_gain":0,"max_hp_loss":0,"event_name":"Bonfire Elementals","floor":36,"gold_loss":0},{"damage_healed":0,"gold_gain":0,"player_choice":"Fight","damage_taken":0,"max_hp_gain":0,"max_hp_loss":0,"event_name":"Mysterious Sphere","floor":38,"gold_loss":0}],"is_beta":false,"boss_relics":[{"not_picked":["Ring of the Serpent","Velvet Choker"],"picked":"Astrolabe"},{"not_picked":["Empty Cage","SacredBark"],"picked":"Cursed Key"}],"items_purged_floors":[20,47],"is_endless":false,"potions_floor_spawned":[7,14,19,21,24,27,31,33,35,38,39,41,45,48],"ascension_level":0}}