{"host":"ysj15tgd1sneq0s0","time":1611468553,"event":{"mods":["AchievementEnabler","BaseMod","DeckTracker","Highlight Path","Minty Spire (QoL Compilation)","Permanent Neow","Quick Restart","StSLib","SuperFastMode","everything is the same but u backflip on backflip"],"gold_per_floor":[214,214,239,314,329,329,344,373,397,416,416,292,306,306,306,403,403,419,164,177,177,177,98,98,8,8,8,24,24,24],"floor_reached":29,"language":"KOR","playtime":900,"items_purged":["Strike_G","Strike_G"],"score":223,"play_id":"30ed3dd4-cea9-4027-a790-750811a27d78","local_time":"20210124150913","is_ascension_mode":false,"campfire_choices":[{"data":"Slice","floor":6,"key":"SMITH"},{"floor":11,"key":"REST"},{"data":"Poisoned Stab","floor":15,"key":"SMITH"},{"data":"After Image","floor":24,"key":"SMITH"}],"circlet_count":0,"master_deck":["Strike_G","Strike_G","Strike_G+1","Defend_G","Defend_G","Defend_G","Survivor","Neutralize+1","Slice+1","Poisoned Stab+1","Dagger Spray","Bane+1","Blade Dance","Slice","After Image+1","Deadly Poison+1","Bane+1","Noxious Fumes","Poisoned Stab+1"],"relics":["Ring of the Snake","Dream Catcher","Potion Belt","Toy Ornithopter","WristBlade","Omamori","Blood Vial","Pocketwatch"],"acts_visited":["Exordium","TheCity"],"potions_floor_usage":[8,16,16],"damage_taken":[{"damage":0,"enemies":"Cultist","floor":1,"turns":5},{"damage":3,"enemies":"Jaw Worm","floor":5,"turns":3},{"damage":1,"enemies":"2 Louse","floor":7,"turns":2},{"damage":6,"enemies":"Gremlin Nob","floor":8,"turns":4},{"damage":14,"enemies":"Looter","floor":10,"turns":3},{"damage":0,"enemies":"2 Fungi Beasts","floor":13,"turns":3},{"damage":49,"enemies":"Slime Boss","floor":16,"turns":12},{"damage":19,"enemies":"Shell Parasite","floor":18,"turns":4},{"damage":1,"enemies":"Chosen","floor":20,"turns":3},{"damage":23,"enemies":"Snake Plant","floor":27,"turns":4},{"damage":20,"enemies":"3 Cultists","floor":28,"turns":5},{"damage":15,"enemies":"Centurion and Healer","floor":29,"turns":1}],"seed_played":"4347954939916575084","potions_obtained":[{"floor":1,"key":"Fire Potion"},{"floor":5,"key":"FearPotion"},{"floor":10,"key":"GamblersBrew"},{"floor":20,"key":"EssenceOfSteel"}],"is_trial":false,"path_per_floor":["M","?","T","?","M","R","M","E","T","M","R","$","M","?","R","B",null,"M","$","M","?","?","$","R","?","T","M","M","M"],"character_chosen":"THE_SILENT","items_purchased":["Blade Dance","Omamori","Noxious Fumes"],"campfire_rested":1,"item_purchase_floors":[12,19,23],"current_hp_per_floor":[70,56,56,45,42,42,41,35,35,21,42,42,42,42,42,3,70,51,51,50,50,50,50,50,50,50,29,11,0,0],"gold":24,"neow_bonus":"HUNDRED_GOLD","is_daily":false,"chose_seed":false,"campfire_upgraded":3,"win_rate":0.0,"timestamp":1611468553,"path_taken":["M","?","?","?","M","R","M","E","T","M","R","?","M","?","R","BOSS","M","$","M","?","?","$","R","?","T","M","M","M"],"items_purchased_type":["Card","Relic","Card"],"build_version":"2020-12-22","purchased_purges":2,"victory":false,"max_hp_per_floor":[70,70,70,70,70,70,70,70,70,70,70,70,70,70,70,70,70,70,70,70,70,70,70,70,70,70,70,70,70,70],"card_choices":[{"not_picked":["All Out Attack","Skewer"],"picked":"Slice","floor":1},{"not_picked":["All Out Attack","Calculated Gamble","Quick Slash"],"picked":"SKIP","floor":5},{"not_picked":["Blade Dance","Slice"],"picked":"Poisoned Stab","floor":7},{"not_picked":["Flying Knee","Outmaneuver"],"picked":"Dagger Spray","floor":8},{"not_picked":["Distraction","Slice"],"picked":"Bane","floor":10},{"not_picked":["Backflip","Tools of the Trade"],"picked":"Slice","floor":13},{"not_picked":["Wraith Form v2","Doppelganger"],"picked":"After Image","floor":16},{"not_picked":["Dodge and Roll","Backflip"],"picked":"Deadly Poison+1","floor":18},{"not_picked":["Unload","Distraction"],"picked":"Bane+1","floor":20},{"not_picked":["Skewer+1","Riddle With Holes","Endless Agony"],"picked":"SKIP","floor":27},{"not_picked":["Underhanded Strike","Dagger Throw"],"picked":"Poisoned Stab+1","floor":28}],"player_experience":23244,"relics_obtained":[{"floor":3,"key":"Dream Catcher"},{"floor":8,"key":"Potion Belt"},{"floor":9,"key":"Toy Ornithopter"},{"floor":26,"key":"Pocketwatch"}],"event_choices":[{"damage_healed":0,"gold_gain":0,"player_choice":"Entered Light","damage_taken":14,"max_hp_gain":0,"max_hp_loss":0,"event_name":"Shining Light","floor":2,"gold_loss":0,"cards_upgraded":["Strike_G","Neutralize"]},{"damage_healed":0,"gold_gain":75,"player_choice":"Gather Gold","damage_taken":11,"max_hp_gain":0,"max_hp_loss":0,"event_name":"World of Goop","floor":4,"gold_loss":0},{"damage_healed":0,"gold_gain":0,"player_choice":"Ignored","damage_taken":0,"max_hp_gain":0,"max_hp_loss":0,"event_name":"Liars Game","floor":14,"gold_loss":0},{"cards_removed":["Defend_G"],"damage_healed":0,"gold_gain":0,"player_choice":"Elegance","damage_taken":0,"max_hp_gain":0,"max_hp_loss":0,"event_name":"Back to Basics","floor":21,"gold_loss":0},{"damage_healed":0,"gold_gain":0,"player_choice":"Stole Relic","damage_taken":0,"relics_obtained":["Blood Vial"],"max_hp_gain":0,"max_hp_loss":0,"event_name":"Addict","floor":22,"gold_loss":0,"cards_obtained":["Shame"]},{"cards_removed":["Defend_G"],"damage_healed":0,"gold_gain":0,"player_choice":"Upgrade and Remove","damage_taken":0,"max_hp_gain":0,"max_hp_loss":0,"event_name":"Designer","floor":25,"gold_loss":90,"cards_upgraded":["Bane"]}],"is_beta":false,"boss_relics":[{"not_picked":["Runic Pyramid","Empty Cage"],"picked":"WristBlade"}],"items_purged_floors":[12,19],"is_endless":false,"potions_floor_spawned":[1,5,10,20,27],"killed_by":"Centurion and Healer","ascension_level":0}}