{"host":"mg1itvgex7et97yk","time":1611452646,"event":{"mods":["100% Spire Juice","2.2 Compatiblity","Act Like it!","Aspiration","BaseMod","Bestiary","Challenge The Spire","Colored Map","Conspire","Elementarium","Energized Spire","Gensokyo","GifTheSpireLib","Googly Eyes","GungeonMod","Halation","Hallownest","Highlight Path","Hubris","Infinite Spire","Jedi Mod","Jorbs\u0027s Wanderer Trilogy","Menagerie","Mimic Mod","Minty Spire (QoL Compilation)","Quarter Circle Forward PUNCH!","Rare Cards Sparkle","Relic Sorter","Relic Stats","Replay The Spire","Shop Mod","Small Relic Pack","Spikes Relics","Spire Arcade","StSLib","Stuff the Spire","The Animator","The Blue Laboratory","The Bug Knight","The Forsaken","The IronCluck","The Wild Card","Trackpad","[IsaacMod]????","everything is the same but u backflip on backflip","slay the spire mod where everything is the same but ironclad has a cowboy hat","vexMod","??????REMEMod"],"gold_per_floor":[118,136,153,19,32,64,64,289,336,651,36,37,51,51,51,149,149,248,2,102,112,129,129,159,159,159,187,199,199,199,218,218,373,373,384,384,48,48,8,8,136,36,36,66,147,228,268,314,314,428,428,670,735,735,735,735,735,758,780,896,917,917,1010,1193,1464,1464,1776,1776,1879,1879,2192,2191,2191],"floor_reached":72,"language":"ENG","playtime":10748,"items_purged":[],"score":1456,"play_id":"d71b9c71-b6ba-4642-9f3d-3c402ad9d0d7","local_time":"20210123174406","is_ascension_mode":false,"campfire_choices":[{"floor":7.0,"key":"RECALL"},{"data":"ReplayTheSpireMod:Brewmster","floor":15.0,"key":"SMITH"},{"data":"LessonLearned","floor":23.0,"key":"SMITH"},{"data":"Moonworks:Accelerator","floor":32.0,"key":"SMITH"},{"data":"Moonworks:MeltingMemories","floor":49.0,"key":"SMITH"},{"data":"Moonworks:Blazing","floor":66.0,"key":"SMITH"},{"floor":68,"key":"REST"}],"circlet_count":0,"master_deck":["Moonworks:Strike+1","Moonworks:Defend+1","Moonworks:Defend+1","LessonLearned+1","Moonworks:SakisCookie+1","Moonworks:RedAndBlue+1","Moonworks:IntelligenceOfficer+1","Moonworks:ExtendedPhotonRifle+1","Moonworks:FullSpeedAlicianrone+1","Moonworks:SakisCookie+1","Moonworks:StarBlastingFuse+1","ReplayTheSpireMod:Brewmster+1","Moonworks:CrystalBarrier+1","Moonworks:SakisCookie+1","Moonworks:NicePresent+1","Moonworks:AwakeningOfTalent+1","Moonworks:Accelerator+1","Moonworks:BindingChains+1","Moonworks:SweetBattle+1","Moonworks:LuckyCharm+1","Moonworks:SubspaceTunnel+1","animator:Archer+1","theForsaken:ShieldCharge+1","Expertise+1","animator:LeleiLaLalena+1","stsjorbsmod:Feint+1","Moonworks:LulusLuckyEgg+1","Moonworks:MeltingMemories+1","conspire:SpireCoStock+1","conspire:SpireCoStock+1","Moonworks:LulusLuckyEgg+1","Moonworks:NicePresent+1","Moonworks:SakisCookie+1","Moonworks:MiracleRedBeanIceCream+1","Moonworks:Dinner+1","Moonworks:Blazing+1","Moonworks:SakisCookie+1","Moonworks:Bloodlust+1","Moonworks:RedAndBlue+1","Moonworks:NicePresent+1","Moonworks:UnluckyCharm+1","Moonworks:Dash+1","Moonworks:SweetBattle+1","hubris:Fate+1","Moonworks:ShieldCounter+1","Moonworks:NicePresent+1","Moonworks:CrystalBarrier","infinitespire:Punishment","Moonworks:NicePresent+1"],"relics":["Moonworks:BrokenBomb","BloodDonationBag","TheBean","Moonworks:Homemark","hubris:Icosahedron","Replay:Drink Me","infinitespire:Joker Card","CrustySpines","halation:PromiseList","qcfpunch:Killian_Engine_Alpha","hubris:Towel","DemoMod:Metronome","qcfpunch:Spiky_Bracers","Gensokyo:ConquerorOfFear","Toxic Egg 2","Blue Doll","Turnip","halation:Jellyphish","ChewingGum","Gensokyo:LunaticRedEyes","Sling","jedi:gremlinknob","trackpad:HandOfMidas","trackpad:AdjectivePendant","trackpad:WritersBlock","REME_ComplimentaryCards","HushsDoor","conspire:GlowingRock","Strawberry","aspiration:Lifesprig","trackpad:ToughGloves","trackpad:SappingStone","aspiration:RitualDagger","RottenBaby","theForsaken:Lifeblossom","qcfpunch:Wrestler\u0027s_Cloak","qcfpunch:Chain_With_Nametags","Replay:Bottled Flurry","MaYiHuaBei","Replay:Mystery Machine","Singing Bowl","jedi:crownofsimplicity","jedi:archwizardhat","DemoMod:GlassGuonStoneRelic","aspiration:ChemicalBlood","trackpad:CultistFigurine","StuffTheSpire:DarkSteelAnvil","trackpad:FieryHotPepper","qcfpunch:Crimson_Sash","MyShadow","Sandwich"],"acts_visited":["Gensokyo:Gensokyo","Gensokyo:Gensokyoer","Gensokyo:Gensokyoest","Menagerie:Menagerie","TheCity"],"potions_floor_usage":[67,67,67,69,69,69,69,72,72],"damage_taken":[{"damage":6.0,"enemies":"Gensokyo:Python","floor":1.0,"turns":3.0},{"damage":7.0,"enemies":"Gensokyo:Gryphon","floor":2.0,"turns":3.0},{"damage":0.0,"enemies":"Gensokyo:3_Fairies","floor":3.0,"turns":4.0},{"damage":2.0,"enemies":"Gensokyo:Kitsune","floor":5.0,"turns":4.0},{"damage":11.0,"enemies":"Gensokyo:Aya","floor":6.0,"turns":7.0},{"damage":1.0,"enemies":"Gensokyo:Cirno","floor":8.0,"turns":9.0},{"damage":16.0,"enemies":"Gensokyo:2_Rabbits","floor":10.0,"turns":5.0},{"damage":0.0,"enemies":"Gensokyo:LivingMonolith","floor":13.0,"turns":3.0},{"damage":10.0,"enemies":"Gensokyo:Reimu","floor":16.0,"turns":6.0},{"damage":0.0,"enemies":"Gensokyo:Chomper","floor":18.0,"turns":1.0},{"damage":0.0,"enemies":"Gensokyo:Chomper","floor":20.0,"turns":13.0},{"damage":15.0,"enemies":"Gensokyo:2_Gloops","floor":21.0,"turns":8.0},{"damage":12.0,"enemies":"Gensokyo:Monolith_and_Dog","floor":22.0,"turns":5.0},{"damage":2.0,"enemies":"Gensokyo:Tenshi","floor":24.0,"turns":3.0},{"damage":26.0,"enemies":"Nightmare","floor":27.0,"turns":11.0},{"damage":19.0,"enemies":"Gensokyo:Slime_Group","floor":28.0,"turns":4.0},{"damage":3.0,"enemies":"Gensokyo:Chomper_and_Gloop","floor":31.0,"turns":4.0},{"damage":47.0,"enemies":"Gensokyo:Eternal_Rivals","floor":33.0,"turns":9.0},{"damage":6.0,"enemies":"Gensokyo:AncientGuardian","floor":35.0,"turns":4.0},{"damage":15.0,"enemies":"Nightmare","floor":41.0,"turns":9.0},{"damage":0.0,"enemies":"Gensokyo:Sharpion","floor":44.0,"turns":4.0},{"damage":1.0,"enemies":"Gensokyo:Rafflesia","floor":45.0,"turns":7.0},{"damage":19.0,"enemies":"Gensokyo:Marisa","floor":46.0,"turns":3.0},{"damage":0.0,"enemies":"Gensokyo:4_Bats","floor":47.0,"turns":2.0},{"damage":0.0,"enemies":"Gensokyo:AtlasGolem","floor":48.0,"turns":4.0},{"damage":14.0,"enemies":"Gensokyo:Scarlet_Devils","floor":50.0,"turns":8.0},{"damage":1.00000018E8,"enemies":"Menagerie:WhisperingWraith","floor":52.0,"turns":3.0},{"damage":18.0,"enemies":"Hiden Room Battle","floor":53.0,"turns":3.0},{"damage":3.0,"enemies":"Menagerie:2_RABBITS","floor":58.0,"turns":1.0},{"damage":0.0,"enemies":"Menagerie:VoidReaper","floor":59.0,"turns":2.0},{"damage":0.0,"enemies":"Menagerie:MonstrousExperiment","floor":60.0,"turns":1.0},{"damage":0.0,"enemies":"Menagerie:MaskedSummoner","floor":61.0,"turns":1.0},{"damage":0.0,"enemies":"Menagerie:3_RABBITS","floor":63.0,"turns":2.0},{"damage":0.0,"enemies":"Nightmare_Alpha","floor":64.0,"turns":4.0},{"damage":0.0,"enemies":"Menagerie:KEEPER_AND_YOUNG_SUNEATER","floor":65.0,"turns":1.0},{"damage":0,"enemies":"Menagerie:Hexasnake","floor":67,"turns":3},{"damage":2,"enemies":"Menagerie:AVATARS","floor":69,"turns":2},{"damage":3,"enemies":"Shell Parasite","floor":71,"turns":1},{"damage":1002,"enemies":"Sentry and Sphere","floor":72,"turns":1}],"seed_played":"8706825881985559400","potions_obtained":[{"floor":3.0,"key":"blueLaboratory:FrostheartPotion"},{"floor":10.0,"key":"blueLaboratory:AbyssPotion"},{"floor":16.0,"key":"Strength Potion"},{"floor":22.0,"key":"blueLaboratory:HorrorPotion"},{"floor":28.0,"key":"DistilledChaos"},{"floor":35.0,"key":"Explosive Potion"},{"floor":45.0,"key":"blueLaboratory:LouseDecoction"},{"floor":47.0,"key":"PowerPotion"},{"floor":48.0,"key":"DemoMod:LeadSkinPotion"},{"floor":52.0,"key":"blueLaboratory:EmptyBottle"},{"floor":52.0,"key":"blueLaboratory:HorrorPotion"},{"floor":52.0,"key":"blueLaboratory:BubblePotion"},{"floor":58.0,"key":"BlessingOfTheForge"},{"floor":59.0,"key":"SteroidPotion"},{"floor":60.0,"key":"blueLaboratory:Moonshine"},{"floor":65.0,"key":"blueLaboratory:BottleOfVodka"},{"floor":67,"key":"Weak Potion"},{"floor":69,"key":"blueLaboratory:AbyssPotion"},{"floor":69,"key":"jedi:StrikingPotion"},{"floor":69,"key":"Explosive Potion"}],"is_trial":false,"path_per_floor":["M","M","M","COS","M","E","R","E","T","M","$","?","M","?","R","B",null,"M","COS","?","M","M","R","E","?","T","NM","M","?","?","M","R","B",null,"M","M","$","?","COS","?","NM","?","T","M","M","E","M","M","R","B",null,"M","?","?","PTL","PTL","AVR","M","E","M","E","T","M","NM","M","R","M","R","B",null,"M","M"],"character_chosen":"THE_STARBREAKER","items_purchased":["ReplayTheSpireMod:Brewmster","jedi:gremlinknob","Sling","Moonworks:LulusLuckyEgg+1","conspire:GlowingRock","RottenBaby","MyShadow"],"campfire_rested":1,"item_purchase_floors":[11,11,11,37,37,51,70],"current_hp_per_floor":[60,53,53,53,51,43,43,45,45,32,25,38,38,38,38,31,66,66,33,36,26,19,19,20,20,20,43,61,61,61,61,61,38,98,98,74,74,74,53,53,49,49,56,68,81,62,76,81,81,81,65,63,65,50,50,50,50,55,65,65,65,65,52,65,65,65,62,74,74,62,13,0,0],"gold":2191,"neow_bonus":"TEN_PERCENT_HP_BONUS","is_daily":false,"chose_seed":false,"campfire_upgraded":5,"win_rate":0.0,"timestamp":1611452646,"path_taken":["M","M","M","COS","M","E","R","E","T","M","?","?","M","?","R","BOSS","M","COS","?","M","M","R","E","?","T","NM","M","?","?","M","R","BOSS","M","M","$","?","COS","?","NM","?","T","?","M","E","M","M","R","BOSS","M","?","?","PTL","PTL","AVR","M","E","M","E","T","?","NM","?","R","M","R","BOSS","M","M"],"items_purchased_type":["Card","Relic","Relic","Card","Relic","Relic","Relic"],"build_version":"2020-12-22","purchased_purges":0,"victory":false,"max_hp_per_floor":[66,66,66,66,66,66,66,66,66,66,66,66,66,66,66,66,66,66,66,66,66,66,66,66,66,66,66,96,96,96,96,96,98,98,98,74,74,74,74,74,74,74,81,81,81,81,81,81,81,81,65,65,65,65,65,65,65,65,65,65,65,65,65,65,67,67,74,74,74,62,62,62,62],"relic_stats":{"Singing Bowl":2,"counters":[39,168],"Turnip":[26],"obtain_stats":[{"trackpad:Mousetrap":31,"vexMod:MemoryStick":46,"Gensokyo:UndefinedDarkness":25,"DemoMod:GlassGuonStoneRelic":20,"Sling":11,"Boot":24,"Replay:Wanted Poster":60,"trackpad:ToughGloves":46,"conspire:GlowingRock":37,"TheBean":41,"DemoMod:Metronome":27,"DemoMod:MonsterBlood":67,"Strawberry":43,"Replay:Bronze Core":61,"trackpad:WritersBlock":8,"Philosopher\u0027s Stone":33,"infinitespire:Golems Mask":69,"MyShadow":70,"halation:PromiseList":22,"Replay:Bottled Flurry":52,"trackpad:AdjectivePendant":6,"Toxic Egg 2":24,"trackpad:CultistFigurine":61,"qcfpunch:Chain_With_Nametags":52,"KeepersGift":0,"trackpad:SappingStone":46,"jedi:HeartOfTheCards":63,"infinitespire:Broken Mirror":27,"Moonworks:Homemark":0,"halation:Jellyphish":19,"StuffTheSpire:DarkSteelAnvil":62,"HushsDoor":0,"CrustySpines":27,"BloodDonationMachine":0,"vexMod:BigBerry":28,"MaYiHuaBei":52,"qcfpunch:Spiky_Bracers":26,"aspiration:Lifesprig":45,"Singing Bowl":53,"Blue Doll":21,"theForsaken:Lifeblossom":52,"relicPack:ShieldShield":59,"Replay:Mystery Machine":53,"jedi:archwizardhat":57,"qcfpunch:Killian_Engine_Alpha":34,"Gensokyo:LunaticRedEyes":14,"qcfpunch:Crimson_Sash":70,"hubris:Icosahedron":29,"trackpad:FieryHotPepper":64,"Gambling Chip":41,"vexMod:RedPlottingStone":44,"RollingBoulder":47,"qcfpunch:Wrestler\u0027s_Cloak":52,"WingedGreaves":58,"Replay:Drink Me":36,"hubris:GlazedTorus":20,"aspiration:ChemicalBlood":59,"jedi:command_common":54,"trackpad:HandOfMidas":10,"StuffTheSpire:RunicHypercube":65,"halation:Yufonium":45,"jedi:gremlinknob":11,"halation:IllGainedPizza":50,"RottenBaby":51,"infinitespire:Joker Card":20,"Replay:WaspNest":64,"aspiration:HummingbirdHeart":21,"Gensokyo:ConquerorOfFear":27,"aspiration:SecretTechniqueScroll":52,"jedi:crownofsimplicity":54,"hubris:Towel":30,"Sandwich":72,"CaptainsWheel":48,"Anchor":71,"BloodDonationBag":19,"ChewingGum":17,"Turnip":20,"REME_HandOfSuture":22,"aspiration:RitualDagger":51,"BlankCard":53,"DemoMod:VorpalBullet":35,"Moonworks:BrokenBomb":0,"REME_ComplimentaryCards":0},{"trackpad:Mousetrap":16,"vexMod:MemoryStick":22,"Gensokyo:UndefinedDarkness":14,"DemoMod:GlassGuonStoneRelic":11,"Sling":7,"Boot":13,"Replay:Wanted Poster":30,"trackpad:ToughGloves":23,"conspire:GlowingRock":19,"TheBean":20,"DemoMod:Metronome":15,"DemoMod:MonsterBlood":35,"Strawberry":20,"Replay:Bronze Core":31,"trackpad:WritersBlock":6,"Philosopher\u0027s Stone":17,"infinitespire:Golems Mask":36,"MyShadow":37,"halation:PromiseList":13,"Replay:Bottled Flurry":27,"trackpad:AdjectivePendant":5,"Toxic Egg 2":14,"trackpad:CultistFigurine":32,"qcfpunch:Chain_With_Nametags":27,"KeepersGift":0,"trackpad:SappingStone":23,"jedi:HeartOfTheCards":32,"infinitespire:Broken Mirror":14,"Moonworks:Homemark":0,"halation:Jellyphish":10,"StuffTheSpire:DarkSteelAnvil":32,"HushsDoor":0,"CrustySpines":15,"BloodDonationMachine":0,"vexMod:BigBerry":15,"MaYiHuaBei":27,"qcfpunch:Spiky_Bracers":14,"aspiration:Lifesprig":22,"Singing Bowl":28,"Blue Doll":12,"theForsaken:Lifeblossom":27,"relicPack:ShieldShield":29,"Replay:Mystery Machine":28,"jedi:archwizardhat":28,"qcfpunch:Killian_Engine_Alpha":18,"Gensokyo:LunaticRedEyes":8,"qcfpunch:Crimson_Sash":37,"hubris:Icosahedron":16,"trackpad:FieryHotPepper":34,"Gambling Chip":19,"vexMod:RedPlottingStone":20,"RollingBoulder":23,"qcfpunch:Wrestler\u0027s_Cloak":27,"WingedGreaves":28,"Replay:Drink Me":19,"hubris:GlazedTorus":10,"aspiration:ChemicalBlood":30,"jedi:command_common":28,"trackpad:HandOfMidas":7,"StuffTheSpire:RunicHypercube":34,"halation:Yufonium":21,"jedi:gremlinknob":7,"halation:IllGainedPizza":25,"RottenBaby":26,"infinitespire:Joker Card":11,"Replay:WaspNest":33,"aspiration:HummingbirdHeart":11,"Gensokyo:ConquerorOfFear":15,"aspiration:SecretTechniqueScroll":26,"jedi:crownofsimplicity":28,"hubris:Towel":16,"Sandwich":38,"CaptainsWheel":24,"Anchor":37,"BloodDonationBag":10,"ChewingGum":9,"Turnip":11,"REME_HandOfSuture":12,"aspiration:RitualDagger":26,"BlankCard":27,"DemoMod:VorpalBullet":18,"Moonworks:BrokenBomb":0,"REME_ComplimentaryCards":0},{"trackpad:Mousetrap":89,"vexMod:MemoryStick":126,"Gensokyo:UndefinedDarkness":74,"DemoMod:GlassGuonStoneRelic":58,"Sling":35,"Boot":71,"Replay:Wanted Poster":152,"trackpad:ToughGloves":127,"conspire:GlowingRock":106,"TheBean":115,"DemoMod:Metronome":85,"DemoMod:MonsterBlood":161,"Strawberry":115,"Replay:Bronze Core":153,"trackpad:WritersBlock":30,"Philosopher\u0027s Stone":93,"infinitespire:Golems Mask":164,"MyShadow":166,"halation:PromiseList":69,"Replay:Bottled Flurry":146,"trackpad:AdjectivePendant":21,"Toxic Egg 2":74,"trackpad:CultistFigurine":154,"qcfpunch:Chain_With_Nametags":146,"KeepersGift":0,"trackpad:SappingStone":129,"jedi:HeartOfTheCards":154,"infinitespire:Broken Mirror":74,"Moonworks:Homemark":0,"halation:Jellyphish":45,"StuffTheSpire:DarkSteelAnvil":154,"HushsDoor":0,"CrustySpines":76,"BloodDonationMachine":0,"vexMod:BigBerry":85,"MaYiHuaBei":146,"qcfpunch:Spiky_Bracers":74,"aspiration:Lifesprig":121,"Singing Bowl":149,"Blue Doll":60,"theForsaken:Lifeblossom":146,"relicPack:ShieldShield":150,"Replay:Mystery Machine":149,"jedi:archwizardhat":149,"qcfpunch:Killian_Engine_Alpha":102,"Gensokyo:LunaticRedEyes":38,"qcfpunch:Crimson_Sash":166,"hubris:Icosahedron":89,"trackpad:FieryHotPepper":160,"Gambling Chip":106,"vexMod:RedPlottingStone":115,"RollingBoulder":129,"qcfpunch:Wrestler\u0027s_Cloak":146,"WingedGreaves":149,"Replay:Drink Me":106,"hubris:GlazedTorus":45,"aspiration:ChemicalBlood":152,"jedi:command_common":149,"trackpad:HandOfMidas":32,"StuffTheSpire:RunicHypercube":160,"halation:Yufonium":119,"jedi:gremlinknob":35,"halation:IllGainedPizza":135,"RottenBaby":143,"infinitespire:Joker Card":58,"Replay:WaspNest":156,"aspiration:HummingbirdHeart":58,"Gensokyo:ConquerorOfFear":85,"aspiration:SecretTechniqueScroll":143,"jedi:crownofsimplicity":149,"hubris:Towel":89,"Sandwich":167,"CaptainsWheel":131,"Anchor":166,"BloodDonationBag":45,"ChewingGum":44,"Turnip":58,"REME_HandOfSuture":66,"aspiration:RitualDagger":143,"BlankCard":146,"DemoMod:VorpalBullet":102,"Moonworks:BrokenBomb":0,"REME_ComplimentaryCards":0}]},"card_choices":[{"not_picked":[],"picked":"SuicideKing","floor":0.0},{"not_picked":["Moonworks:LulusLuckyEgg","Moonworks:IndiscriminateFireSupport"],"picked":"Moonworks:SakisCookie","floor":1.0},{"not_picked":["Moonworks:DeployBits","Moonworks:Dinner"],"picked":"Moonworks:RedAndBlue","floor":2.0},{"not_picked":["Moonworks:Assault","Moonworks:LulusLuckyEgg"],"picked":"Moonworks:IntelligenceOfficer","floor":3.0},{"not_picked":["Moonworks:DeployBits","Moonworks:Assault"],"picked":"Moonworks:ExtendedPhotonRifle","floor":5.0},{"not_picked":["Moonworks:EvilSpyWorkPreparation","Moonworks:LulusLuckyEgg"],"picked":"Moonworks:FullSpeedAlicianrone","floor":6.0},{"not_picked":["Moonworks:FinalSurgery","Moonworks:EvilSpyWorkPreparation"],"picked":"Moonworks:SakisCookie","floor":8.0},{"not_picked":["Moonworks:LulusLuckyEgg","Moonworks:BigMagnum"],"picked":"Moonworks:StarBlastingFuse","floor":10.0},{"not_picked":["Moonworks:Assault","Moonworks:CloudOfSeagulls","Moonworks:CastOff"],"picked":"SKIP","floor":13.0},{"not_picked":["Moonworks:PlushieMaster","Moonworks:AccelHyper"],"picked":"Moonworks:CrystalBarrier","floor":16.0},{"not_picked":["Moonworks:CloudOfSeagulls","Moonworks:DeployBits"],"picked":"Moonworks:SakisCookie","floor":18.0},{"not_picked":["Moonworks:DeployBits","Moonworks:CloudOfSeagulls"],"picked":"Moonworks:NicePresent+1","floor":21.0},{"not_picked":["Moonworks:DeployBits","Moonworks:EvilSpyWorkPreparation"],"picked":"Moonworks:AwakeningOfTalent","floor":22.0},{"not_picked":["Moonworks:ExtendedPhotonRifle","Moonworks:WeAreWaruda+1"],"picked":"Moonworks:Accelerator","floor":24.0},{"not_picked":["Moonworks:ImOnFire+1","Moonworks:AwakeningOfTalent"],"picked":"Moonworks:BindingChains+1","floor":27.0},{"not_picked":["Moonworks:BigMagnum+1","Moonworks:NicePresent+1"],"picked":"Moonworks:SweetBattle+1","floor":28.0},{"not_picked":["Moonworks:AngelHand+1","Moonworks:ImOnFire+1"],"picked":"Moonworks:LuckyCharm+1","floor":31.0},{"not_picked":["Moonworks:FinalBattle","Moonworks:RocketCannon"],"picked":"Moonworks:SubspaceTunnel+1","floor":33.0},{"not_picked":["Moonworks:IndiscriminateFireSupport","Moonworks:Assault+1","Moonworks:JonathanRush+1"],"picked":"SKIP","floor":35.0},{"not_picked":["Moonworks:MiracleRedBeanIceCream+1","Moonworks:SakisCookie+1"],"picked":"Moonworks:MeltingMemories","floor":41.0},{"not_picked":["Moonworks:NicePresent+1","Moonworks:Poppoformation+1"],"picked":"Moonworks:LulusLuckyEgg+1","floor":44.0},{"not_picked":["Moonworks:FullSpeedAlicianrone+1","Moonworks:CloudOfSeagulls+1"],"picked":"Moonworks:NicePresent+1","floor":45.0},{"not_picked":["Moonworks:SealedMemories+1","Moonworks:BigBangBell+1"],"picked":"Moonworks:SakisCookie+1","floor":46.0},{"not_picked":["Moonworks:DeployBits+1","Moonworks:EvilSpyWorkPreparation+1"],"picked":"Moonworks:MiracleRedBeanIceCream+1","floor":47.0},{"not_picked":["Moonworks:JonathanRush","Moonworks:ImOnFire+1"],"picked":"Moonworks:Dinner+1","floor":48.0},{"not_picked":["Moonworks:EvilMastermind+1","Moonworks:Wanted+1"],"picked":"Moonworks:Blazing","floor":50.0},{"not_picked":["Moonworks:TacticalRetreat+1","Moonworks:ImOnFire+1"],"picked":"Moonworks:SakisCookie+1","floor":52.0},{"not_picked":["Moonworks:DeployBits+1","Moonworks:BindingChains+1"],"picked":"Moonworks:Bloodlust+1","floor":53.0},{"not_picked":["Moonworks:BigMagnum+1","Moonworks:ReproductionOfRecords+1"],"picked":"Moonworks:RedAndBlue+1","floor":58.0},{"not_picked":["Moonworks:CloudOfSeagulls","Moonworks:Heat300Percent+1"],"picked":"Moonworks:NicePresent+1","floor":59.0},{"not_picked":["Moonworks:ForcedRevival+1","Moonworks:Poppoformation+1"],"picked":"Moonworks:UnluckyCharm+1","floor":60.0},{"not_picked":["Moonworks:ImOnFire+1","Moonworks:JonathanRush"],"picked":"Moonworks:Dash+1","floor":61.0},{"not_picked":["Moonworks:ImOnFire+1","Moonworks:ImmovableObject+1"],"picked":"Moonworks:SweetBattle+1","floor":63.0},{"not_picked":["infinitespire:Fortify","infinitespire:FinalStrike"],"picked":"hubris:Fate","floor":64.0},{"not_picked":["Moonworks:BigMagnum+1","Moonworks:LulusLuckyEgg+1"],"picked":"Moonworks:ShieldCounter+1","floor":64.0},{"not_picked":["Moonworks:AwakeningOfTalent","Moonworks:DevilHand","Moonworks:BigBangBell+1"],"picked":"Singing Bowl","floor":65.0},{"not_picked":["Moonworks:JonathanRush","Moonworks:CastOff+1"],"picked":"Moonworks:NicePresent+1","floor":67},{"not_picked":["Moonworks:EvilMastermind+1","Moonworks:Wanted+1"],"picked":"Moonworks:CrystalBarrier","floor":69},{"not_picked":["infinitespire:Menacing","infinitespire:Execution"],"picked":"infinitespire:Punishment","floor":69},{"not_picked":["Moonworks:BigMagnum+1","Moonworks:JonathanRush"],"picked":"Moonworks:NicePresent+1","floor":71}],"player_experience":528654,"relics_obtained":[{"floor":6.0,"key":"trackpad:AdjectivePendant"},{"floor":8.0,"key":"trackpad:WritersBlock"},{"floor":20.0,"key":"infinitespire:Joker Card"},{"floor":20.0,"key":"Turnip"},{"floor":24.0,"key":"Toxic Egg 2"},{"floor":26.0,"key":"qcfpunch:Spiky_Bracers"},{"floor":27.0,"key":"Gensokyo:ConquerorOfFear"},{"floor":27.0,"key":"DemoMod:Metronome"},{"floor":41.0,"key":"TheBean"},{"floor":43.0,"key":"Strawberry"},{"floor":46.0,"key":"trackpad:SappingStone"},{"floor":52.0,"key":"theForsaken:Lifeblossom"},{"floor":52.0,"key":"qcfpunch:Wrestler\u0027s_Cloak"},{"floor":52.0,"key":"qcfpunch:Chain_With_Nametags"},{"floor":52.0,"key":"Replay:Bottled Flurry"},{"floor":52.0,"key":"MaYiHuaBei"},{"floor":53.0,"key":"Replay:Mystery Machine"},{"floor":53.0,"key":"Singing Bowl"},{"floor":59.0,"key":"aspiration:ChemicalBlood"},{"floor":61.0,"key":"trackpad:CultistFigurine"},{"floor":62.0,"key":"StuffTheSpire:DarkSteelAnvil"},{"floor":64.0,"key":"trackpad:FieryHotPepper"}],"event_choices":[{"damage_healed":0.0,"max_hp_gain":0.0,"max_hp_loss":0.0,"gold_gain":0.0,"event_name":"conspire:Investor","player_choice":"Invest 2","floor":42.0,"gold_loss":0.0,"damage_taken":0.0},{"damage_healed":0.0,"max_hp_gain":0.0,"max_hp_loss":0.0,"gold_gain":0.0,"event_name":"HidenRoomEvent","player_choice":"Fight","floor":53.0,"gold_loss":0.0,"damage_taken":0.0}],"is_beta":false,"boss_relics":[{"not_picked":["halation:ForbiddenBikini","energizedSpire:OgreHead"],"picked":"ChewingGum"},{"not_picked":[]},{"not_picked":["hubris:TerracottaHorce","conspire:SeveredTorchhead"],"picked":"qcfpunch:Killian_Engine_Alpha"},{"not_picked":[]},{"not_picked":["conspire:SlowCooker","halation:SmartPhone"],"picked":"aspiration:RitualDagger"},{"not_picked":[]},{"not_picked":["halation:Risk","energizedSpire:HugeHouse"],"picked":"qcfpunch:Crimson_Sash"},{"not_picked":[]}],"items_purged_floors":[],"is_endless":true,"potions_floor_spawned":[3,10,16,21,22,28,31,35,45,47,48,58,59,60,65,67],"killed_by":"Sentry and Sphere","ascension_level":0}}