{"host":"vyjryxuuuxkt43k4","time":1611495227,"event":{"mods":["AchievementEnabler","BaseMod","Colored Map","DeckTracker","Keyboard Shortcuts","Minty Spire (QoL Compilation)","Permanent Neow","Quick Restart","Rare Cards Sparkle","StSLib","SuperFastMode","everything is the same but u backflip on backflip"],"gold_per_floor":[113,113,113,113,38,38,66,91,117,145,162,181,215,229,229,304,304,323,340,352,27,77,77,96,96,96,113,113,133,133,133,133,133,133],"floor_reached":33,"language":"KOR","playtime":1024,"items_purged":["Strike_R","Strike_R"],"score":655,"play_id":"539bdb73-b9e4-4ec2-b7ec-cf459a25a8b8","local_time":"20210124223347","is_ascension_mode":true,"campfire_choices":[{"data":"Pommel Strike","floor":6.0,"key":"SMITH"},{"data":"Wild Strike","floor":15.0,"key":"SMITH"},{"data":"Dark Embrace","floor":23,"key":"SMITH"},{"data":"Feel No Pain","floor":25,"key":"SMITH"},{"data":"Fiend Fire","floor":30,"key":"SMITH"},{"floor":32,"key":"REST"}],"circlet_count":0,"master_deck":["AscendersBane","Strike_R","Defend_R","Defend_R","Defend_R","Defend_R","Bash","Pommel Strike+1","Hemokinesis","Wild Strike+1","Seeing Red","Combust","Intimidate","Feed","Fiend Fire+1","Shrug It Off+1","Pummel","Feel No Pain+1","Dark Embrace+1","Pummel","Decay","Dual Wield+1","Writhe"],"relics":["Burning Blood","NeowsBlessing","Charon\u0027s Ashes","Nunchaku","Odd Mushroom","Boot","Pen Nib","Meat on the Bone","Cursed Key","Bag of Marbles","Art of War"],"acts_visited":["Exordium","TheCity"],"potions_floor_usage":[16],"damage_taken":[{"damage":0.0,"enemies":"Small Slimes","floor":1.0,"turns":1.0},{"damage":0.0,"enemies":"Lagavulin","floor":7.0,"turns":1.0},{"damage":2.0,"enemies":"The Mushroom Lair","floor":8.0,"turns":1.0},{"damage":27.0,"enemies":"3 Sentries","floor":10.0,"turns":5.0},{"damage":2.0,"enemies":"2 Louse","floor":11.0,"turns":2.0},{"damage":11.0,"enemies":"Cultist","floor":12.0,"turns":4.0},{"damage":5.0,"enemies":"Lagavulin","floor":13.0,"turns":4.0},{"damage":5.0,"enemies":"Exordium Wildlife","floor":14.0,"turns":2.0},{"damage":45,"enemies":"Slime Boss","floor":16,"turns":8},{"damage":23,"enemies":"3 Byrds","floor":18,"turns":3},{"damage":23,"enemies":"Chosen","floor":19,"turns":4},{"damage":10,"enemies":"Centurion and Healer","floor":20,"turns":4},{"damage":18,"enemies":"Snake Plant","floor":24,"turns":3},{"damage":7,"enemies":"3 Cultists","floor":27,"turns":4},{"damage":13,"enemies":"Centurion and Healer","floor":29,"turns":5},{"damage":83,"enemies":"Champ","floor":33,"turns":10}],"seed_played":"8039195999061430693","potions_obtained":[{"floor":1.0,"key":"SkillPotion"},{"floor":10.0,"key":"SteroidPotion"},{"floor":12.0,"key":"SpeedPotion"},{"floor":13.0,"key":"Weak Potion"},{"floor":20,"key":"SmokeBomb"}],"is_trial":false,"path_per_floor":["M","?","?","?","$","R","E","?","T","E","M","M","E","M","R","B",null,"M","M","M","$","?","R","M","R","T","M","?","M","R","?","R","B"],"character_chosen":"IRONCLAD","items_purchased":["Dark Embrace","Explosive Potion","Pummel"],"campfire_rested":1,"item_purchase_floors":[21,21,21],"current_hp_per_floor":[74,56,49,49,49,49,55,59,59,38,42,37,38,51,51,27,65,51,46,57,57,57,57,57,57,57,59,34,42,42,42,70,0,0],"gold":133,"neow_bonus":"THREE_ENEMY_KILL","is_daily":false,"chose_seed":false,"campfire_upgraded":5,"win_rate":0.0,"timestamp":1611495227,"path_taken":["M","?","?","?","$","R","E","?","T","E","M","M","E","M","R","BOSS","M","M","M","$","?","R","M","R","T","M","?","M","R","?","R","BOSS"],"items_purchased_type":["Card","Potion","Card"],"build_version":"2020-12-22","purchased_purges":2,"victory":false,"max_hp_per_floor":[75,75,75,75,75,75,75,75,75,75,75,75,75,75,75,78,78,81,81,84,84,84,84,84,84,84,87,92,95,95,95,95,95,95],"card_choices":[{"not_picked":["Evolve","Dropkick"],"picked":"Pommel Strike","floor":1.0},{"not_picked":["Searing Blow","Thunderclap"],"picked":"Hemokinesis","floor":7.0},{"not_picked":["Dropkick","Perfected Strike"],"picked":"Wild Strike","floor":8.0},{"not_picked":["Iron Wave","Exhume"],"picked":"Seeing Red","floor":10.0},{"not_picked":["Pommel Strike","Clothesline","Flex"],"picked":"SKIP","floor":11.0},{"not_picked":["Pommel Strike","Clothesline","Flex"],"picked":"SKIP","floor":11.0},{"not_picked":["Body Slam","Flex"],"picked":"Combust","floor":12.0},{"not_picked":["Perfected Strike","Dropkick"],"picked":"Intimidate","floor":13.0},{"not_picked":["Bloodletting","Anger"],"picked":"Feed","floor":14.0},{"not_picked":["Demon Form","Berserk"],"picked":"Fiend Fire","floor":16},{"not_picked":["Combust","Bloodletting+1"],"picked":"Shrug It Off+1","floor":18},{"not_picked":["Iron Wave","Anger"],"picked":"Pummel","floor":19},{"not_picked":["Clash","Dual Wield"],"picked":"Feel No Pain","floor":20},{"not_picked":["Sword Boomerang","Rampage","Perfected Strike"],"picked":"SKIP","floor":24},{"not_picked":["Cleave","Sentinel"],"picked":"Dual Wield+1","floor":27},{"not_picked":["Heavy Blade","Pommel Strike","Wild Strike"],"picked":"SKIP","floor":29}],"player_experience":290192,"relics_obtained":[{"floor":7.0,"key":"Nunchaku"},{"floor":8.0,"key":"Odd Mushroom"},{"floor":9.0,"key":"Boot"},{"floor":10.0,"key":"Pen Nib"},{"floor":13.0,"key":"Meat on the Bone"},{"floor":26,"key":"Bag of Marbles"}],"event_choices":[{"damage_healed":0.0,"max_hp_gain":0.0,"max_hp_loss":0.0,"gold_gain":0.0,"event_name":"Scrap Ooze","player_choice":"Success","floor":2.0,"gold_loss":0.0,"damage_taken":18.0,"relics_obtained":["Charon\u0027s Ashes"]},{"cards_removed":["Strike_R"],"damage_healed":0.0,"max_hp_gain":0.0,"max_hp_loss":0.0,"gold_gain":0.0,"event_name":"Golden Wing","player_choice":"Card Removal","floor":3.0,"gold_loss":0.0,"damage_taken":7.0},{"cards_removed":["Strike_R"],"damage_healed":0.0,"max_hp_gain":0.0,"max_hp_loss":0.0,"gold_gain":0.0,"event_name":"Living Wall","player_choice":"Forget","floor":4.0,"gold_loss":0.0,"damage_taken":0.0},{"damage_healed":0.0,"max_hp_gain":0.0,"max_hp_loss":0.0,"gold_gain":0.0,"event_name":"Mushrooms","player_choice":"Fought Mushrooms","floor":8.0,"gold_loss":0.0,"damage_taken":0.0},{"damage_healed":0,"gold_gain":50,"player_choice":"Stole From Cult","damage_taken":0,"max_hp_gain":0,"max_hp_loss":0,"event_name":"Nest","floor":22,"gold_loss":0},{"damage_healed":0,"gold_gain":0,"player_choice":"Shed Blood","damage_taken":30,"max_hp_gain":5,"max_hp_loss":0,"event_name":"Forgotten Altar","floor":28,"gold_loss":0},{"damage_healed":0,"gold_gain":0,"player_choice":"Opened","damage_taken":0,"relics_obtained":["Art of War"],"max_hp_gain":0,"max_hp_loss":0,"event_name":"The Mausoleum","floor":31,"gold_loss":0,"cards_obtained":["Writhe"]}],"is_beta":false,"boss_relics":[{"not_picked":["Black Star","Runic Pyramid"],"picked":"Cursed Key"}],"items_purged_floors":[5,21],"is_endless":false,"potions_floor_spawned":[1,10,12,13,20,24],"killed_by":"Champ","ascension_level":20}}