{"host":"nh70f3bv2bgakzh3","time":1611476127,"event":{"mods":["BaseMod","Downfall","Minty Spire (QoL Compilation)","StSLib","The Construct","The Mystic"],"gold_per_floor":[99,118,118,132,145,170,170,170,181,81,96,96,121,31,44,44,44,44],"floor_reached":16,"language":"ENG","playtime":961,"items_purged":["bronze:Strike"],"score":112,"play_id":"b9d7e86b-f396-4caa-8afa-4b42279af3bb","local_time":"20210124031527","is_ascension_mode":false,"campfire_choices":[{"data":"bronze:BugBarrage","floor":1,"key":"SMITH"},{"floor":8,"key":"RECALL"},{"data":"bronze:Repulsor","floor":10,"key":"SMITH"}],"circlet_count":0,"master_deck":["bronze:Strike","bronze:Defend","bronze:Defend","bronze:Defend","bronze:Defend","bronze:Replicate","bronze:Goto","bronze:BugBarrage+1","bronze:WildBeam","bronze:Backtrace","bronze:Optimize","bronze:BugBarrage","bronze:Repulsor+1","bronze:OilSpill","bronze:Backtrace","bronze:BuggyMess","bronze:GetLatest"],"relics":["bronze:BronzeCore","Ornamental Fan","Pear","downfall:HeartBlessingRed","Regal Pillow"],"acts_visited":["Exordium"],"potions_floor_usage":[14],"damage_taken":[{"damage":0,"enemies":"Cultist","floor":2,"turns":3},{"damage":1,"enemies":"Jaw Worm","floor":4,"turns":2},{"damage":3,"enemies":"2 Louse","floor":5,"turns":2},{"damage":26,"enemies":"Lagavulin","floor":6,"turns":5},{"damage":5,"enemies":"2 Fungi Beasts","floor":9,"turns":2},{"damage":0,"enemies":"Exordium Wildlife","floor":11,"turns":2},{"damage":4,"enemies":"3 Sentries","floor":13,"turns":5},{"damage":1,"enemies":"downfall:FleeingMerchant","floor":14,"turns":4},{"damage":3,"enemies":"3 Louse","floor":15,"turns":2},{"damage":37,"enemies":"DF_ARCHETYPE_STREAMLINE","floor":16,"turns":4}],"seed_played":"3967898423816283972","potions_obtained":[{"floor":5,"key":"bronze:BuildAFunctionPotion"},{"floor":9,"key":"sneckomod:MuddlingPotion"},{"floor":11,"key":"Weak Potion"},{"floor":15,"key":"ColorlessPotion"}],"is_trial":false,"path_per_floor":["R","M","?","M","M","E","T","R","M","R","M","?","E","$","M","B"],"character_chosen":"THE_AUTOMATON","items_purchased":[],"campfire_rested":0,"item_purchase_floors":[],"current_hp_per_floor":[70,70,70,69,66,40,50,50,45,45,45,45,41,40,37,0,0,0],"gold":44,"neow_bonus":"THREE_CARDS","is_daily":false,"chose_seed":false,"campfire_upgraded":2,"win_rate":0.0,"timestamp":1611476127,"path_taken":["R","M","?","M","M","E","T","R","M","R","?","?","E","$","M","BOSS"],"items_purchased_type":[],"build_version":"2020-12-22","purchased_purges":1,"victory":false,"max_hp_per_floor":[70,70,70,70,70,70,80,80,80,80,80,80,80,80,80,80,80,80],"card_choices":[{"not_picked":["bronze:Allocate","bronze:Frontload"],"picked":"bronze:BugBarrage","floor":0},{"not_picked":["bronze:Invalidate","bronze:Overload"],"picked":"bronze:WildBeam","floor":2},{"not_picked":["bronze:ForceShield","bronze:GetLatest"],"picked":"bronze:Backtrace","floor":4},{"not_picked":["bronze:Branch","bronze:Boost"],"picked":"bronze:Optimize","floor":5},{"not_picked":["bronze:Overheat","bronze:ClassDefault"],"picked":"bronze:BugBarrage","floor":6},{"not_picked":["bronze:Frontload","bronze:Invalidate"],"picked":"bronze:Repulsor","floor":9},{"not_picked":["bronze:ThunderWave","bronze:Safeguard"],"picked":"bronze:OilSpill","floor":11},{"not_picked":["bronze:CutThrough","bronze:Branch"],"picked":"bronze:Backtrace","floor":13},{"not_picked":["bronze:CutThrough","bronze:Invalidate"],"picked":"bronze:BuggyMess","floor":14},{"not_picked":["bronze:ForceShield","bronze:Invalidate"],"picked":"bronze:GetLatest","floor":15}],"player_experience":58970,"relics_obtained":[{"floor":6,"key":"Ornamental Fan"},{"floor":7,"key":"Pear"},{"floor":13,"key":"Regal Pillow"}],"event_choices":[{"cards_removed":["bronze:Strike"],"damage_healed":0,"gold_gain":0,"player_choice":"Offered Basic","damage_taken":0,"max_hp_gain":0,"max_hp_loss":0,"event_name":"Bonfire Elementals","floor":12,"gold_loss":0}],"is_beta":false,"boss_relics":[],"items_purged_floors":[14],"is_endless":false,"potions_floor_spawned":[5,9,11,15],"killed_by":"DF_ARCHETYPE_STREAMLINE","ascension_level":0}}