{"host":"rjbqai8ni6dsiu37","time":1611524493,"event":{"mods":["100% Spire Juice","BaseMod","CapriCore","GungeonMod","Lobotomy","Marisa£¨Ùöéë¡¡Øª×âÞÞ£©","Minty Spire (QoL Compilation)","Shop Mod","StSLib","Td1madao Mod","The Cursed","The Poker Player","WarShipGirlsR/??á´Ò³R mod"],"gold_per_floor":[111,111,111,111,111,111,146,157,157,157,171,56,68,68,68,147,147,147],"floor_reached":17,"language":"KOR","playtime":438,"items_purged":[],"score":252,"play_id":"28abad99-4897-4173-b3cf-a6ac9f75b28b","local_time":"20210125064133","is_ascension_mode":true,"campfire_choices":[{"data":"rmod:maingunfire","floor":6,"key":"SMITH"},{"floor":10,"key":"REST"},{"data":"rmod:openingtorpedo","floor":15,"key":"SMITH"}],"circlet_count":0,"master_deck":["AscendersBane","rmod:strick","rmod:strick","rmod:strick","rmod:strick","rmod:defend","rmod:defend","rmod:defend","rmod:defend","rmod:basicallowance","rmod:maingunfire+1","rmod:intelligenceanalysis","rmod:openingtorpedo+1"],"relics":["rmod:firstchargereward","Centennial Puzzle","Shuriken","DemoMod:GnawedKey","Sozu"],"acts_visited":["Exordium","TheCity"],"potions_floor_usage":[7,16],"damage_taken":[{"damage":5,"enemies":"Jaw Worm","floor":1,"turns":3},{"damage":37,"enemies":"Gremlin Nob","floor":7,"turns":4},{"damage":7,"enemies":"Small Slimes","floor":8,"turns":4},{"damage":0,"enemies":"2 Louse","floor":11,"turns":3},{"damage":12,"enemies":"Looter","floor":13,"turns":3},{"damage":14,"enemies":"Hexaghost","floor":16,"turns":10}],"seed_played":"4907050133062257412","potions_obtained":[{"floor":1,"key":"CultistPotion"},{"floor":11,"key":"Regen Potion"},{"floor":13,"key":"DemoMod:LeadSkinPotion"},{"floor":16,"key":"FearPotion"}],"is_trial":false,"path_per_floor":["M","?","$","?","?","R","E","M","T","R","M","$","M","$","R","B",null],"character_chosen":"PRAEFECT","items_purchased":["DemoMod:GnawedKey"],"campfire_rested":1,"item_purchase_floors":[12],"current_hp_per_floor":[70,70,70,70,70,70,33,26,26,50,50,50,38,38,38,24,68,68],"gold":147,"neow_bonus":"TEN_PERCENT_HP_BONUS","is_daily":false,"chose_seed":false,"campfire_upgraded":2,"win_rate":0.0,"timestamp":1611524493,"path_taken":["M","?","$","?","?","R","E","M","T","R","M","?","?","$","R","BOSS"],"items_purchased_type":["Relic"],"build_version":"2020-12-22","purchased_purges":0,"victory":false,"max_hp_per_floor":[82,82,82,82,82,82,82,82,82,82,82,82,82,82,82,82,82,82],"card_choices":[{"not_picked":["rmod:lonelyqueen","rmod:unsinkable","rmod:goodfighter"],"picked":"SKIP","floor":1},{"not_picked":["rmod:supportaircraftcarrier","rmod:garrisonisland","rmod:guardianhero"],"picked":"SKIP","floor":7},{"not_picked":["rmod:seals","rmod:combined"],"picked":"rmod:intelligenceanalysis","floor":8},{"not_picked":["rmod:unsinkable","rmod:spoils","rmod:combined"],"picked":"SKIP","floor":11},{"not_picked":["rmod:intelligenceanalysis","rmod:aluminumsupply"],"picked":"rmod:openingtorpedo","floor":13}],"player_experience":227279,"relics_obtained":[{"floor":7,"key":"DemoMod:WeirdEgg"},{"floor":9,"key":"Shuriken"}],"event_choices":[{"damage_healed":0,"gold_gain":0,"player_choice":"Leave","damage_taken":0,"max_hp_gain":0,"max_hp_loss":0,"event_name":"The Cleric","floor":2,"gold_loss":0},{"damage_healed":0,"gold_gain":0,"player_choice":"Ignored","damage_taken":0,"max_hp_gain":0,"max_hp_loss":0,"event_name":"Golden Wing","floor":4,"gold_loss":0},{"damage_healed":0,"gold_gain":0,"player_choice":"Ignored","damage_taken":0,"max_hp_gain":0,"max_hp_loss":0,"event_name":"PokerPlayerMod:ExordiumClub","floor":5,"gold_loss":0}],"is_beta":false,"boss_relics":[{"not_picked":["Astrolabe","Cursed Key"],"picked":"Sozu"}],"items_purged_floors":[],"is_endless":false,"potions_floor_spawned":[1,11,13,16],"ascension_level":13}}