{"host":"v3mpq6flurzldi5g","time":1611505547,"event":{"mods":["AchievementEnabler","BaseMod","Colored Powertips","Highlight Path","Minty Spire (QoL Compilation)","StSLib"],"gold_per_floor":[113,113,113,125,44,44,44,44,44,64,83,94,106,119,119,219,219,234,159,159,143,68,68,68,94,118,118,134,34,34,34,34],"floor_reached":31,"language":"ENG","playtime":1393,"items_purged":["Writhe","Strike_B"],"score":380,"play_id":"b46eef97-c2fb-4ef1-9968-3899fd8eefe4","local_time":"20210124112547","is_ascension_mode":true,"campfire_choices":[{"data":"Defend_B","floor":6.0,"key":"SMITH"},{"data":"Defend_B","floor":8.0,"key":"SMITH"},{"floor":15.0,"key":"REST"},{"data":"Defend_B","floor":23.0,"key":"SMITH"},{"floor":27,"key":"REST"}],"circlet_count":0,"master_deck":["AscendersBane","Strike_B","Strike_B","Defend_B+1","Defend_B+1","Defend_B+1","Defend_B+1","Zap","Dualcast","Glacier","Leap","Capacitor","BootSequence","Loop","BootSequence","Doom and Gloom","Barrage","Rainbow","Capacitor","Chaos+1","Glacier"],"relics":["Cracked Core","Matryoshka","Incense Burner","Nloth\u0027s Gift","Shuriken","Nunchaku","Happy Flower","Smiling Mask"],"acts_visited":["Exordium","TheCity"],"potions_floor_usage":[25,25],"damage_taken":[{"damage":4.0,"enemies":"2 Louse","floor":1.0,"turns":3.0},{"damage":0.0,"enemies":"Small Slimes","floor":4.0,"turns":3.0},{"damage":6.0,"enemies":"Cultist","floor":10.0,"turns":5.0},{"damage":0.0,"enemies":"Blue Slaver","floor":11.0,"turns":6.0},{"damage":0.0,"enemies":"Red Slaver","floor":12.0,"turns":4.0},{"damage":3.0,"enemies":"2 Fungi Beasts","floor":13.0,"turns":6.0},{"damage":1.0,"enemies":"3 Louse","floor":14.0,"turns":4.0},{"damage":40.0,"enemies":"The Guardian","floor":16.0,"turns":14.0},{"damage":9.0,"enemies":"Chosen","floor":18.0,"turns":7.0},{"damage":2.0,"enemies":"2 Thieves","floor":21.0,"turns":4.0},{"damage":35,"enemies":"Slavers","floor":25,"turns":9},{"damage":46,"enemies":"Sentry and Sphere","floor":28,"turns":11},{"damage":7,"enemies":"Centurion and Healer","floor":31,"turns":13}],"seed_played":"3588479278866029328","potions_obtained":[{"floor":1.0,"key":"Ancient Potion"},{"floor":13.0,"key":"ColorlessPotion"},{"floor":14.0,"key":"SpeedPotion"},{"floor":16.0,"key":"LiquidBronze"},{"floor":28,"key":"ColorlessPotion"}],"is_trial":false,"path_per_floor":["M","?","?","M","$","R","$","R","T","M","M","M","M","M","R","B",null,"M","?","?","M","$","R","?","E","T","R","M","$","?","M"],"character_chosen":"DEFECT","items_purchased":["Capacitor"],"campfire_rested":2,"item_purchase_floors":[5],"current_hp_per_floor":[71,71,71,71,71,71,71,71,71,65,65,65,62,61,82,42,72,63,63,63,61,61,61,61,26,26,50,4,4,4,0,0],"gold":34,"neow_bonus":"TEN_PERCENT_HP_BONUS","is_daily":false,"chose_seed":false,"campfire_upgraded":3,"win_rate":0.0,"timestamp":1611505547,"path_taken":["M","?","?","M","$","R","$","R","T","M","M","M","M","M","R","BOSS","M","?","?","M","$","R","?","E","T","R","?","$","?","M"],"items_purchased_type":["Card"],"build_version":"2020-12-22","purchased_purges":2,"victory":false,"max_hp_per_floor":[82,82,82,82,82,82,82,82,82,82,82,82,82,82,82,82,82,82,82,82,82,82,82,82,82,82,82,82,82,82,82,82],"card_choices":[{"not_picked":["FTL","Rebound"],"picked":"Glacier","floor":1.0},{"not_picked":["Reprogram","Double Energy"],"picked":"Leap","floor":4.0},{"not_picked":["Go for the Eyes","Beam Cell"],"picked":"BootSequence","floor":10.0},{"not_picked":["Steam Power","Sweeping Beam"],"picked":"Loop","floor":11.0},{"not_picked":["Gash","Skim"],"picked":"BootSequence","floor":12.0},{"not_picked":["Gash","Lockon"],"picked":"Doom and Gloom","floor":13.0},{"not_picked":["Hello World","Leap"],"picked":"Barrage","floor":14.0},{"not_picked":["Machine Learning","Biased Cognition"],"picked":"Rainbow","floor":16.0},{"not_picked":["Coolheaded","Melter","Compile Driver"],"picked":"SKIP","floor":18.0},{"not_picked":["Streamline","Gash"],"picked":"Capacitor","floor":21.0},{"not_picked":["Rip and Tear","Aggregate+1"],"picked":"Chaos+1","floor":25},{"not_picked":["Compile Driver","Seek"],"picked":"Glacier","floor":28}],"player_experience":1026470,"relics_obtained":[{"floor":9.0,"key":"Matryoshka"},{"floor":25,"key":"Shuriken"},{"floor":26,"key":"Nunchaku"},{"floor":26,"key":"Happy Flower"}],"event_choices":[{"damage_healed":0.0,"max_hp_gain":0.0,"max_hp_loss":0.0,"gold_gain":0.0,"event_name":"Liars Game","player_choice":"Ignored","floor":2.0,"gold_loss":0.0,"damage_taken":0.0},{"damage_healed":0.0,"max_hp_gain":0.0,"max_hp_loss":0.0,"gold_gain":0.0,"event_name":"Living Wall","player_choice":"Grow","floor":3.0,"gold_loss":0.0,"damage_taken":0.0,"cards_upgraded":["Defend_B"]},{"cards_removed":["Strike_B"],"damage_healed":0.0,"max_hp_gain":0.0,"max_hp_loss":0.0,"gold_gain":0.0,"event_name":"Beggar","player_choice":"Gave Gold","floor":19.0,"gold_loss":75.0,"damage_taken":0.0},{"damage_healed":0.0,"max_hp_gain":0.0,"max_hp_loss":0.0,"gold_gain":0.0,"event_name":"The Mausoleum","player_choice":"Opened","floor":20.0,"gold_loss":0.0,"damage_taken":0.0,"relics_obtained":["Incense Burner"],"cards_obtained":["Writhe"]},{"damage_healed":0.0,"max_hp_gain":0.0,"max_hp_loss":0.0,"gold_gain":0.0,"event_name":"N\u0027loth","player_choice":"Traded Relic","floor":24.0,"relics_lost":["SacredBark"],"gold_loss":0.0,"damage_taken":0.0,"relics_obtained":["Nloth\u0027s Gift"]},{"damage_healed":0,"gold_gain":0,"player_choice":"Gave Potion","damage_taken":0,"relics_obtained":["Smiling Mask"],"max_hp_gain":0,"max_hp_loss":0,"event_name":"WeMeetAgain","floor":30,"gold_loss":0}],"is_beta":false,"boss_relics":[{"not_picked":["Snecko Eye","Velvet Choker"],"picked":"SacredBark"}],"items_purged_floors":[22,29],"is_endless":false,"potions_floor_spawned":[1,13,14,16,28],"killed_by":"Centurion and Healer","ascension_level":11}}