{"host":"q9szs7qndgdlcq24","time":1611510222,"event":{"mods":["2.2 Compatiblity","AchievementEnabler","BaseMod","Bestiary","Colored Map","Colored Powertips","Dark Map","DeckTracker","Displayed Cursed Tome","Highlight Path","Minty Spire (QoL Compilation)","Random Character Button","StSLib","Unknown Chances"],"gold_per_floor":[113,124,74,74,86,86,114,114,114,114,132,132,144,155,155,250,250,236,256,256,26,45,45,59,59,59],"floor_reached":25,"language":"ENG","playtime":2332,"items_purged":["Strike_B"],"score":205,"play_id":"670e91b0-0450-4965-bd34-340d6f2dfdaa","local_time":"20210124204342","is_ascension_mode":false,"campfire_choices":[{"data":"Barrage","floor":6,"key":"SMITH"},{"data":"Streamline","floor":8,"key":"SMITH"},{"floor":15,"key":"REST"},{"floor":23,"key":"REST"},{"floor":25,"key":"REST"}],"circlet_count":0,"master_deck":["Strike_B","Strike_B","Defend_B+1","Defend_B","Defend_B","Zap","Dualcast","Ball Lightning+1","Redo","Barrage+1","Streamline+1","Compile Driver","Leap","Turbo","Rebound","Machine Learning","Leap+1","Streamline","Melter","Defragment"],"relics":["Cracked Core","Pantograph","Bottled Flame","Black Star"],"acts_visited":["Exordium","TheCity"],"potions_floor_usage":[16,16,16],"damage_taken":[{"damage":0,"enemies":"Small Slimes","floor":1,"turns":4},{"damage":8,"enemies":"2 Louse","floor":2,"turns":2},{"damage":0,"enemies":"Cultist","floor":5,"turns":2},{"damage":26,"enemies":"Lagavulin","floor":7,"turns":5},{"damage":0,"enemies":"Large Slime","floor":11,"turns":3},{"damage":0,"enemies":"2 Fungi Beasts","floor":13,"turns":2},{"damage":8,"enemies":"Red Slaver","floor":14,"turns":3},{"damage":54,"enemies":"Hexaghost","floor":16,"turns":7},{"damage":13,"enemies":"2 Thieves","floor":18,"turns":4},{"damage":16,"enemies":"Shell Parasite","floor":19,"turns":5},{"damage":23,"enemies":"Chosen and Byrds","floor":22,"turns":5},{"damage":31,"enemies":"Centurion and Healer","floor":24,"turns":6}],"seed_played":"-4569891015312601597","potions_obtained":[{"floor":0,"key":"Dexterity Potion"},{"floor":0,"key":"PotionOfCapacity"},{"floor":0,"key":"DuplicationPotion"},{"floor":13,"key":"LiquidMemories"},{"floor":16,"key":"Ancient Potion"},{"floor":24,"key":"FearPotion"}],"is_trial":false,"path_per_floor":["M","M","$","?","M","R","E","R","T","?","M","?","M","M","R","B",null,"M","M","?","$","M","R","M","R"],"character_chosen":"DEFECT","items_purchased":["Barrage","Melter","Defragment"],"campfire_rested":3,"item_purchase_floors":[3,21,21],"current_hp_per_floor":[75,67,67,75,75,75,49,49,49,49,49,34,34,26,48,19,75,62,46,46,46,23,45,14,36,36],"gold":59,"neow_bonus":"THREE_SMALL_POTIONS","is_daily":false,"chose_seed":false,"campfire_upgraded":2,"win_rate":0.0,"timestamp":1611510222,"path_taken":["M","M","$","?","M","R","E","R","T","?","M","?","M","M","R","BOSS","M","M","?","$","M","R","M","R"],"items_purchased_type":["Card","Card","Card"],"build_version":"2020-12-22","purchased_purges":1,"victory":false,"max_hp_per_floor":[75,75,75,75,75,75,75,75,75,75,75,75,75,75,75,75,75,75,75,75,75,75,75,75,75,75],"card_choices":[{"not_picked":["Leap","Cold Snap"],"picked":"Ball Lightning","floor":1},{"not_picked":["Compile Driver","Heatsinks"],"picked":"Redo","floor":2},{"not_picked":["Sweeping Beam","Rip and Tear"],"picked":"Streamline","floor":5},{"not_picked":["Glacier","Blizzard"],"picked":"Compile Driver","floor":7},{"not_picked":["Tempest","Ball Lightning"],"picked":"Leap","floor":11},{"not_picked":["Gash","Barrage"],"picked":"Turbo","floor":13},{"not_picked":["Genetic Algorithm","FTL"],"picked":"Rebound","floor":14},{"not_picked":["Fission","Multi-Cast"],"picked":"Machine Learning","floor":16},{"not_picked":["Steam","Compile Driver"],"picked":"Leap+1","floor":18},{"not_picked":["Redo","Sweeping Beam"],"picked":"Streamline","floor":19},{"not_picked":["Hologram","Steam","Stack"],"picked":"SKIP","floor":22},{"not_picked":["Redo","Cold Snap","Go for the Eyes+1"],"picked":"SKIP","floor":24}],"player_experience":75216,"relics_obtained":[{"floor":7,"key":"Pantograph"},{"floor":9,"key":"Bottled Flame"}],"event_choices":[{"damage_healed":25,"gold_gain":0,"player_choice":"Banana","damage_taken":0,"max_hp_gain":0,"max_hp_loss":0,"event_name":"Big Fish","floor":4,"gold_loss":0},{"cards_removed":["Strike_B"],"damage_healed":0,"gold_gain":0,"player_choice":"Forget","damage_taken":0,"max_hp_gain":0,"max_hp_loss":0,"event_name":"Living Wall","floor":10,"gold_loss":0},{"damage_healed":0,"gold_gain":0,"player_choice":"Entered Light","damage_taken":15,"max_hp_gain":0,"max_hp_loss":0,"event_name":"Shining Light","floor":12,"gold_loss":0,"cards_upgraded":["Ball Lightning","Defend_B"]},{"cards_removed":["Defend_B"],"damage_healed":0,"gold_gain":0,"player_choice":"Purged","damage_taken":0,"max_hp_gain":0,"max_hp_loss":0,"event_name":"Purifier","floor":20,"gold_loss":0}],"is_beta":false,"boss_relics":[{"not_picked":["Coffee Dripper","Snecko Eye"],"picked":"Black Star"}],"items_purged_floors":[21],"is_endless":false,"potions_floor_spawned":[11,13,16,24],"ascension_level":0}}