{"host":"yn8qackkbxgt4nh1","time":1611484585,"event":{"mods":["BaseMod","Colored Map","Colored Powertips","DeckTracker","Minty Spire (QoL Compilation)","SuperFastMode"],"gold_per_floor":[112,112,135,148,166,166,197,177,203,226,226,239,257,276,276,369,369,369,369,369,369,369,369,47,47,47],"floor_reached":25,"language":"KOR","playtime":1016,"items_purged":[],"score":383,"play_id":"faddca72-15c3-4c36-9341-c1eac5589793","local_time":"20210124193625","is_ascension_mode":true,"campfire_choices":[{"data":"Hemokinesis","floor":6.0,"key":"SMITH"},{"data":"Uppercut","floor":11.0,"key":"SMITH"},{"data":"Flex","floor":15.0,"key":"SMITH"},{"data":"Battle Trance","floor":23.0,"key":"SMITH"}],"circlet_count":0,"master_deck":["AscendersBane","Strike_R","Strike_R","Strike_R+1","Strike_R","Defend_R+1","Defend_R","Defend_R+1","Bash","Clash","Wild Strike","Headbutt+1","Shockwave","Flex+1","Hemokinesis+1","Uppercut+1","Battle Trance+1","Pummel","Exhume","Bloodletting","Corruption","Pommel Strike","Shrug It Off"],"relics":["Burning Blood","Golden Idol","Whetstone","War Paint","Ectoplasm","Dead Branch"],"acts_visited":["Exordium","TheCity"],"potions_floor_usage":[25],"damage_taken":[{"damage":0.0,"enemies":"2 Louse","floor":1.0,"turns":1.0},{"damage":4.0,"enemies":"Jaw Worm","floor":3.0,"turns":4.0},{"damage":0.0,"enemies":"Cultist","floor":4.0,"turns":3.0},{"damage":13.0,"enemies":"Red Slaver","floor":5.0,"turns":3.0},{"damage":29.0,"enemies":"Lagavulin","floor":7.0,"turns":5.0},{"damage":2.0,"enemies":"2 Fungi Beasts","floor":10.0,"turns":3.0},{"damage":2.0,"enemies":"Looter","floor":12.0,"turns":3.0},{"damage":7.0,"enemies":"3 Louse","floor":13.0,"turns":3.0},{"damage":0.0,"enemies":"Large Slime","floor":14.0,"turns":2.0},{"damage":33.0,"enemies":"Hexaghost","floor":16.0,"turns":6.0},{"damage":3.0,"enemies":"Chosen","floor":18.0,"turns":2.0},{"damage":32.0,"enemies":"Shell Parasite","floor":19.0,"turns":4.0},{"damage":29.0,"enemies":"Snake Plant","floor":21.0,"turns":4.0},{"damage":19,"enemies":"Gremlin Leader","floor":25,"turns":5}],"seed_played":"-9020533786520349502","potions_obtained":[{"floor":3.0,"key":"BloodPotion"},{"floor":4.0,"key":"ColorlessPotion"},{"floor":5.0,"key":"Dexterity Potion"},{"floor":8.0,"key":"Explosive Potion"},{"floor":16.0,"key":"EssenceOfSteel"},{"floor":18.0,"key":"SkillPotion"}],"is_trial":false,"path_per_floor":["M","?","M","M","M","R","E","?","T","M","R","M","M","M","R","B",null,"M","M","?","M","?","R","$","E"],"character_chosen":"IRONCLAD","items_purchased":["Dead Branch"],"campfire_rested":0,"item_purchase_floors":[24],"current_hp_per_floor":[68,45,47,53,46,46,36,36,36,40,40,44,43,49,49,22,57,60,34,34,11,11,11,11,0,0],"gold":47,"neow_bonus":"TRANSFORM_TWO_CARDS","is_daily":false,"chose_seed":false,"campfire_upgraded":4,"win_rate":0.0,"timestamp":1611484585,"path_taken":["M","?","M","M","M","R","E","?","T","M","R","M","M","?","R","BOSS","M","M","?","M","?","R","$","E"],"items_purchased_type":["Relic"],"build_version":"2020-12-22","purchased_purges":0,"victory":false,"max_hp_per_floor":[68,68,68,68,68,68,68,68,68,68,68,68,68,68,68,68,68,68,68,68,68,68,68,68,68,68],"card_choices":[{"not_picked":["Entrench","Blood for Blood"],"picked":"Headbutt","floor":1.0},{"not_picked":["Havoc","Burning Pact"],"picked":"Shockwave","floor":3.0},{"not_picked":["Inflame","Thunderclap"],"picked":"Flex","floor":4.0},{"not_picked":["Dual Wield","Searing Blow"],"picked":"Hemokinesis","floor":5.0},{"not_picked":["Feel No Pain","Cleave"],"picked":"Uppercut","floor":7.0},{"not_picked":["Wild Strike","Warcry"],"picked":"Battle Trance","floor":10.0},{"not_picked":["Shrug It Off","Havoc"],"picked":"Pummel","floor":12.0},{"not_picked":["Clash","Armaments"],"picked":"Exhume","floor":13.0},{"not_picked":["Hemokinesis","Metallicize"],"picked":"Bloodletting","floor":14.0},{"not_picked":["Barricade","Brutality"],"picked":"Corruption","floor":16.0},{"not_picked":["Clothesline","Clash","Armaments"],"picked":"SKIP","floor":18.0},{"not_picked":["Uppercut+1","Headbutt"],"picked":"Pommel Strike","floor":19.0},{"not_picked":["Entrench","Pommel Strike","Headbutt"],"picked":"SKIP","floor":21.0}],"player_experience":698590,"relics_obtained":[{"floor":7.0,"key":"Whetstone"},{"floor":9.0,"key":"War Paint"}],"event_choices":[{"damage_healed":0.0,"max_hp_gain":0.0,"max_hp_loss":0.0,"gold_gain":0.0,"event_name":"Golden Idol","player_choice":"Take Damage","floor":2.0,"gold_loss":0.0,"damage_taken":23.0,"relics_obtained":["Golden Idol"]},{"damage_healed":0.0,"max_hp_gain":0.0,"max_hp_loss":0.0,"gold_gain":0.0,"event_name":"The Woman in Blue","player_choice":"Bought 1 Potion","floor":8.0,"gold_loss":0.0,"damage_taken":0.0},{"damage_healed":0.0,"max_hp_gain":0.0,"max_hp_loss":0.0,"gold_gain":50.0,"event_name":"Nest","player_choice":"Stole From Cult","floor":20.0,"gold_loss":0.0,"damage_taken":0.0},{"damage_healed":0.0,"max_hp_gain":0.0,"max_hp_loss":0.0,"gold_gain":0.0,"event_name":"The Library","player_choice":"Read","floor":22.0,"gold_loss":0.0,"damage_taken":0.0,"cards_obtained":["Shrug It Off"]}],"is_beta":false,"boss_relics":[{"not_picked":["Snecko Eye","Black Blood"],"picked":"Ectoplasm"}],"items_purged_floors":[],"is_endless":false,"potions_floor_spawned":[3,4,5,10,16,18,21],"killed_by":"Gremlin Leader","ascension_level":17}}