{"host":"17uzppmr1r5fe5jj","time":1611528834,"event":{"mods":["BaseMod","Minty Spire (QoL Compilation)","Quick Restart","StSLib","[IsaacMod]ÒÔÈö¼âËþ"],"gold_per_floor":[111,129,204,222,145,145,180,209,233,160,194,369,233,243,243,342,342,357,377,272,252,34,34,69,69,118,152,152,152,184,496,496,595,595,611,369,384,155,173,173,199,199,223,97,126,126,126,142,142,142],"floor_reached":51,"language":"ZHS","playtime":2426,"items_purged":["Strike_B","Defend_B","Doubt","Strike_B","Dualcast"],"score":1102,"play_id":"8ae834c3-7863-4d10-ab90-31a48896b678","local_time":"20210125065354","daily_mods":["Vintage","Heirloom","Flight","DeadlyEvents","Elite Swarm"],"is_ascension_mode":false,"campfire_choices":[{"data":"Glacier","floor":6.0,"key":"SMITH"},{"data":"Biased Cognition","floor":15.0,"key":"SMITH"},{"data":"Defragment","floor":23.0,"key":"SMITH"},{"data":"Coolheaded","floor":25.0,"key":"SMITH"},{"floor":28.0,"key":"REST"},{"floor":29.0,"key":"REST"},{"data":"Zap","floor":32.0,"key":"SMITH"},{"data":"Self Repair","floor":40.0,"key":"SMITH"},{"data":"ElectricPowerLearning","floor":42.0,"key":"SMITH"},{"data":"Creative AI","floor":47.0,"key":"SMITH"},{"data":"Buffer","floor":49.0,"key":"SMITH"}],"circlet_count":0,"master_deck":["Glacier+1","Biased Cognition+1","Creative AI+1","Coolheaded+1","Core Surge","Machine Learning","Genetic Algorithm+1","Lockon+1","All For One+1","Defragment+1","Self Repair+1","Reboot+1","Cancel+1","Fission+1","Buffer+1","Heatsinks","ElectricPowerLearning+1"],"relics":["Cracked Core","HushsDoor","SteamSale","Leech","Bronze Scales","Ancient Tea Set","StrikeDummy","Regal Pillow","Ornamental Fan","Dream Catcher","Prayer Wheel","Bag of Preparation","TheBible","Astrolabe","Void","Cables","HowToJump","Gambling Chip","Toxic Egg 2","Potion Belt","Smiling Mask","BookofShadows","Old Coin","Empty Cage","Nunchaku","DeathBook","Medical Kit","Omamori","D6","ClockworkSouvenir","DeadEye","Shuriken","CeramicFish","Mummified Hand","Damocles","D4","Art of War"],"acts_visited":["Exordium","TheCity","TheBeyond"],"potions_floor_usage":[50,50],"damage_taken":[{"damage":11.0,"enemies":"Jaw Worm","floor":1.0,"turns":3.0},{"damage":2.0,"enemies":"2 Louse","floor":2.0,"turns":2.0},{"damage":2.0,"enemies":"Small Slimes","floor":4.0,"turns":2.0},{"damage":0.0,"enemies":"Gremlin Nob","floor":7.0,"turns":3.0},{"damage":8.0,"enemies":"Lagavulin","floor":8.0,"turns":7.0},{"damage":15.0,"enemies":"Gremlin Nob","floor":11.0,"turns":5.0},{"damage":0.0,"enemies":"3 Louse","floor":14.0,"turns":2.0},{"damage":3.0,"enemies":"The Guardian","floor":16.0,"turns":9.0},{"damage":9.0,"enemies":"3 Byrds","floor":18.0,"turns":4.0},{"damage":22.0,"enemies":"2 Thieves","floor":19.0,"turns":3.0},{"damage":32.0,"enemies":"Slavers","floor":24.0,"turns":5.0},{"damage":13.0,"enemies":"Book of Stabbing","floor":27.0,"turns":4.0},{"damage":15.0,"enemies":"Slavers","floor":30.0,"turns":5.0},{"damage":13.0,"enemies":"Snake Plant","floor":31.0,"turns":3.0},{"damage":0.0,"enemies":"Collector","floor":33.0,"turns":7.0},{"damage":0.0,"enemies":"3 Shapes","floor":35.0,"turns":3.0},{"damage":0.0,"enemies":"Orb Walker","floor":37.0,"turns":2.0},{"damage":28.0,"enemies":"Jaw Worm Horde","floor":39.0,"turns":4.0},{"damage":9.0,"enemies":"Nemesis","floor":41.0,"turns":7.0},{"damage":0.0,"enemies":"Giant Head","floor":45.0,"turns":4.0},{"damage":0.0,"enemies":"Transient","floor":48.0,"turns":5.0},{"damage":0,"enemies":"Donu and Deca","floor":50,"turns":8}],"seed_played":"-8195022750237264769","potions_obtained":[{"floor":4.0,"key":"Fire Potion"},{"floor":7.0,"key":"Regen Potion"},{"floor":14.0,"key":"LiquidBronze"},{"floor":16.0,"key":"Dexterity Potion"},{"floor":18.0,"key":"SteroidPotion"},{"floor":24.0,"key":"GamblersBrew"},{"floor":39.0,"key":"SkillPotion"},{"floor":41.0,"key":"SteroidPotion"},{"floor":45.0,"key":"Dexterity Potion"}],"is_trial":true,"path_per_floor":["M","M","?","M","$","R","E","E","T","$","E","?","$","M","R","B",null,"M","M","$","$","$","R","E","R","T","E","R","R","E","M","R","B",null,"M","$","M","$","M","R","E","R","T","$","E","?","R","M","R","B",null],"character_chosen":"DEFECT","items_purchased":["Glacier","Coolheaded","Bag of Preparation","Defragment","FocusPotion","HowToJump","Self Repair","Gambling Chip","DeathBook","Medical Kit","Heatsinks","D6","ClockworkSouvenir","Mummified Hand"],"campfire_rested":2,"item_purchase_floors":[5,10,13,17,20,20,21,22,36,36,36,38,38,44],"current_hp_per_floor":[66,65,54,54,54,54,56,54,54,54,56,56,56,58,58,61,72,65,46,46,46,46,46,25,25,25,22,58,72,72,72,72,72,67,67,67,67,67,56,56,67,67,67,67,67,67,67,67,67,67],"gold":142,"neow_bonus":"","is_daily":false,"chose_seed":false,"campfire_upgraded":9,"win_rate":0.0,"timestamp":1611528834,"path_taken":["M","M","?","M","$","R","E","E","T","$","E","?","$","?","R","BOSS","M","M","$","$","$","R","E","R","T","E","R","R","E","M","R","BOSS","M","$","M","$","M","R","E","R","T","$","E","?","R","?","R","BOSS"],"items_purchased_type":["Card","Card","Relic","Card","Potion","Relic","Card","Relic","Relic","Relic","Card","Relic","Relic","Relic"],"build_version":"2020-12-22","purchased_purges":5,"victory":true,"max_hp_per_floor":[75,75,75,75,75,75,75,75,75,75,75,75,75,75,75,75,72,72,72,72,72,72,72,72,72,72,72,72,72,72,72,72,72,67,67,67,67,67,67,67,67,67,67,67,67,67,67,67,67,67],"card_choices":[{"not_picked":["Machine Learning","Fission"],"picked":"Biased Cognition","floor":7.0},{"not_picked":["All For One","Meteor Strike"],"picked":"Creative AI","floor":8.0},{"not_picked":["Buffer","ElectricPowerLearning"],"picked":"Core Surge","floor":11.0},{"not_picked":["Electrodynamics","All For One"],"picked":"Machine Learning","floor":16.0},{"not_picked":["Hyperbeam","All For One","Creative AI"],"picked":"SKIP","floor":24.0},{"not_picked":["Multi-Cast+1","Hyperbeam"],"picked":"Reboot+1","floor":27.0},{"not_picked":["Ball Lightning","Gash"],"picked":"Cancel+1","floor":28.0},{"not_picked":["Thunder Strike","Biased Cognition"],"picked":"Fission+1","floor":30.0},{"not_picked":["Electrodynamics","Fission+1"],"picked":"Buffer","floor":33.0},{"not_picked":["Multi-Cast+1","Seek+1"],"picked":"ElectricPowerLearning","floor":41.0},{"not_picked":["All For One","Multi-Cast+1","Creative AI"],"picked":"SKIP","floor":45.0}],"player_experience":120903,"relics_obtained":[{"floor":1.0,"key":"Bronze Scales"},{"floor":2.0,"key":"Ancient Tea Set"},{"floor":4.0,"key":"StrikeDummy"},{"floor":7.0,"key":"Regal Pillow"},{"floor":8.0,"key":"Ornamental Fan"},{"floor":9.0,"key":"Dream Catcher"},{"floor":11.0,"key":"Prayer Wheel"},{"floor":14.0,"key":"TheBible"},{"floor":18.0,"key":"Void"},{"floor":19.0,"key":"Cables"},{"floor":24.0,"key":"Toxic Egg 2"},{"floor":26.0,"key":"Potion Belt"},{"floor":27.0,"key":"Smiling Mask"},{"floor":30.0,"key":"BookofShadows"},{"floor":31.0,"key":"Old Coin"},{"floor":35.0,"key":"Nunchaku"},{"floor":37.0,"key":"Omamori"},{"floor":39.0,"key":"DeadEye"},{"floor":41.0,"key":"Shuriken"},{"floor":43.0,"key":"CeramicFish"},{"floor":45.0,"key":"Damocles"},{"floor":48.0,"key":"D4"},{"floor":48.0,"key":"Art of War"}],"event_choices":[{"damage_healed":0.0,"max_hp_gain":0.0,"max_hp_loss":0.0,"gold_gain":75.0,"event_name":"World of Goop","player_choice":"Gather Gold","floor":3.0,"gold_loss":0.0,"damage_taken":11.0},{"damage_healed":0.0,"max_hp_gain":0.0,"max_hp_loss":0.0,"gold_gain":175.0,"event_name":"Liars Game","player_choice":"AGREE","floor":12.0,"gold_loss":0.0,"damage_taken":0.0,"cards_obtained":["Doubt"]},{"cards_removed":["Zap"],"damage_healed":0.0,"max_hp_gain":0.0,"max_hp_loss":0.0,"gold_gain":0.0,"event_name":"Falling","player_choice":"Removed Skill","floor":46.0,"gold_loss":0.0,"damage_taken":0.0}],"is_beta":false,"boss_relics":[{"not_picked":["Calling Bell","Nuclear Battery"],"picked":"Astrolabe"},{"not_picked":[]},{"not_picked":["Tiny House","Black Star"],"picked":"Empty Cage"},{"not_picked":[]}],"items_purged_floors":[5,10,13,22,34],"is_endless":false,"potions_floor_spawned":[4,7,14,16,18,24,39,41,45],"ascension_level":0}}