{"host":"yq2wmfr0u0wuvxc0","time":1611483722,"event":{"mods":["Act Like it!","BaseMod","Curses Come First","Downfall","Friendly Minions","Gensokyo","Hero for Fun","Hubris","Minty Spire (QoL Compilation)","Shop Mod","StSLib","vexMod"],"gold_per_floor":[99,119,132,187,97,247,323,323,235,259,300,324,336,375,400,412,412,412],"floor_reached":16,"language":"ZHS","playtime":1082,"items_purged":["champ:Strike"],"score":160,"play_id":"857c16b3-3f34-4e12-a7b6-279d3ab3ad9f","local_time":"20210124022202","is_ascension_mode":false,"campfire_choices":[{"data":"champ:Taunt","floor":1,"key":"SMITH"},{"data":"champ:StrikeOfGenius","floor":9,"key":"SMITH"},{"data":"champ:EndlessRage","floor":13,"key":"SMITH"}],"circlet_count":0,"master_deck":["champ:Strike","champ:Strike+1","champ:Strike","champ:Defend","champ:Defend","champ:Defend","champ:Defend","champ:Execute+1","champ:Taunt+1","champ:StanceDance","champ:StrikeOfGenius+1","champ:PreciseThrust","champ:StanceDance","downfall:Icky","champ:RecklessLeap","champ:ShieldSlam","champ:EndlessRage+1","champ:VampiricStrike","champ:FanOfKnives"],"relics":["champ:ChampionCrown","CaptainsWheel","MawBank","downfall:HeartBlessingBlue","MealTicket","Whetstone"],"acts_visited":["Exordium"],"potions_floor_usage":[4,12,14],"damage_taken":[{"damage":24,"enemies":"Cultist","floor":2,"turns":4},{"damage":22,"enemies":"Small Slimes","floor":3,"turns":4},{"damage":46,"enemies":"3 Sentries","floor":4,"turns":5},{"damage":10,"enemies":"downfall:FleeingMerchant","floor":5,"turns":4},{"damage":0,"enemies":"2 Louse","floor":10,"turns":2},{"damage":50,"enemies":"Lagavulin","floor":11,"turns":4},{"damage":33,"enemies":"Large Slime","floor":12,"turns":5},{"damage":31,"enemies":"Gremlin Nob","floor":14,"turns":4},{"damage":15,"enemies":"3 Louse","floor":15,"turns":3},{"damage":85,"enemies":"WA_ARCHETYPE_RETAIN","floor":16,"turns":6}],"seed_played":"-1430080610267973363","potions_obtained":[{"floor":2,"key":"GamblersBrew"},{"floor":10,"key":"Fire Potion"},{"floor":12,"key":"LiquidMemories"}],"is_trial":false,"path_per_floor":["R","M","M","?","$","?","T","?","R","M","E","M","R","E","M","B"],"character_chosen":"THE_CHAMP","items_purchased":[],"campfire_rested":0,"item_purchase_floors":[],"current_hp_per_floor":[99,95,93,67,67,67,67,64,74,74,74,71,71,55,55,0,0,0],"gold":412,"neow_bonus":"TEN_PERCENT_HP_BONUS","is_daily":false,"chose_seed":false,"campfire_upgraded":3,"win_rate":0.0,"timestamp":1611483722,"path_taken":["R","M","M","?","$","?","T","?","R","M","E","M","R","E","M","BOSS"],"items_purchased_type":[],"build_version":"2020-12-22","purchased_purges":1,"victory":false,"max_hp_per_floor":[99,99,99,99,99,99,99,99,109,109,109,109,109,109,109,109,109,109],"card_choices":[{"not_picked":["champ:BringItOn","champ:HeartStrike"],"picked":"champ:StanceDance","floor":2},{"not_picked":["champ:SetATrap","champ:BringItOn"],"picked":"champ:StrikeOfGenius","floor":3},{"not_picked":["champ:ShieldSlam","champ:RisingSlash"],"picked":"champ:PreciseThrust","floor":4},{"not_picked":["champ:PreemptiveStrike","champ:TornadoPunch"],"picked":"champ:StanceDance","floor":5},{"not_picked":["champ:SkillfulDodge","champ:Circumvent"],"picked":"champ:RecklessLeap","floor":10},{"not_picked":["champ:Circumvent","champ:HeartStrike"],"picked":"champ:ShieldSlam","floor":11},{"not_picked":["champ:CalledShot","champ:DefensiveShout"],"picked":"champ:EndlessRage","floor":12},{"not_picked":["champ:GutPunch","champ:Parry"],"picked":"champ:VampiricStrike","floor":14},{"not_picked":["champ:BringItOn","champ:DefensiveShout"],"picked":"champ:FanOfKnives","floor":15}],"player_experience":235584,"relics_obtained":[{"floor":4,"key":"CaptainsWheel"},{"floor":11,"key":"MealTicket"},{"floor":14,"key":"Whetstone"}],"event_choices":[{"damage_healed":0,"gold_gain":0,"player_choice":"Success","damage_taken":3,"relics_obtained":["MawBank"],"max_hp_gain":0,"max_hp_loss":0,"event_name":"Scrap Ooze","floor":8,"gold_loss":0}],"is_beta":false,"boss_relics":[],"items_purged_floors":[5],"is_endless":false,"potions_floor_spawned":[2,10,12],"killed_by":"WA_ARCHETYPE_RETAIN","ascension_level":0}}