{"host":"slngz8sobihb8iwl","time":1611457340,"event":{"mods":["2.2 Compatiblity","Act Like it!","BaseMod","Chen","Colored Powertips","Downfall","Elementarium","Gensokyo","GifTheSpireLib","Hallownest","Hermit","Marisa????????","Menagerie","Minty Spire (QoL Compilation)","Permanent Neow","Random Character Button","Rare Cards Sparkle","Relic Filter","Robot Space Explorer","Spire Arcade","StSLib","SuperFastMode","Td1madao Mod","The Bug Knight","The Gatherer","The Hierophant","The Marked","The Runesmith","Unceasing Turn Reminder"],"gold_per_floor":[0,15,34,54,54,39,62,8,8,20,5,5,180,196,215,315,315,315,315,333,344,744,744,744,759,152,252,252,282,282,308,327,327,327,327],"floor_reached":33,"language":"ENG","playtime":2648,"items_purged":["Doubt"],"score":328,"play_id":"fd33d97d-ca5a-47d9-97a2-dee627e04291","local_time":"20210123220220","is_ascension_mode":true,"campfire_choices":[{"data":"Slimebound:RallyTheTroops","floor":1,"key":"SMITH"},{"data":"Slimebound:RainOfGoop","floor":12,"key":"SMITH"},{"data":"Slimebound:SlimeSlap","floor":18,"key":"SMITH"},{"data":"Slimebound:PrepareCrush","floor":23,"key":"SMITH"},{"floor":28,"key":"REST"},{"floor":30,"key":"REST"}],"circlet_count":0,"master_deck":["Slimebound:Strike_Slimebound","Slimebound:Strike_Slimebound+1","Slimebound:Tackle","Slimebound:Defend_Slimebound","Slimebound:Defend_Slimebound","Slimebound:Defend_Slimebound","Slimebound:Defend_Slimebound","Slimebound:Split","Slimebound:CorrosiveSpit","Slimebound:RallyTheTroops+1","Slimebound:GoopSpray","Slimebound:LeadByExample","Slimebound:FlameTackle+1","Slimebound:FinishingTackle","Slimebound:LeechEnergy","Slimebound:RainOfGoop+1","Slimebound:MegaLick","Slimebound:SplitMire","Slimebound:RollThrough","Slimebound:Prepare","Slimebound:SlimeSlap+1","Slimebound:GoopSpray+1","Slimebound:HauntingLick","Slimebound:PrepareCrush+1","Slimebound:SlimeBarrage","Slimebound:DuplicatedForm","expansioncontent:QuickStudy","Slimebound:SplitSpecialist","Slimebound:GoopSpray","Slimebound:MegaLick","Slimebound:CheckThePlaybook"],"relics":["Slimebound:AbsorbEndCombat","Slimebound:ScrapOozeRelic","expansioncontent:StudyCardRelic","Old Coin","Pear","Ornamental Fan","ClockworkSouvenir","bronze:BronzeIdol","Tiny Chest","Mercury Hourglass"],"acts_visited":["Exordium","TheCity"],"potions_floor_usage":[22,26,29],"damage_taken":[{"damage":4,"enemies":"Cultist","floor":2,"turns":3},{"damage":3,"enemies":"Small Slimes","floor":3,"turns":2},{"damage":3,"enemies":"2 Louse","floor":4,"turns":3},{"damage":3,"enemies":"downfall:FleeingMerchant","floor":6,"turns":4},{"damage":14,"enemies":"downfall:FleeingMerchant","floor":8,"turns":4},{"damage":2,"enemies":"Exordium Wildlife","floor":10,"turns":2},{"damage":14,"enemies":"downfall:FleeingMerchant","floor":11,"turns":4},{"damage":9,"enemies":"Red Slaver","floor":14,"turns":2},{"damage":7,"enemies":"Large Slime","floor":15,"turns":3},{"damage":21,"enemies":"IC_STATUS_ARCHETYPE","floor":16,"turns":7},{"damage":10,"enemies":"3 Byrds","floor":20,"turns":5},{"damage":22,"enemies":"Shell Parasite","floor":21,"turns":4},{"damage":21,"enemies":"DF_ARCHETYPE_STREAMLINE","floor":22,"turns":6},{"damage":5,"enemies":"Centurion and Healer","floor":25,"turns":3},{"damage":20,"enemies":"downfall:FleeingMerchant","floor":26,"turns":4},{"damage":14,"enemies":"Book of Stabbing","floor":29,"turns":4},{"damage":29,"enemies":"Gremlin Leader","floor":31,"turns":7},{"damage":19,"enemies":"Snake Plant","floor":32,"turns":3},{"damage":38,"enemies":"SI_MIRROR_ARCHETYPE","floor":33,"turns":4}],"seed_played":"-4689153682028383530","potions_obtained":[{"floor":10,"key":"GamblersBrew"},{"floor":14,"key":"GamblersBrew"},{"floor":15,"key":"LiquidBronze"},{"floor":19,"key":"downfall:CursedFountainPotion"},{"floor":22,"key":"Fire Potion"},{"floor":31,"key":"Slimebound:SlimyTonguePotion"}],"is_trial":false,"path_per_floor":["R","M","M","M","?","$","T","$","?","M","$","R","?","M","M","B",null,"R","?","M","M","?","R","T","M","$","?","R","E","R","E","M","B"],"character_chosen":"SLIMEBOUND","items_purchased":["Slimebound:RainOfGoop","ClockworkSouvenir","bronze:BronzeIdol","expansioncontent:QuickStudy","Slimebound:SplitSpecialist"],"campfire_rested":2,"item_purchase_floors":[8,26,26,26,26],"current_hp_per_floor":[65,61,58,59,59,60,60,52,52,56,48,48,48,43,42,29,65,65,65,57,43,40,40,40,39,25,25,47,41,63,42,29,0,0,0],"gold":327,"neow_bonus":"THREE_RARE_CARDS","is_daily":false,"chose_seed":false,"campfire_upgraded":4,"win_rate":0.0,"timestamp":1611457340,"path_taken":["R","M","M","?","?","$","T","?","?","?","?","R","?","M","M","BOSS","R","?","?","M","?","R","T","M","$","?","R","E","R","E","M","BOSS"],"items_purchased_type":["Card","Relic","Relic","Card","Card"],"build_version":"2020-12-22","purchased_purges":1,"victory":false,"max_hp_per_floor":[65,65,65,65,65,65,65,65,65,65,65,65,65,65,65,65,65,65,65,65,65,75,75,75,75,75,75,75,75,75,75,75,75,75,75],"card_choices":[{"not_picked":["Slimebound:FirmFortitude","Slimebound:Overexert"],"picked":"Slimebound:RallyTheTroops","floor":0},{"not_picked":["Slimebound:SplitAcid","Slimebound:LivingWall"],"picked":"Slimebound:GoopSpray","floor":2},{"not_picked":["Slimebound:MegaLick","Slimebound:ComboTackle"],"picked":"Slimebound:LeadByExample","floor":3},{"not_picked":["Slimebound:SpikyOuterGoop","Slimebound:FinishingTackle"],"picked":"Slimebound:FlameTackle","floor":4},{"not_picked":["Slimebound:WasteNot","Slimebound:TongueLash"],"picked":"Slimebound:FinishingTackle","floor":6},{"not_picked":["Slimebound:PressTheAttack","Slimebound:LeechingTouch"],"picked":"Slimebound:LeechEnergy","floor":8},{"not_picked":["Slimebound:ProtectTheBoss","Slimebound:SlimeTap"],"picked":"Slimebound:MegaLick","floor":10},{"not_picked":["Slimebound:SlimeSpikes","Slimebound:TongueLash"],"picked":"Slimebound:SplitMire","floor":11},{"not_picked":["Slimebound:HauntingLick","Slimebound:Prepare"],"picked":"Slimebound:RollThrough","floor":14},{"not_picked":["Slimebound:ViciousTackle","Slimebound:MegaLick"],"picked":"Slimebound:Prepare","floor":15},{"not_picked":["Slimebound:WasteNot","Slimebound:Overexert"],"picked":"Slimebound:SlimeSlap","floor":16},{"not_picked":["Slimebound:ItLooksTasty","Slimebound:LeechEnergy"],"picked":"Slimebound:GoopSpray+1","floor":20},{"not_picked":["Slimebound:ViciousTackle","Slimebound:ProtectTheBoss"],"picked":"Slimebound:HauntingLick","floor":21},{"not_picked":["Slimebound:SplitBruiser","Slimebound:SplitSpecialist"],"picked":"Slimebound:PrepareCrush","floor":22},{"not_picked":["Slimebound:SplitAcid","Slimebound:LeechingTouch+1"],"picked":"Slimebound:SlimeBarrage","floor":25},{"not_picked":["Slimebound:ProtectTheBoss+1","Slimebound:RejuvenatingLick"],"picked":"Slimebound:DuplicatedForm","floor":26},{"not_picked":["Slimebound:Chomp","Slimebound:SplitAcid"],"picked":"Slimebound:GoopSpray","floor":29},{"not_picked":["Slimebound:Chomp","Slimebound:DisruptingSlam"],"picked":"Slimebound:MegaLick","floor":31},{"not_picked":["Slimebound:GoopSpray","Slimebound:GoopTackle"],"picked":"Slimebound:CheckThePlaybook","floor":32}],"player_experience":416287,"relics_obtained":[{"floor":7,"key":"Whetstone"},{"floor":22,"key":"Old Coin"},{"floor":22,"key":"Pear"},{"floor":24,"key":"Ornamental Fan"},{"floor":29,"key":"Tiny Chest"},{"floor":31,"key":"Mercury Hourglass"}],"event_choices":[],"is_beta":false,"boss_relics":[{"not_picked":["Fusion Hammer","Runic Dome"],"picked":"expansioncontent:StudyCardRelic"}],"items_purged_floors":[26],"is_endless":false,"potions_floor_spawned":[10,14,15,20,21,22,31],"killed_by":"SI_MIRROR_ARCHETYPE","ascension_level":2}}