{"host":"yvb207ks1sg3cxef","time":1611491036,"event":{"mods":["2.2 Compatiblity","BaseMod","Bestiary","Colored Powertips","Minty Spire (QoL Compilation)","Permanent Neow","Quick Restart","Relic Stats","StSLib"],"gold_per_floor":[361,384,384,395,50,50,82,82,82,101,118,152,164,182,182,259,259,278,278,295,5,22,22,49,49,72,84,84,100,125,143,143,217,217,235,284,304,304,322,322,66,66,66,97,97,112,123,153,153,153,153,153,25,60,60],"floor_reached":56,"language":"ENG","playtime":3349,"items_purged":["Strike_P","Defend_P"],"score":2432,"play_id":"fa9f7662-314f-432a-b6b6-1403b08b2855","local_time":"20210124175356","is_ascension_mode":true,"campfire_choices":[{"data":"Eruption","floor":6,"key":"SMITH"},{"data":"Vigilance","floor":8,"key":"SMITH"},{"floor":15,"key":"DIG"},{"floor":23,"key":"DIG"},{"floor":25,"key":"DIG"},{"data":"Wireheading","floor":28,"key":"SMITH"},{"floor":32,"key":"DIG"},{"floor":40,"key":"REST"},{"floor":45,"key":"DIG"},{"floor":49,"key":"RECALL"},{"data":"LikeWater","floor":52,"key":"SMITH"}],"circlet_count":0,"master_deck":["AscendersBane","Defend_P","Defend_P+1","Defend_P+1","Eruption+1","Vigilance+1","FlyingSleeves+1","CarveReality","Vault+1","FlurryOfBlows","FlurryOfBlows","FlurryOfBlows","Meditate+1","Swivel+1","Halt+1","Prostrate+1","Wireheading+1","Scrawl+1","Evaluate+1","LikeWater","Prostrate+1","Wireheading+1","ClearTheMind+1","Scrawl+1","Meditate+1","SpiritShield+1","LikeWater+1","Panache","Perseverance+1","EmptyMind+1","CutThroughFate+1","LikeWater+1"],"relics":["PureWater","Bag of Marbles","War Paint","Toxic Egg 2","Whetstone","The Courier","Shovel","Potion Belt","Astrolabe","Question Card","Centennial Puzzle","Mummified Hand","Ancient Tea Set","Kunai","Pear","Black Star","GoldenEye","Calipers","White Beast Statue","InkBottle","Bottled Tornado","Damaru","Akabeko","Pen Nib","Anchor","Orichalcum","Bird Faced Urn"],"acts_visited":["Exordium","TheCity","TheBeyond","TheEnding"],"potions_floor_usage":[7,27,30,31,31,31,31,31,33,35,44,48,54,55,55],"damage_taken":[{"damage":0,"enemies":"Cultist","floor":1,"turns":3},{"damage":0,"enemies":"Small Slimes","floor":4,"turns":3},{"damage":3,"enemies":"Lagavulin","floor":7,"turns":5},{"damage":0,"enemies":"Jaw Worm","floor":10,"turns":1},{"damage":2,"enemies":"3 Louse","floor":11,"turns":2},{"damage":0,"enemies":"Gremlin Nob","floor":12,"turns":2},{"damage":0,"enemies":"Large Slime","floor":13,"turns":3},{"damage":0,"enemies":"2 Fungi Beasts","floor":14,"turns":1},{"damage":4,"enemies":"Hexaghost","floor":16,"turns":9},{"damage":4,"enemies":"Shell Parasite","floor":18,"turns":6},{"damage":0,"enemies":"2 Thieves","floor":20,"turns":2},{"damage":1,"enemies":"3 Cultists","floor":22,"turns":4},{"damage":1,"enemies":"Book of Stabbing","floor":24,"turns":5},{"damage":8,"enemies":"Snake Plant","floor":27,"turns":3},{"damage":0,"enemies":"Centurion and Healer","floor":29,"turns":2},{"damage":1,"enemies":"Slavers","floor":30,"turns":5},{"damage":12,"enemies":"Snecko","floor":31,"turns":8},{"damage":20,"enemies":"Collector","floor":33,"turns":7},{"damage":0,"enemies":"3 Shapes","floor":35,"turns":5},{"damage":48,"enemies":"2 Orb Walkers","floor":36,"turns":7},{"damage":0,"enemies":"Orb Walker","floor":37,"turns":2},{"damage":0,"enemies":"Sphere and 2 Shapes","floor":39,"turns":4},{"damage":0,"enemies":"Nemesis","floor":44,"turns":8},{"damage":0,"enemies":"4 Shapes","floor":46,"turns":2},{"damage":0,"enemies":"Jaw Worm Horde","floor":47,"turns":3},{"damage":0,"enemies":"Giant Head","floor":48,"turns":5},{"damage":0,"enemies":"Donu and Deca","floor":50,"turns":5},{"damage":0,"enemies":"Shield and Spear","floor":54,"turns":3},{"damage":1,"enemies":"The Heart","floor":55,"turns":11}],"seed_played":"-6385154274732833734","potions_obtained":[{"floor":1,"key":"BlessingOfTheForge"},{"floor":10,"key":"BottledMiracle"},{"floor":11,"key":"FearPotion"},{"floor":20,"key":"LiquidBronze"},{"floor":22,"key":"Block Potion"},{"floor":30,"key":"EntropicBrew"},{"floor":31,"key":"EssenceOfSteel"},{"floor":33,"key":"Block Potion"},{"floor":36,"key":"Swift Potion"},{"floor":44,"key":"Weak Potion"},{"floor":46,"key":"Regen Potion"},{"floor":47,"key":"Swift Potion"},{"floor":48,"key":"LiquidMemories"},{"floor":54,"key":"GamblersBrew"}],"is_trial":false,"path_per_floor":["M","T","?","M","$","R","E","R","T","M","M","E","M","M","R","B",null,"M","?","M","$","M","R","E","R","T","M","R","M","E","M","R","B",null,"M","?","M","?","M","R","$","?","T","E","R","M","M","E","R","B",null,"R","$","E","B",null],"character_chosen":"WATCHER","items_purchased":["Toxic Egg 2","Question Card","Calipers","Anchor"],"campfire_rested":1,"item_purchase_floors":[5,21,41,53],"current_hp_per_floor":[43,43,32,32,32,32,29,29,29,29,27,27,27,27,27,23,57,53,53,53,53,52,52,51,51,51,43,43,43,42,30,40,20,64,64,16,16,16,16,39,39,39,39,39,39,39,39,53,53,53,72,72,72,72,78],"gold":60,"neow_bonus":"TWO_FIFTY_GOLD","is_daily":false,"chose_seed":false,"campfire_upgraded":4,"win_rate":0.0,"timestamp":1611491036,"path_taken":["M","?","?","M","$","R","E","R","T","M","M","E","M","M","R","BOSS","M","?","?","$","M","R","E","R","T","M","R","M","E","M","R","BOSS","M","?","M","?","M","R","$","?","T","E","R","M","M","E","R","BOSS","R","$","E","BOSS"],"items_purchased_type":["Relic","Relic","Relic","Relic"],"build_version":"2020-12-22","purchased_purges":2,"victory":true,"max_hp_per_floor":[68,68,68,68,68,68,68,68,68,68,68,68,68,68,68,68,68,68,68,68,68,68,68,68,68,68,68,68,68,68,68,78,78,78,78,78,78,78,78,78,78,78,78,78,78,78,78,78,78,78,78,78,78,78,78],"relic_stats":{"counters":[29,126],"Astrolabe":["Meditate","Swivel","Halt"],"Pen Nib":[8],"Whetstone":["Strike_P","FlyingSleeves"],"War Paint":["Defend_P","Defend_P"],"Orichalcum":[0],"Question Card":17,"GoldenEye":[61],"Centennial Puzzle":[21],"Shovel":5,"Mummified Hand":[74],"Bird Faced Urn":[7],"Black Star":3,"Kunai":[62],"obtain_stats":[{"Calipers":41,"Whetstone":7,"Bottled Tornado":44,"Ancient Tea Set":25,"Centennial Puzzle":23,"Shovel":12,"Mummified Hand":24,"Kunai":30,"Toxic Egg 2":5,"InkBottle":44,"Potion Belt":15,"Pear":32,"Astrolabe":17,"Damaru":45,"The Courier":9,"Pen Nib":48,"War Paint":3,"Orichalcum":54,"Question Card":21,"GoldenEye":36,"White Beast Statue":43,"Akabeko":48,"Anchor":53,"Bird Faced Urn":54,"Bag of Marbles":2,"Black Star":34,"PureWater":0},{"Calipers":22,"Whetstone":3,"Bottled Tornado":23,"Ancient Tea Set":13,"Centennial Puzzle":12,"Shovel":6,"Mummified Hand":13,"Kunai":16,"Toxic Egg 2":2,"InkBottle":23,"Potion Belt":8,"Pear":17,"Astrolabe":9,"Damaru":23,"The Courier":3,"Pen Nib":26,"War Paint":1,"Orichalcum":28,"Question Card":11,"GoldenEye":20,"White Beast Statue":22,"Akabeko":26,"Anchor":27,"Bird Faced Urn":28,"Bag of Marbles":1,"Black Star":18,"PureWater":0},{"Calipers":89,"Whetstone":11,"Bottled Tornado":97,"Ancient Tea Set":46,"Centennial Puzzle":41,"Shovel":16,"Mummified Hand":46,"Kunai":56,"Toxic Egg 2":6,"InkBottle":97,"Potion Belt":20,"Pear":64,"Astrolabe":29,"Damaru":97,"The Courier":11,"Pen Nib":107,"War Paint":3,"Orichalcum":115,"Question Card":37,"GoldenEye":83,"White Beast Statue":89,"Akabeko":107,"Anchor":112,"Bird Faced Urn":115,"Bag of Marbles":3,"Black Star":71,"PureWater":0}],"InkBottle":[29]},"card_choices":[{"not_picked":["ThirdEye","Worship"],"picked":"FlyingSleeves","floor":1},{"not_picked":["Indignation","SashWhip"],"picked":"CarveReality","floor":4},{"not_picked":["Tantrum","LikeWater"],"picked":"Vault+1","floor":7},{"not_picked":["FlyingSleeves","ThirdEye+1"],"picked":"FlurryOfBlows","floor":10},{"not_picked":["SandsOfTime","SignatureMove","CarveReality"],"picked":"SKIP","floor":11},{"not_picked":["Worship+1","CrushJoints"],"picked":"FlurryOfBlows","floor":12},{"not_picked":["Nirvana","Fasting2"],"picked":"FlurryOfBlows","floor":13},{"not_picked":["Collect+1","Ragnarok","JustLucky"],"picked":"SKIP","floor":14},{"not_picked":["DeusExMachina+1","Wish+1"],"picked":"Blasphemy+1","floor":16},{"not_picked":["WindmillStrike","Wireheading"],"picked":"Prostrate+1","floor":18},{"not_picked":["WindmillStrike","WreathOfFlame+1"],"picked":"Evaluate+1","floor":20},{"not_picked":["WreathOfFlame+1","Halt+1","CarveReality"],"picked":"LikeWater","floor":22},{"not_picked":["Consecrate+1","EmptyFist","Wireheading"],"picked":"Prostrate+1","floor":24},{"not_picked":["FollowUp","ThirdEye+1","SashWhip"],"picked":"Wireheading+1","floor":27},{"not_picked":["Halt+1","Protect+1","ThirdEye+1"],"picked":"ClearTheMind+1","floor":29},{"not_picked":["SignatureMove","ClearTheMind+1","Halt+1"],"picked":"Scrawl+1","floor":30},{"not_picked":["FlurryOfBlows","Halt+1","ThirdEye+1"],"picked":"Meditate+1","floor":31},{"not_picked":["DeusExMachina+1","Alpha+1","Brilliance"],"picked":"SpiritShield+1","floor":33},{"not_picked":["JustLucky+1","ForeignInfluence+1","Evaluate+1","PathToVictory+1"],"picked":"SKIP","floor":35},{"not_picked":["Halt+1","JustLucky","SashWhip"],"picked":"LikeWater","floor":36},{"not_picked":["Halt+1","PathToVictory+1","Protect+1","Pray+1"],"picked":"SKIP","floor":37},{"not_picked":["Dark Shackles+1","Blind+1","Flash of Steel"],"picked":"Panache","floor":38},{"not_picked":["ClearTheMind+1","Evaluate+1","Indignation+1"],"picked":"Perseverance+1","floor":39},{"not_picked":["Evaluate+1","Protect+1","Perseverance+1"],"picked":"EmptyMind+1","floor":44},{"not_picked":["JustLucky","SashWhip","Crescendo+1"],"picked":"CutThroughFate+1","floor":46},{"not_picked":["Protect+1","ReachHeaven","BowlingBash","PathToVictory+1"],"picked":"SKIP","floor":47},{"not_picked":["Establishment","WaveOfTheHand+1","Consecrate"],"picked":"LikeWater+1","floor":48},{"not_picked":["ClearTheMind+1","FollowUp","SashWhip","Crescendo+1"],"picked":"SKIP","floor":54}],"player_experience":435258,"relics_obtained":[{"floor":2,"key":"Bag of Marbles"},{"floor":7,"key":"Whetstone"},{"floor":9,"key":"The Courier"},{"floor":12,"key":"Shovel"},{"floor":15,"key":"Potion Belt"},{"floor":23,"key":"Centennial Puzzle"},{"floor":24,"key":"Mummified Hand"},{"floor":25,"key":"Ancient Tea Set"},{"floor":30,"key":"Kunai"},{"floor":32,"key":"Pear"},{"floor":36,"key":"GoldenEye"},{"floor":43,"key":"White Beast Statue"},{"floor":44,"key":"InkBottle"},{"floor":44,"key":"Bottled Tornado"},{"floor":45,"key":"Damaru"},{"floor":48,"key":"Akabeko"},{"floor":48,"key":"Pen Nib"},{"floor":54,"key":"Orichalcum"},{"floor":54,"key":"Bird Faced Urn"}],"event_choices":[{"damage_healed":0,"gold_gain":0,"player_choice":"Success","damage_taken":11,"relics_obtained":["War Paint"],"max_hp_gain":0,"max_hp_loss":0,"event_name":"Scrap Ooze","floor":3,"gold_loss":0},{"damage_healed":0,"gold_gain":0,"player_choice":"2 cards matched","damage_taken":0,"max_hp_gain":0,"max_hp_loss":0,"event_name":"Match and Keep!","floor":19,"gold_loss":0,"cards_obtained":["Wireheading","Scrawl"]},{"damage_healed":0,"gold_gain":0,"player_choice":"2 cards matched","damage_taken":0,"max_hp_gain":0,"max_hp_loss":0,"event_name":"Match and Keep!","floor":19,"gold_loss":0,"cards_obtained":["Wireheading","Scrawl"]},{"damage_healed":0,"gold_gain":0,"player_choice":"Fight","damage_taken":0,"max_hp_gain":0,"max_hp_loss":0,"event_name":"Mysterious Sphere","floor":36,"gold_loss":0},{"damage_healed":0,"gold_gain":0,"player_choice":"Memory 1","damage_taken":0,"max_hp_gain":0,"max_hp_loss":0,"event_name":"SensoryStone","floor":38,"gold_loss":0},{"cards_removed":["Blasphemy"],"damage_healed":0,"gold_gain":0,"player_choice":"Removed Skill","damage_taken":0,"max_hp_gain":0,"max_hp_loss":0,"event_name":"Falling","floor":42,"gold_loss":0}],"is_beta":false,"boss_relics":[{"not_picked":["SlaversCollar","Runic Dome"],"picked":"Astrolabe"},{"not_picked":["Snecko Eye","Busted Crown"],"picked":"Black Star"}],"items_purged_floors":[5,21],"is_endless":false,"potions_floor_spawned":[1,10,11,12,13,20,22,30,31,33,36,44,46,47,48,54],"ascension_level":18}}