{"host":"vgoo8hagqzs0eqkg","time":1611468097,"event":{"mods":["BaseMod","Downfall","Minty Spire (QoL Compilation)","Quick Restart","StSLib"],"gold_per_floor":[99,99,110,123,137,153,231,131,147,164,164,182,182,182,199,304,304,304,314,331,39,53,68,92,102,102,114,125,125,125,137,155,256,256,256,267,284,284,284,284,330,9,9,59,59,76,88,88,101,101,101,101],"floor_reached":50,"language":"ZHS","playtime":3271,"items_purged":["Guardian:Strike_Guardian"],"score":444,"play_id":"043aa85a-62ce-4274-8429-83c7f53c58ff","local_time":"20210124140137","is_ascension_mode":false,"campfire_choices":[{"floor":1,"key":"RECALL"},{"data":"Guardian:Repulse","floor":8,"key":"SMITH"},{"data":"Guardian:TwinSlam","floor":11,"key":"SMITH"},{"data":"Guardian:TemporalShield","floor":13,"key":"SMITH"},{"data":"Guardian:FuturePlans","floor":18,"key":"SMITH"},{"data":"Guardian:Suspension","floor":26,"key":"SMITH"},{"floor":30,"key":"REST"},{"data":"Guardian:MultiBeam","floor":35,"key":"SMITH"},{"data":"Guardian:CurlUp","floor":40,"key":"SMITH"}],"circlet_count":0,"master_deck":["Guardian:Defend_Guardian","Guardian:Defend_Guardian","Guardian:CurlUp+1","Guardian:TwinSlam+1","Guardian:Recover","Guardian:FuturePlans+1","Guardian:PrimingBeam","Guardian:Repulse+1","Guardian:TemporalShield+1","Guardian:DecasProtection+1","Guardian:TemporalStrike","Guardian:Suspension+1","Guardian:Incinerate","Guardian:MultiBeam+1","Guardian:GatlingBeam","Guardian:ChargeUp+1","Guardian:StasisStrike+1","Guardian:ChargeCore+1","Guardian:Gem_Yellow","Guardian:RollAttack+1","Guardian:TemporalShield"],"relics":["Guardian:ModeShifter","Sundial","downfall:HeartBlessingRed","Blue Candle","Busted Crown","Bronze Scales","Happy Flower","Astrolabe","Art of War","HandDrill","Boot","Prayer Wheel"],"acts_visited":["Exordium","TheCity","TheBeyond"],"potions_floor_usage":[12,16,33,33,50,50],"damage_taken":[{"damage":1,"enemies":"Jaw Worm","floor":3,"turns":5},{"damage":0,"enemies":"Small Slimes","floor":4,"turns":3},{"damage":7,"enemies":"Cultist","floor":5,"turns":5},{"damage":13,"enemies":"3 Louse","floor":6,"turns":3},{"damage":1,"enemies":"2 Fungi Beasts","floor":9,"turns":4},{"damage":10,"enemies":"Large Slime","floor":10,"turns":6},{"damage":2,"enemies":"3 Louse","floor":12,"turns":4},{"damage":12,"enemies":"Gremlin Gang","floor":15,"turns":5},{"damage":32,"enemies":"DF_ARCHETYPE_STREAMLINE","floor":16,"turns":13},{"damage":0,"enemies":"Spheric Guardian","floor":19,"turns":4},{"damage":0,"enemies":"Snecko","floor":20,"turns":5},{"damage":0,"enemies":"downfall:FleeingMerchant","floor":21,"turns":4},{"damage":21,"enemies":"Snake Plant","floor":22,"turns":4},{"damage":22,"enemies":"Centurion and Healer","floor":23,"turns":9},{"damage":10,"enemies":"Chosen and Byrds","floor":25,"turns":6},{"damage":5,"enemies":"Sentry and Sphere","floor":27,"turns":4},{"damage":7,"enemies":"Centurion and Healer","floor":28,"turns":5},{"damage":5,"enemies":"Cultist and Chosen","floor":31,"turns":5},{"damage":16,"enemies":"Snake Plant","floor":32,"turns":4},{"damage":8,"enemies":"WA_ARCHETYPE_CALM","floor":33,"turns":8},{"damage":7,"enemies":"3 Shapes","floor":36,"turns":4},{"damage":10,"enemies":"Orb Walker","floor":37,"turns":4},{"damage":0,"enemies":"downfall:FleeingMerchant","floor":42,"turns":4},{"damage":13,"enemies":"downfall:FleeingMerchant","floor":44,"turns":6},{"damage":10,"enemies":"Transient","floor":46,"turns":5},{"damage":7,"enemies":"3 Darklings","floor":47,"turns":4},{"damage":4,"enemies":"Sphere and 2 Shapes","floor":49,"turns":4},{"damage":69,"enemies":"IC_BLOCK_ARCHETYPE","floor":50,"turns":8}],"seed_played":"-5584686378731096798","potions_obtained":[{"floor":0,"key":"GamblersBrew"},{"floor":0,"key":"Ancient Potion"},{"floor":0,"key":"Fire Potion"},{"floor":3,"key":"CultistPotion"},{"floor":4,"key":"DuplicationPotion"},{"floor":12,"key":"Fruit Juice"},{"floor":15,"key":"Fire Potion"},{"floor":20,"key":"Guardian:BlockOnCardUsePotion"},{"floor":33,"key":"SteroidPotion"},{"floor":36,"key":"ColorlessPotion"}],"is_trial":false,"path_per_floor":["R","?","M","M","M","M","T","R","M","M","R","M","R","?","M","B",null,"R","M","M","$","M","M","T","M","R","M","M","?","R","M","M","B",null,"R","M","M","?","?","R","T","$","?","?","?","M","M","?","M","B"],"character_chosen":"GUARDIAN","items_purchased":["Guardian:TemporalStrike","Bronze Scales","HandDrill","Boot"],"campfire_rested":1,"item_purchase_floors":[21,21,42,42],"current_hp_per_floor":[80,80,79,79,72,59,59,59,58,48,48,51,51,46,34,2,85,85,85,85,85,64,42,42,32,32,27,20,20,45,40,24,16,85,85,78,68,68,68,68,68,68,68,55,85,75,68,68,64,0,0,0],"gold":101,"neow_bonus":"THREE_SMALL_POTIONS","is_daily":false,"chose_seed":false,"campfire_upgraded":7,"win_rate":0.0,"timestamp":1611468097,"path_taken":["R","?","M","M","M","M","T","R","M","M","R","M","R","?","M","BOSS","R","M","M","$","M","M","T","M","R","M","M","?","R","M","M","BOSS","R","M","?","?","?","R","T","$","?","?","?","?","M","?","M","BOSS"],"items_purchased_type":["Card","Relic","Relic","Relic"],"build_version":"2020-12-22","purchased_purges":1,"victory":false,"max_hp_per_floor":[80,80,80,80,80,80,80,80,80,80,80,85,85,85,85,85,85,85,85,85,85,85,85,85,85,85,85,85,85,85,85,85,85,85,85,85,85,85,85,85,85,85,85,85,85,85,85,85,85,85,85,85],"card_choices":[{"not_picked":["Guardian:WalkerClaw","Guardian:VentSteam"],"picked":"Guardian:Recover","floor":3},{"not_picked":["Guardian:Clone","Guardian:PolyBeam"],"picked":"Guardian:FuturePlans","floor":4},{"not_picked":["Guardian:Harden","Guardian:PrismaticBarrier"],"picked":"Guardian:PrimingBeam","floor":5},{"not_picked":["Guardian:Planning","Guardian:Gem_Red"],"picked":"Guardian:Repulse","floor":6},{"not_picked":["Guardian:PiercingHide","Guardian:Gem_Cyan"],"picked":"Guardian:Gem_Synthetic","floor":9},{"not_picked":["Guardian:FloatingOrbs","Guardian:Gem_Cyan"],"picked":"Guardian:Gem_Red","floor":10},{"not_picked":["Guardian:Harden","Guardian:Gem_Green"],"picked":"Guardian:TemporalShield","floor":12},{"not_picked":["Guardian:PrismaticBarrier","Guardian:Repulse"],"picked":"Guardian:Gem_White","floor":15},{"not_picked":["Guardian:ExploitGems","Guardian:GemFire"],"picked":"Guardian:Gem_Orange","floor":16},{"not_picked":["Guardian:RollAttack+1"],"picked":"SKIP","floor":19},{"not_picked":[],"picked":"Guardian:DecasProtection","floor":20},{"not_picked":["Guardian:ChargeCore"],"picked":"SKIP","floor":21},{"not_picked":[],"picked":"Guardian:Suspension","floor":22},{"not_picked":[],"picked":"Guardian:Incinerate","floor":23},{"not_picked":["Guardian:VentSteam"],"picked":"SKIP","floor":25},{"not_picked":[],"picked":"Guardian:Gem_Fragmented","floor":27},{"not_picked":["Guardian:Recover"],"picked":"SKIP","floor":28},{"not_picked":[],"picked":"Guardian:MultiBeam","floor":31},{"not_picked":["Guardian:PrismaticBarrier"],"picked":"SKIP","floor":32},{"not_picked":[],"picked":"Guardian:GatlingBeam","floor":33},{"not_picked":["Guardian:Gem_Cyan"],"picked":"SKIP","floor":36},{"not_picked":["Guardian:Recover"],"picked":"SKIP","floor":37},{"not_picked":[],"picked":"Guardian:ChargeCore+1","floor":42},{"not_picked":["Guardian:VentSteam"],"picked":"SKIP","floor":46},{"not_picked":["Guardian:Gem_Green"],"picked":"SKIP","floor":46},{"not_picked":[],"picked":"Guardian:Gem_Yellow","floor":47},{"not_picked":[],"picked":"Guardian:RollAttack+1","floor":47},{"not_picked":[],"picked":"Guardian:TemporalShield","floor":49},{"not_picked":["Guardian:VentSteam"],"picked":"SKIP","floor":49}],"player_experience":448113,"relics_obtained":[{"floor":7,"key":"Sundial"},{"floor":24,"key":"Happy Flower"},{"floor":41,"key":"Art of War"},{"floor":44,"key":"Prayer Wheel"}],"event_choices":[{"cards_removed":["Guardian:Defend_Guardian"],"damage_healed":0,"gold_gain":0,"player_choice":"Removed Skill","damage_taken":0,"max_hp_gain":0,"max_hp_loss":0,"event_name":"Falling","floor":38,"gold_loss":0},{"cards_removed":["Guardian:Harden"],"damage_healed":30,"gold_gain":0,"player_choice":"Offered Uncommon","damage_taken":0,"max_hp_gain":0,"max_hp_loss":0,"event_name":"Bonfire Elementals","floor":45,"gold_loss":0}],"is_beta":false,"boss_relics":[{"not_picked":["Tiny House","Calling Bell"],"picked":"Busted Crown"},{"not_picked":["SacredBark","Empty Cage"],"picked":"Astrolabe"}],"items_purged_floors":[21],"is_endless":false,"potions_floor_spawned":[3,4,10,12,15,20,22,23,28,31,33,36,47,49],"killed_by":"IC_BLOCK_ARCHETYPE","ascension_level":0}}