{"host":"17xjy7b7ubl548g2","time":1611453827,"event":{"mods":["2.2 Compatiblity","Act Like it!","Aspiration","Astrologer","Bard","BaseMod","Challenge The Spire","ChefMod","Colored Map","Colored Powertips","Conspire","Downfall","Elementarium","Energized Spire","Gensokyo","GifTheSpireLib","Halation","Hallownest","Hubris","Infinite Spire","Jedi Mod","Jorbs\u0027s Wanderer Trilogy","Marisa（霧雨　魔理沙）","Marked Mod","Menagerie","Minty Spire (QoL Compilation)","Permanent Neow","Replay The Spire","Robot Space Explorer","Spicy Shops","StSLib","Stuff the Spire","The Blue Laboratory","The Bug Knight","The Construct","The Disciple","The Hayseed","The Hierophant","The Marked","The Runesmith","The Sage","TheFirefly"],"gold_per_floor":[99,109,13,13,28,28,100,100,118,118,118,130,165,30,42,42,42,42],"floor_reached":16,"language":"ENG","playtime":2008,"items_purged":["downfall:Malfunctioning"],"score":160,"play_id":"58e1410a-0fa3-464d-b19c-24677773e4c8","local_time":"20210123210347","is_ascension_mode":true,"campfire_choices":[{"data":"hexamod:Sear","floor":1.0,"key":"SMITH"},{"data":"expansioncontent:YouAreMine","floor":6.0,"key":"SMITH"}],"circlet_count":0,"master_deck":["conspire:GhostlyStrike+1","conspire:GhostlyStrike","conspire:GhostlyStrike+1","conspire:GhostlyStrike","conspire:GhostlyDefend","conspire:GhostlyDefend","conspire:GhostlyDefend+1","conspire:GhostlyDefend","hexamod:Sear+1","hexamod:Float","hexamod:SpectersWail","hexamod:NightmareStrike","hexamod:GhostflameBarrier","expansioncontent:YouAreMine+1","hexamod:GhostShield","hexamod:GhostLash","hexamod:GhostShield","hexamod:NightmareStrike","hexamod:TimeWarp","hexamod:NightmareGuise","hexamod:AdvancingGuard"],"relics":["hubris:DeckOfHolding","halation:EternalFortune","m_DevilBlood","HornCleat"],"acts_visited":["Exordium"],"potions_floor_usage":[13],"damage_taken":[{"damage":10.0,"enemies":"conspire:RoseBush","floor":2.0,"turns":3.0},{"damage":0.0,"enemies":"downfall:FleeingMerchant","floor":3.0,"turns":4.0},{"damage":0.0,"enemies":"Jaw Worm","floor":5.0,"turns":3.0},{"damage":0.0,"enemies":"2 Louse","floor":9.0,"turns":3.0},{"damage":8.0,"enemies":"Large Slime","floor":12.0,"turns":5.0},{"damage":26,"enemies":"Lagavulin","floor":13,"turns":4},{"damage":0,"enemies":"downfall:FleeingMerchant","floor":14,"turns":4},{"damage":10,"enemies":"Lots of Slimes","floor":15,"turns":4},{"damage":79,"enemies":"DF_ARCHETYPE_STREAMLINE","floor":16,"turns":14}],"seed_played":"6155891463811622423","potions_obtained":[{"floor":12.0,"key":"SteroidPotion"},{"floor":15,"key":"blueLaboratory:HeartbeatPotion"}],"is_trial":false,"path_per_floor":["R","M","$","?","M","R","T","?","M","?","?","M","E","$","M","B"],"character_chosen":"THE_SPIRIT","items_purchased":["expansioncontent:YouAreMine","hexamod:NightmareGuise"],"campfire_rested":0,"item_purchase_floors":[3,14],"current_hp_per_floor":[70,60,60,60,60,60,60,63,63,63,63,59,35,39,33,0,0,0],"gold":42,"neow_bonus":"THREE_CARDS","is_daily":false,"chose_seed":false,"campfire_upgraded":2,"win_rate":0.0,"timestamp":1611453827,"path_taken":["R","M","$","?","M","R","T","?","M","?","?","M","E","$","M","BOSS"],"items_purchased_type":["Card","Card"],"build_version":"2020-12-22","purchased_purges":1,"victory":false,"max_hp_per_floor":[70,70,70,70,70,70,70,73,73,73,73,73,73,73,73,73,73,73],"card_choices":[{"not_picked":["hexamod:SecondSeal","hexamod:RadiantFlame"],"picked":"hexamod:SpectersWail","floor":0.0},{"not_picked":["hexamod:SecondSeal","hexamod:BurningTouch"],"picked":"hexamod:NightmareStrike","floor":2.0},{"not_picked":["hexamod:FlamesFromBeyond","hexamod:SpectersWail"],"picked":"hexamod:GhostflameBarrier","floor":3.0},{"not_picked":["hexamod:Incineration","hexamod:GhostOfSpireFuture"],"picked":"hexamod:GhostShield","floor":5.0},{"not_picked":["hexamod:GhostShield","hexamod:ChargedBarrage"],"picked":"hexamod:GhostLash","floor":9.0},{"not_picked":["hexamod:SkipABeat","hexamod:EmpoweredFlame"],"picked":"hexamod:GhostShield","floor":12.0},{"not_picked":["hexamod:ThirdSeal","hexamod:RecurringNightmare"],"picked":"hexamod:NightmareStrike","floor":13},{"not_picked":["hexamod:SecondSeal","hexamod:Hexaguard"],"picked":"hexamod:TimeWarp","floor":14},{"not_picked":["Dark Embrace","hexamod:BacktrackSmack"],"picked":"hexamod:AdvancingGuard","floor":15}],"player_experience":1958278,"relics_obtained":[{"floor":7.0,"key":"hubris:DeckOfHolding"},{"floor":13,"key":"HornCleat"}],"event_choices":[{"damage_healed":0.0,"max_hp_gain":0.0,"max_hp_loss":0.0,"gold_gain":0.0,"event_name":"conspire:LoneGhost","player_choice":"Agree","floor":4.0,"gold_loss":0.0,"damage_taken":0.0}],"is_beta":false,"boss_relics":[],"items_purged_floors":[14],"is_endless":false,"potions_floor_spawned":[12,15],"killed_by":"DF_ARCHETYPE_STREAMLINE","ascension_level":2}}