{"host":"rvh455abssmal91i","time":1611514771,"event":{"mods":["AchievementEnabler","Aspiration","BaseMod","Better Third Choice","BetterRewards","Colored Map","Colored Powertips","GifTheSpireLib","Gold Saver","Hermit","Highlight Path","Infinite Spire","Mimic Mod","Minty Spire (QoL Compilation)","Rare Cards Sparkle","Remove Card Discount Mod","Spikes Relics","StSLib","The Cursed","The Necromancer","The Runesmith","The Servant 0.9.4"],"gold_per_floor":[861,861,861,879,896,896,927,927,996,1011,1111,633,651,667,667,771,771,782,782,782,800,716,716,749,763,763,791,801,813,306,319,319,421,421,437,63,63,78,88,88,55,81,105,116,126,126,126,143,143,143],"floor_reached":51,"language":"ENG","playtime":3384,"items_purged":["Defend_B","Strike_B","Strike_B","Strike_B","Defend_B"],"score":857,"play_id":"91f75690-127d-4c47-8227-baa8e2f15751","local_time":"20210124135931","is_ascension_mode":true,"campfire_choices":[{"data":"Rebound","floor":6,"key":"SMITH"},{"floor":15,"key":"REST"},{"floor":23,"key":"REST"},{"floor":32,"key":"REST"},{"floor":40,"key":"REST"},{"floor":46,"key":"REST"},{"floor":49,"key":"REST"}],"circlet_count":0,"master_deck":["Strike_B+1","Defend_B","Defend_B","Zap","Dualcast","Ball Lightning","Rebound+1","Leap","Gash+1","Machine Learning","Leap","Sweeping Beam","RefreshScreen","Gash","Biased Cognition","Leap","RitualDagger","Core Surge","Dark Shackles","Gash","Gash+1","Reinforced Body","Streamline","Dark Shackles","Beam Cell+1","Electrodynamics","Melter","Capacitor","Stack","Loop","Rebound+1","Leap","Aggregate","Loop+1","Reboot"],"relics":["Cracked Core","aspiration:Nostalgia","Ring of the Snake","Rawhide","LugNut","Toy Ornithopter","Dream Catcher","RollingBoulder","Oddly Smooth Stone","Gambling Chip","aspiration:ChemicalBlood","Membership Card","infinitespire:FocusingShard","infinitespire:CursedDice","Fusion Hammer","Whetstone","CaptainsWheel","Medical Kit","aspiration:StickyExplosives","Bronze Scales"],"acts_visited":["Exordium","TheCity","TheBeyond"],"potions_floor_usage":[7,25,27,28,29,31,33,33,38,39,42,42,42,50,50,50,50],"damage_taken":[{"damage":7,"enemies":"Small Slimes","floor":1,"turns":4},{"damage":0,"enemies":"Cultist","floor":4,"turns":2},{"damage":1,"enemies":"2 Louse","floor":5,"turns":3},{"damage":19,"enemies":"Lagavulin","floor":7,"turns":5},{"damage":4,"enemies":"Lots of Slimes","floor":10,"turns":4},{"damage":0,"enemies":"2 Fungi Beasts","floor":13,"turns":2},{"damage":1,"enemies":"Exordium Wildlife","floor":14,"turns":4},{"damage":0,"enemies":"Slime Boss","floor":16,"turns":5},{"damage":18,"enemies":"Shell Parasite","floor":18,"turns":5},{"damage":16,"enemies":"3 Byrds","floor":21,"turns":5},{"damage":3,"enemies":"Gremlin Leader","floor":24,"turns":6},{"damage":8,"enemies":"3 Cultists","floor":25,"turns":4},{"damage":13,"enemies":"Book of Stabbing","floor":27,"turns":4},{"damage":1,"enemies":"Snake Plant","floor":28,"turns":3},{"damage":4,"enemies":"Shelled Parasite and Fungi","floor":29,"turns":5},{"damage":3,"enemies":"Snecko","floor":31,"turns":3},{"damage":21,"enemies":"Collector","floor":33,"turns":8},{"damage":2,"enemies":"Orb Walker","floor":35,"turns":3},{"damage":6,"enemies":"3 Darklings","floor":38,"turns":5},{"damage":25,"enemies":"4 Shapes","floor":39,"turns":5},{"damage":44,"enemies":"Reptomancer","floor":42,"turns":5},{"damage":0,"enemies":"Sphere and 2 Shapes","floor":44,"turns":3},{"damage":0,"enemies":"Writhing Mass","floor":45,"turns":4},{"damage":0,"enemies":"3 Darklings","floor":48,"turns":3},{"damage":34,"enemies":"Donu and Deca","floor":50,"turns":7}],"seed_played":"4546004202899577955","potions_obtained":[{"floor":4,"key":"EssenceOfSteel"},{"floor":7,"key":"FocusPotion"},{"floor":10,"key":"GamblersBrew"},{"floor":13,"key":"SpeedPotion"},{"floor":18,"key":"BlessingOfTheForge"},{"floor":21,"key":"FearPotion"},{"floor":25,"key":"Block Potion"},{"floor":27,"key":"FearPotion"},{"floor":29,"key":"EntropicBrew"},{"floor":33,"key":"DuplicationPotion"},{"floor":39,"key":"SpeedPotion"},{"floor":44,"key":"AttackPotion"}],"is_trial":false,"path_per_floor":["M","?","?","M","M","R","E","?","T","M","?","$","M","M","R","B",null,"M","?","?","M","$","R","E","M","T","E","M","M","$","M","R","B",null,"M","$","?","M","M","R","$","E","T","M","M","R","?","M","R","B",null],"character_chosen":"DEFECT","items_purchased":["Toy Ornithopter","Dream Catcher","Gash","Machine Learning","Leap","Dark Shackles","Dark Shackles","Membership Card","infinitespire:FocusingShard","infinitespire:CursedDice","Whetstone","CaptainsWheel","Melter","Capacitor","Medical Kit","Leap"],"campfire_rested":6,"item_purchase_floors":[12,12,12,12,12,22,30,30,30,30,36,36,36,36,36,41],"current_hp_per_floor":[68,68,68,68,67,67,48,48,48,44,44,44,44,43,65,65,75,57,51,51,35,35,57,54,51,51,43,47,48,48,50,72,59,75,73,73,75,74,54,75,75,36,36,36,36,58,58,58,75,48],"gold":143,"neow_bonus":"NOSTALGIA","is_daily":false,"chose_seed":false,"campfire_upgraded":1,"win_rate":0.0,"timestamp":1611514771,"path_taken":["M","?","?","M","M","R","E","?","T","M","?","$","M","M","R","BOSS","M","?","?","M","$","R","E","M","T","E","M","M","$","?","R","BOSS","M","$","?","M","?","R","$","E","T","M","M","R","?","M","R","BOSS"],"items_purchased_type":["Relic","Relic","Card","Card","Card","Card","Card","Relic","Relic","Relic","Relic","Relic","Card","Card","Relic","Card"],"build_version":"2020-12-22","purchased_purges":5,"victory":true,"max_hp_per_floor":[75,75,75,75,75,75,75,75,75,75,75,75,75,75,75,75,75,75,75,75,75,75,75,75,75,75,75,75,75,75,75,75,75,75,75,75,75,75,75,75,75,75,75,75,75,75,75,75,75,75],"card_choices":[{"not_picked":["Stack","Force Field"],"picked":"Compile Driver","floor":1},{"not_picked":["Redo","Hologram"],"picked":"Ball Lightning","floor":4},{"not_picked":["Compile Driver","Blizzard"],"picked":"Rebound","floor":5},{"not_picked":["Hello World","Fusion"],"picked":"Leap","floor":7},{"not_picked":["Redo","Cold Snap","Darkness"],"picked":"SKIP","floor":10},{"not_picked":["Echo Form","Steam Power"],"picked":"Sweeping Beam","floor":13},{"not_picked":["Coolheaded","Cold Snap"],"picked":"RefreshScreen","floor":14},{"not_picked":["Conserve Battery","DiskWipe"],"picked":"Gash","floor":15},{"not_picked":["Hyperbeam","Reboot"],"picked":"Biased Cognition","floor":16},{"not_picked":["Compile Driver","Sweeping Beam"],"picked":"Leap","floor":18},{"not_picked":["Force Field","Fusion"],"picked":"Core Surge","floor":21},{"not_picked":["Barrage","Steam Power+1"],"picked":"Gash","floor":24},{"not_picked":["Defragment","Scrape"],"picked":"Gash+1","floor":25},{"not_picked":["Tempest+1","Coolheaded"],"picked":"Reinforced Body","floor":27},{"not_picked":["Sweeping Beam","Reinforced Body","Hologram"],"picked":"SKIP","floor":28},{"not_picked":["Go for the Eyes","DiskWipe+1"],"picked":"Streamline","floor":29},{"not_picked":["Gash","FTL","Fusion"],"picked":"SKIP","floor":31},{"not_picked":["Hologram","Reinforced Body"],"picked":"Beam Cell+1","floor":32},{"not_picked":["Reboot","Machine Learning"],"picked":"Electrodynamics","floor":33},{"not_picked":["Compile Driver+1","FTL+1","Barrage"],"picked":"SKIP","floor":35},{"not_picked":["Sunder","Streamline+1"],"picked":"Stack","floor":38},{"not_picked":["aspiration:Polymerization","Compile Driver+1"],"picked":"Loop","floor":39},{"not_picked":["Consume+1","Sweeping Beam"],"picked":"Rebound+1","floor":40},{"not_picked":["Turbo","White Noise","Redo"],"picked":"SKIP","floor":42},{"not_picked":["Sunder+1","Sweeping Beam+1"],"picked":"Aggregate","floor":44},{"not_picked":["Barrage","Conserve Battery","Sweeping Beam"],"picked":"SKIP","floor":45},{"not_picked":["Consume","Sweeping Beam+1"],"picked":"Loop+1","floor":46},{"not_picked":["Beam Cell+1","Consume+1","Cold Snap"],"picked":"SKIP","floor":48},{"not_picked":["Hologram+1","Cold Snap"],"picked":"Reboot","floor":49}],"player_experience":165884,"relics_obtained":[{"floor":7,"key":"Rawhide"},{"floor":9,"key":"LugNut"},{"floor":24,"key":"Oddly Smooth Stone"},{"floor":26,"key":"Gambling Chip"},{"floor":27,"key":"aspiration:ChemicalBlood"},{"floor":42,"key":"aspiration:StickyExplosives"},{"floor":43,"key":"Bronze Scales"}],"event_choices":[{"damage_healed":0,"gold_gain":0,"player_choice":"Ignored","damage_taken":0,"max_hp_gain":0,"max_hp_loss":0,"event_name":"Golden Wing","floor":2,"gold_loss":0},{"damage_healed":0,"gold_gain":0,"player_choice":"Grow","damage_taken":0,"max_hp_gain":0,"max_hp_loss":0,"event_name":"Living Wall","floor":3,"gold_loss":0,"cards_upgraded":["Compile Driver"]},{"damage_healed":0,"gold_gain":0,"player_choice":"Ignored","damage_taken":0,"max_hp_gain":0,"max_hp_loss":0,"event_name":"Golden Idol","floor":8,"gold_loss":0},{"damage_healed":0,"gold_gain":100,"player_choice":"Pray","damage_taken":0,"max_hp_gain":0,"max_hp_loss":0,"event_name":"Golden Shrine","floor":11,"gold_loss":0},{"damage_healed":0,"gold_gain":0,"player_choice":"Dagger","damage_taken":6,"max_hp_gain":0,"max_hp_loss":0,"event_name":"betterThird:BetterNest","floor":19,"gold_loss":0,"cards_obtained":["RitualDagger"]},{"damage_healed":0,"gold_gain":0,"player_choice":"Gave Potion","damage_taken":0,"relics_obtained":["RollingBoulder"],"max_hp_gain":0,"max_hp_loss":0,"event_name":"WeMeetAgain","floor":20,"gold_loss":0},{"cards_removed":["Compile Driver"],"damage_healed":0,"gold_gain":0,"player_choice":"Removed Attack","damage_taken":0,"max_hp_gain":0,"max_hp_loss":0,"event_name":"Falling","floor":47,"gold_loss":0}],"is_beta":false,"boss_relics":[{"not_picked":["Empty Cage","Runic Pyramid","Coffee Dripper"]},{"not_picked":["aspiration:RunesmithSkillbook","Snecko Eye"],"picked":"Fusion Hammer"}],"items_purged_floors":[12,12,41,41,41],"is_endless":false,"potions_floor_spawned":[4,7,10,13,18,21,25,27,29,35,44,45,48],"ascension_level":1}}