{"host":"mg3e76uznu9x14du","time":1611466099,"event":{"mods":["BaseMod","Colored Map","Downfall","Minty Spire (QoL Compilation)","Permanent Neow","Relic Stats","StSLib","Waifu the Spire","everything is the same but u backflip on backflip"],"gold_per_floor":[349,359,377,377,390,404,404,161,236,236,270,33,33,133,145,244,244,144,156,156,168,118,138,161,61,46,76,176,176,204,13,30,133,133,133,143,157,175,52,68,120,151,151,166,66,66,66,101,101,101,101],"floor_reached":49,"language":"ENG","playtime":3917,"items_purged":["Slimebound:Strike_Slimebound"],"score":691,"play_id":"6d4205a5-b1e6-43bd-b2d9-2bf1ab9fe3de","local_time":"20210124002819","is_ascension_mode":true,"campfire_choices":[{"data":"Slimebound:Split","floor":1,"key":"SMITH"},{"floor":13,"key":"REST"},{"data":"Slimebound:MassRepurpose","floor":18,"key":"SMITH"},{"floor":25,"key":"REST"},{"data":"Slimebound:ForwardTackle","floor":29,"key":"SMITH"},{"floor":35,"key":"RECALL"},{"floor":45,"key":"REST"}],"circlet_count":0,"master_deck":["Slimebound:Tackle","Slimebound:Defend_Slimebound","Slimebound:Defend_Slimebound","Slimebound:Defend_Slimebound","Slimebound:Defend_Slimebound","Slimebound:Split+1","Slimebound:CorrosiveSpit+1","Slimebound:Gluttony","Slimebound:LeadByExample","Slimebound:Repurpose","Slimebound:GoopSpray","Slimebound:Replication","Slimebound:HungryTackle","Slimebound:RejuvenatingLick","Slimebound:FlameTackle","Slimebound:SplitAcid","Slimebound:SplitBruiser","Slimebound:RollThrough","Slimebound:ForwardTackle+1","Slimebound:MassRepurpose+1","Slimebound:RollThrough","Slimebound:Dissolve","Slimebound:RejuvenatingLick","Slimebound:Repurpose","J.A.X.","Slimebound:FirmFortitude+1","Slimebound:Dissolve","Slimebound:SplitMire+1","Slimebound:MinionMaster","Slimebound:LevelUp+1","Slimebound:SplitSpecialist+1","Slimebound:ProtectTheBoss+1","Parasite"],"relics":["Slimebound:AbsorbEndCombatUpgraded","downfall:BrokenWingStatue","Matryoshka","Orrery","FossilizedHelix","Slimebound:SelfDamagePreventRelic","downfall:GremlinWheel","bronze:MakeshiftBattery","downfall:HeartBlessingGreen","Nilry\u0027s Codex","Singing Bowl","downfall:HeartBlessingBlue","Gambling Chip","MutagenicStrength","Shuriken","Pantograph","Toxic Egg 2","Akabeko","Bag of Preparation","Bottled Flame","downfall:HeartBlessingRed","War Paint"],"acts_visited":["Exordium","TheCity","TheBeyond"],"potions_floor_usage":[8,12,14,16,16,27,27,28,31,32,33,37,40,42,43,48],"damage_taken":[{"damage":7,"enemies":"2 Louse","floor":2,"turns":3},{"damage":11,"enemies":"Jaw Worm","floor":3,"turns":5},{"damage":17,"enemies":"Small Slimes","floor":5,"turns":3},{"damage":3,"enemies":"Blue Slaver","floor":6,"turns":6},{"damage":0,"enemies":"downfall:FleeingMerchant","floor":8,"turns":4},{"damage":46,"enemies":"Gremlin Nob","floor":11,"turns":5},{"damage":9,"enemies":"downfall:FleeingMerchant","floor":12,"turns":4},{"damage":0,"enemies":"downfall:FleeingMerchant","floor":14,"turns":3},{"damage":0,"enemies":"Large Slime","floor":15,"turns":4},{"damage":11,"enemies":"WA_ARCHETYPE_RETAIN","floor":16,"turns":6},{"damage":11,"enemies":"Spheric Guardian","floor":19,"turns":4},{"damage":0,"enemies":"Snecko","floor":21,"turns":3},{"damage":32,"enemies":"Snake Plant","floor":23,"turns":4},{"damage":0,"enemies":"downfall:FleeingMerchant","floor":26,"turns":4},{"damage":10,"enemies":"Gremlin Leader","floor":27,"turns":6},{"damage":32,"enemies":"downfall:Augmenter","floor":28,"turns":5},{"damage":58,"enemies":"Slavers","floor":30,"turns":5},{"damage":15,"enemies":"downfall:FleeingMerchant","floor":31,"turns":4},{"damage":0,"enemies":"Centurion and Healer","floor":32,"turns":4},{"damage":51,"enemies":"IC_MUSHROOM_ARCHETYPE","floor":33,"turns":7},{"damage":0,"enemies":"3 Shapes","floor":36,"turns":6},{"damage":0,"enemies":"Orb Walker","floor":37,"turns":3},{"damage":9,"enemies":"Transient","floor":38,"turns":5},{"damage":30,"enemies":"3 Darklings","floor":40,"turns":4},{"damage":24,"enemies":"Giant Head","floor":42,"turns":8},{"damage":35,"enemies":"Giant Head","floor":43,"turns":5},{"damage":0,"enemies":"Maw","floor":44,"turns":6},{"damage":65,"enemies":"Nemesis","floor":48,"turns":7},{"damage":39,"enemies":"Writhing Mass","floor":49,"turns":3}],"seed_played":"3698990521104534499","potions_obtained":[{"floor":2,"key":"Dexterity Potion"},{"floor":5,"key":"Slimebound:SpawnSlimePotion"},{"floor":6,"key":"Regen Potion"},{"floor":14,"key":"Slimebound:SlimyTonguePotion"},{"floor":15,"key":"Explosive Potion"},{"floor":19,"key":"Explosive Potion"},{"floor":23,"key":"bronze:BurnAndBuffPotion"},{"floor":27,"key":"champ:CounterPotion"},{"floor":30,"key":"FearPotion"},{"floor":33,"key":"Guardian:BlockOnCardUsePotion"},{"floor":37,"key":"EssenceOfSteel"},{"floor":42,"key":"Fire Potion"},{"floor":43,"key":"SkillPotion"}],"is_trial":false,"path_per_floor":["R","M","M","?","M","M","T","$","?","?","E","$","R","?","M","B",null,"R","M","?","M","?","M","T","R","$","E","?","R","E","$","M","B",null,"R","M","M","M","$","M","T","E","?","M","R","?","?","E","M"],"character_chosen":"SLIMEBOUND","items_purchased":["Orrery","Slimebound:SelfDamagePreventRelic","LiquidMemories","Pantograph","Toxic Egg 2","ColorlessPotion","AttackPotion","Slimebound:SlimyTonguePotion"],"campfire_rested":3,"item_purchase_floors":[8,12,12,31,31,31,39,39],"current_hp_per_floor":[59,52,49,49,36,39,39,45,45,45,5,12,29,33,39,36,53,53,44,28,32,57,29,29,59,65,61,35,71,21,16,24,6,58,58,66,72,71,71,47,47,37,13,30,54,73,75,21,0,0,0],"gold":101,"neow_bonus":"TWO_FIFTY_GOLD","is_daily":false,"chose_seed":false,"campfire_upgraded":3,"win_rate":0.0,"timestamp":1611466099,"path_taken":["R","M","M","?","M","M","T","$","?","?","E","?","R","?","M","BOSS","R","M","?","M","?","M","T","R","$","E","?","R","E","?","M","BOSS","R","M","M","M","$","M","T","E","?","M","R","?","?","E","M"],"items_purchased_type":["Relic","Relic","Potion","Relic","Relic","Potion","Potion","Potion"],"build_version":"2020-12-22","purchased_purges":1,"victory":false,"max_hp_per_floor":[59,59,59,59,59,59,59,59,59,59,59,59,59,59,59,59,59,59,59,59,59,59,59,59,69,71,71,71,71,73,75,75,75,75,75,77,77,77,77,77,77,79,81,83,83,73,75,77,77,77,77],"relic_stats":{"Singing Bowl":18,"counters":[29,133],"Shuriken":[2],"Gambling Chip":[31],"Pantograph":25,"Bag of Preparation":[10],"War Paint":["Slimebound:CorrosiveSpit","Slimebound:FirmFortitude"],"obtain_stats":[{"Slimebound:SelfDamagePreventRelic":12,"Singing Bowl":24,"downfall:HeartBlessingRed":45,"Nilry\u0027s Codex":20,"downfall:HeartBlessingGreen":18,"Bag of Preparation":41,"War Paint":48,"Akabeko":41,"Bottled Flame":42,"downfall:BrokenWingStatue":4,"Matryoshka":7,"downfall:GremlinWheel":14,"downfall:HeartBlessingBlue":25,"Shuriken":30,"Gambling Chip":27,"MutagenicStrength":28,"Pantograph":31,"Orrery":8,"Slimebound:AbsorbEndCombat":0,"Toxic Egg 2":31,"Slimebound:AbsorbEndCombatUpgraded":34,"FossilizedHelix":11,"bronze:MakeshiftBattery":17},{"Slimebound:SelfDamagePreventRelic":7,"Singing Bowl":13,"downfall:HeartBlessingRed":27,"Nilry\u0027s Codex":11,"downfall:HeartBlessingGreen":10,"Bag of Preparation":24,"War Paint":28,"Akabeko":24,"Bottled Flame":25,"downfall:BrokenWingStatue":2,"Matryoshka":4,"downfall:GremlinWheel":8,"downfall:HeartBlessingBlue":13,"Shuriken":17,"Gambling Chip":15,"MutagenicStrength":16,"Pantograph":18,"Orrery":5,"Slimebound:AbsorbEndCombat":0,"Toxic Egg 2":18,"Slimebound:AbsorbEndCombatUpgraded":20,"FossilizedHelix":6,"bronze:MakeshiftBattery":10},{"Slimebound:SelfDamagePreventRelic":30,"Singing Bowl":53,"downfall:HeartBlessingRed":123,"Nilry\u0027s Codex":46,"downfall:HeartBlessingGreen":42,"Bag of Preparation":104,"War Paint":130,"Akabeko":104,"Bottled Flame":112,"downfall:BrokenWingStatue":8,"Matryoshka":17,"downfall:GremlinWheel":33,"downfall:HeartBlessingBlue":53,"Shuriken":73,"Gambling Chip":63,"MutagenicStrength":68,"Pantograph":77,"Orrery":21,"Slimebound:AbsorbEndCombat":0,"Toxic Egg 2":77,"Slimebound:AbsorbEndCombatUpgraded":88,"FossilizedHelix":26,"bronze:MakeshiftBattery":42}]},"card_choices":[{"not_picked":["Slimebound:ViciousTackle","Slimebound:LeechEnergy"],"picked":"Slimebound:Gluttony","floor":2},{"not_picked":["Slimebound:SlimeTap","Slimebound:AcidTongue"],"picked":"Slimebound:LeadByExample","floor":3},{"not_picked":["Slimebound:RainOfGoop","Slimebound:Gluttony"],"picked":"Slimebound:Repurpose","floor":5},{"not_picked":["Slimebound:DivideAndConquer","Slimebound:SlimeSpikes"],"picked":"Slimebound:GoopSpray","floor":6},{"not_picked":["Slimebound:ServeAndProtect","Slimebound:LeechLife"],"picked":"Slimebound:Replication","floor":8},{"not_picked":["Slimebound:Prepare","Slimebound:RejuvenatingLick"],"picked":"Slimebound:HungryTackle","floor":8},{"not_picked":["Slimebound:Equalize","Slimebound:SplitLeeching"],"picked":"Slimebound:RejuvenatingLick","floor":8},{"not_picked":["Slimebound:SplitLeeching","Slimebound:Schlurp"],"picked":"Slimebound:FlameTackle","floor":8},{"not_picked":["Slimebound:ComboTackle","Slimebound:FinishingTackle"],"picked":"Slimebound:SplitAcid","floor":8},{"not_picked":["Slimebound:ServeAndProtect","Slimebound:SplitLeeching"],"picked":"Slimebound:SplitBruiser","floor":8},{"not_picked":["Slimebound:DouseInSlime","Slimebound:HauntingLick"],"picked":"Slimebound:RollThrough","floor":11},{"not_picked":["Slimebound:ItLooksTasty","Slimebound:AcidTongue","Slimebound:LeechingTouch"],"picked":"SKIP","floor":12},{"not_picked":["Slimebound:Grow","Slimebound:Schlurp"],"picked":"Slimebound:ForwardTackle","floor":15},{"not_picked":["Slimebound:WasteNot","Slimebound:SelfFormingGoo"],"picked":"Slimebound:MassRepurpose","floor":16},{"not_picked":["Slimebound:ComboTackle","Slimebound:DivideAndConquer"],"picked":"Slimebound:RollThrough","floor":19},{"not_picked":["Slimebound:SplitAcid","Slimebound:LeechingTouch+1"],"picked":"Slimebound:Dissolve","floor":21},{"not_picked":["Slimebound:Grow+1","Slimebound:LivingWall"],"picked":"Slimebound:RejuvenatingLick","floor":23},{"not_picked":["Slimebound:Gluttony","Slimebound:LeechEnergy+1","Slimebound:SplitBruiser"],"picked":"Singing Bowl","floor":26},{"not_picked":["Slimebound:HungryTackle","Slimebound:SelfFormingGoo"],"picked":"Slimebound:Repurpose","floor":27},{"not_picked":[],"picked":"J.A.X.","floor":28},{"not_picked":["Slimebound:LeechEnergy+1","Slimebound:Prepare"],"picked":"Slimebound:ItLooksTasty+1","floor":28},{"not_picked":["Slimebound:SpikyOuterGoop","Slimebound:ItLooksTasty","Slimebound:HauntingLick"],"picked":"Singing Bowl","floor":30},{"not_picked":["Slimebound:Nibble","Slimebound:GoopSpray+1","Slimebound:Repurpose"],"picked":"Singing Bowl","floor":31},{"not_picked":["Slimebound:ForwardTackle","Slimebound:Replication+1"],"picked":"Slimebound:SplitMire+1","floor":32},{"not_picked":["Slimebound:RallyTheTroops","Slimebound:OozeBath+1"],"picked":"Slimebound:MinionMaster","floor":33},{"not_picked":["Slimebound:SlimeSpikes+1","Slimebound:HungryTackle+1","Slimebound:LeechEnergy"],"picked":"Singing Bowl","floor":36},{"not_picked":["Slimebound:LeechEnergy","Slimebound:HauntingLick+1"],"picked":"Slimebound:LevelUp+1","floor":37},{"not_picked":["Slimebound:LivingWall+1","Slimebound:SlimeTap+1"],"picked":"Slimebound:SplitSpecialist+1","floor":38},{"not_picked":["Slimebound:DivideAndConquer","Slimebound:SplitMire+1"],"picked":"Slimebound:ProtectTheBoss+1","floor":40},{"not_picked":["Slimebound:Repurpose+1","Slimebound:SlimeSlap","Slimebound:LevelUp+1"],"picked":"Singing Bowl","floor":42},{"not_picked":["Slimebound:SplitAcid+1","Slimebound:FinishingTackle","Slimebound:Recollect+1"],"picked":"Singing Bowl","floor":43},{"not_picked":["Slimebound:RollThrough","Slimebound:Schlurp+1","Slimebound:ItLooksTasty+1"],"picked":"Singing Bowl","floor":44},{"not_picked":["expansioncontent:PolyBeam","expansioncontent:GuardianWhirl","expansioncontent:LastStand"],"picked":"Singing Bowl","floor":47},{"not_picked":["Slimebound:SlimeSpikes+1","Slimebound:SplitBruiser+1","Slimebound:LeechLife"],"picked":"Singing Bowl","floor":48}],"player_experience":484239,"relics_obtained":[{"floor":7,"key":"Matryoshka"},{"floor":11,"key":"FossilizedHelix"},{"floor":14,"key":"downfall:GremlinWheel"},{"floor":20,"key":"Nilry\u0027s Codex"},{"floor":24,"key":"Singing Bowl"},{"floor":27,"key":"Gambling Chip"},{"floor":28,"key":"MutagenicStrength"},{"floor":30,"key":"Shuriken"},{"floor":41,"key":"Akabeko"},{"floor":41,"key":"Bag of Preparation"},{"floor":42,"key":"Bottled Flame"},{"floor":48,"key":"War Paint"}],"event_choices":[{"cards_removed":["Slimebound:Strike_Slimebound"],"damage_healed":0,"gold_gain":0,"player_choice":"Card Removal","damage_taken":0,"max_hp_gain":0,"max_hp_loss":0,"event_name":"The Cleric","floor":10,"gold_loss":0},{"damage_healed":36,"gold_gain":0,"player_choice":"Full Heal","damage_taken":0,"max_hp_gain":0,"max_hp_loss":0,"event_name":"Wheel of Change","floor":29,"gold_loss":0}],"is_beta":false,"boss_relics":[{"not_picked":["SlaversCollar","Sozu"],"picked":"bronze:MakeshiftBattery"},{"not_picked":["Tiny House","Busted Crown"],"picked":"Slimebound:AbsorbEndCombatUpgraded"}],"items_purged_floors":[8],"is_endless":false,"potions_floor_spawned":[2,5,6,14,15,19,23,27,30,33,37,42,43],"killed_by":"Writhing Mass","ascension_level":5}}