{"host":"pi8b3ffzwvxqztac","time":1611526400,"event":{"mods":["BaseMod","Colored Map","Downfall","Minty Spire (QoL Compilation)","StSLib","The Jungle"],"gold_per_floor":[99,99,99,99,24,37,110,143,43,78,78,92,123,123,136,232,232,132,150,150,35,45,26,52,52,87,87,102,102,112,129,147,243,243,143,159,178,178,178,178,203,203,78,78,97,109,123,20,32,32,32,32],"floor_reached":50,"language":"ENG","playtime":3880,"items_purged":["Pain","Clumsy","Shame"],"score":1043,"play_id":"3a89da14-0f10-4882-a077-aabcbd7a2575","local_time":"20210125111320","is_ascension_mode":true,"campfire_choices":[{"floor":1.0,"key":"RECALL"},{"data":"sneckomod:WideSting","floor":9.0,"key":"SMITH"},{"data":"sneckomod:TailWhip","floor":11.0,"key":"SMITH"},{"data":"sneckomod:Restock","floor":18.0,"key":"SMITH"},{"data":"sneckomod:CheapStock","floor":25.0,"key":"SMITH"},{"data":"sneckomod:QuickMove","floor":27.0,"key":"SMITH"},{"data":"sneckomod:QuickBite","floor":35.0,"key":"SMITH"},{"data":"sneckomod:UnendingSupply","floor":40.0,"key":"SMITH"},{"data":"sneckomod:UnendingSupply","floor":42.0,"key":"SMITH"},{"data":"sneckomod:Rotation","floor":44,"key":"SMITH"}],"circlet_count":0,"master_deck":["AscendersBane","sneckomod:Strike","sneckomod:Defend","sneckomod:Defend","sneckomod:Defend+1","sneckomod:TailWhip+1","sneckomod:SnekBite+1","sneckomod:Unknown","sneckomod:Unknown","sneckomod:QuickMove+1","sneckomod:WideSting+1","sneckomod:QuickMove+1","sneckomod:UnknownUncommonPower","sneckomod:SerpentMind+1","sneckomod:Nope+1","sneckomod:UnknownCommonSkill","sneckomod:UnknownDraw","sneckomod:Restock+1","sneckomod:UnknownBlock","sneckomod:Rotation+1","sneckomod:CheapStock+1","sneckomod:UnknownClassTHE_BRONZE_AUTOMATON","sneckomod:UnendingSupply+1","sneckomod:UnknownClassTHE_BRONZE_AUTOMATON","sneckomod:UnknownStrike","sneckomod:UnendingSupply+1","sneckomod:UnknownClassTHE_BRONZE_AUTOMATON","Parasite","sneckomod:UnknownBlock","sneckomod:QuickBite+1","sneckomod:Unknown3Cost","CurseOfTheBell","sneckomod:SnakeSap+1","sneckomod:SoulCleanse+1","sneckomod:Unknown1Cost","sneckomod:UnknownWeak","sneckomod:MorePower","sneckomod:CheapStock","sneckomod:SlitherStrike","sneckomod:UnknownRareAttack+1","sneckomod:Unknown1Cost+1"],"relics":["sneckomod:SneckoSoul","downfall:HeartsMalice","WarpedTongs","bronze:DecasWashers","Meat on the Bone","downfall:HeartBlessingRed","Bird Faced Urn","Mummified Hand","expansioncontent:StudyCardRelic","downfall:HeartBlessingGreen","Oddly Smooth Stone","Boot","Calling Bell","Ancient Tea Set","Pear","WingedGreaves","downfall:HeartBlessingBlue","Centennial Puzzle"],"acts_visited":["Exordium","TheCity","TheBeyond"],"potions_floor_usage":[45],"damage_taken":[{"damage":0.0,"enemies":"2 Louse","floor":2.0,"turns":1.0},{"damage":0.0,"enemies":"Cultist","floor":4.0,"turns":1.0},{"damage":0.0,"enemies":"downfall:FleeingMerchant","floor":5.0,"turns":1.0},{"damage":0.0,"enemies":"Jaw Worm","floor":6.0,"turns":3.0},{"damage":0.0,"enemies":"3 Sentries","floor":8.0,"turns":3.0},{"damage":20.0,"enemies":"Lagavulin","floor":10.0,"turns":7.0},{"damage":1.0,"enemies":"2 Fungi Beasts","floor":12.0,"turns":2.0},{"damage":1.0,"enemies":"3 Sentries","floor":13.0,"turns":6.0},{"damage":0.0,"enemies":"Exordium Thugs","floor":15.0,"turns":4.0},{"damage":46.0,"enemies":"DF_ARCHETYPE_STREAMLINE","floor":16.0,"turns":9.0},{"damage":3.0,"enemies":"3 Byrds","floor":19.0,"turns":3.0},{"damage":0.0,"enemies":"downfall:FleeingMerchant","floor":21.0,"turns":4.0},{"damage":11.0,"enemies":"Snecko","floor":22.0,"turns":5.0},{"damage":9.0,"enemies":"downfall:FleeingMerchant","floor":23.0,"turns":4.0},{"damage":38.0,"enemies":"Gremlin Leader","floor":26.0,"turns":7.0},{"damage":0.0,"enemies":"3 Cultists","floor":28.0,"turns":2.0},{"damage":0.0,"enemies":"Chosen and Byrds","floor":30.0,"turns":3.0},{"damage":12.0,"enemies":"Snecko","floor":31.0,"turns":5.0},{"damage":0.0,"enemies":"Centurion and Healer","floor":32.0,"turns":4.0},{"damage":0.0,"enemies":"IC_MUSHROOM_ARCHETYPE","floor":33.0,"turns":8.0},{"damage":11.0,"enemies":"3 Darklings","floor":36.0,"turns":5.0},{"damage":1.0,"enemies":"Orb Walker","floor":37.0,"turns":3.0},{"damage":6,"enemies":"Jaw Worm Horde","floor":45,"turns":3},{"damage":0,"enemies":"Maw","floor":46,"turns":5},{"damage":23,"enemies":"Transient","floor":47,"turns":5},{"damage":22,"enemies":"Sphere and 2 Shapes","floor":49,"turns":3},{"damage":0,"enemies":"WA_ARCHETYPE_DIVINITY","floor":50,"turns":1}],"seed_played":"-4939047102060411160","potions_obtained":[{"floor":6.0,"key":"SkillPotion"},{"floor":8.0,"key":"SpeedPotion"},{"floor":12.0,"key":"Guardian:BlockOnCardUsePotion"},{"floor":15.0,"key":"EntropicBrew"},{"floor":16.0,"key":"EssenceOfSteel"},{"floor":26.0,"key":"Dexterity Potion"},{"floor":28.0,"key":"ColorlessPotion"},{"floor":30.0,"key":"Energy Potion"},{"floor":31.0,"key":"Block Potion"},{"floor":36.0,"key":"sneckomod:DiceRollPotion"},{"floor":37.0,"key":"BlessingOfTheForge"}],"is_trial":false,"path_per_floor":["R","M","?","M","$","M","T","E","R","E","R","M","E","?","M","B",null,"R","M","?","$","M","$","T","R","E","R","M","?","M","M","M","B",null,"R","M","M","?","?","R","T","R","$","R","M","M","M","$","M","B"],"character_chosen":"THE_SNECKO","items_purchased":["sneckomod:UnendingSupply","sneckomod:UnknownClassTHE_BRONZE_AUTOMATON","sneckomod:UnknownStrike","Oddly Smooth Stone","sneckomod:CheapStock","sneckomod:SlitherStrike"],"campfire_rested":0,"item_purchase_floors":[23,23,23,23,48,48],"current_hp_per_floor":[81,81,81,81,81,81,81,81,81,61,61,62,65,65,67,41,78,78,81,81,89,79,80,80,80,90,90,90,90,90,82,90,90,100,110,110,110,110,110,110,110,110,110,110,110,110,97,97,91,91,91,91],"gold":32,"neow_bonus":"THREE_ENEMY_KILL","is_daily":false,"chose_seed":false,"campfire_upgraded":9,"win_rate":0.0,"timestamp":1611526400,"path_taken":["R","M","?","?","$","M","T","E","R","E","R","?","E","?","M","BOSS","R","M","?","?","M","?","T","R","E","R","M","?","?","M","M","BOSS","R","M","?","?","?","R","T","R","$","R","M","?","M","$","M","BOSS"],"items_purchased_type":["Card","Card","Card","Relic","Card","Card"],"build_version":"2020-12-22","purchased_purges":3,"victory":false,"max_hp_per_floor":[90,90,90,90,90,90,90,90,90,90,90,90,90,90,90,90,90,90,90,90,90,90,90,90,90,90,90,90,90,90,90,90,90,100,110,110,110,110,110,110,110,110,110,110,110,110,110,110,110,110,110,110],"card_choices":[{"not_picked":["sneckomod:DefensiveFlair","sneckomod:Unknown2Cost"],"picked":"sneckomod:QuickMove","floor":2.0},{"not_picked":["sneckomod:DiceBoulder","sneckomod:UnknownBlock"],"picked":"sneckomod:WideSting","floor":4.0},{"not_picked":["sneckomod:SnakeSap","sneckomod:UnknownDraw"],"picked":"sneckomod:QuickMove","floor":5.0},{"not_picked":["sneckomod:Unknown1Cost","sneckomod:SoulDraw"],"picked":"sneckomod:RainOfDice","floor":6.0},{"not_picked":["sneckomod:QuickMove","sneckomod:RainOfDice"],"picked":"sneckomod:UnknownUncommonPower","floor":8.0},{"not_picked":["sneckomod:UnknownUncommonAttack","sneckomod:DefensiveFlair"],"picked":"sneckomod:SerpentMind","floor":10.0},{"not_picked":["sneckomod:DiceCrush","sneckomod:IronFang"],"picked":"sneckomod:Nope","floor":12.0},{"not_picked":["sneckomod:Nope","sneckomod:IronFang"],"picked":"sneckomod:UnknownCommonSkill","floor":13.0},{"not_picked":["sneckomod:DefensiveFlair","sneckomod:UnknownCommonSkill"],"picked":"sneckomod:UnknownDraw","floor":15.0},{"not_picked":["sneckomod:GlitteringGambit","sneckomod:Cheat"],"picked":"sneckomod:Restock","floor":16.0},{"not_picked":["sneckomod:DiceCrush","sneckomod:IronFang"],"picked":"sneckomod:UnknownBlock","floor":19.0},{"not_picked":["sneckomod:ImprovisedGuard+1","sneckomod:SoulRoll"],"picked":"sneckomod:Rotation","floor":21.0},{"not_picked":["sneckomod:SoulRoll","sneckomod:UnknownStrength"],"picked":"sneckomod:CheapStock","floor":22.0},{"not_picked":["sneckomod:DiceBlock+1","sneckomod:UnknownCommonAttack"],"picked":"sneckomod:UnknownClassTHE_BRONZE_AUTOMATON","floor":23.0},{"not_picked":["sneckomod:DiceCrush","sneckomod:MasterEye"],"picked":"sneckomod:UnendingSupply","floor":26.0},{"not_picked":["sneckomod:PureSnecko","sneckomod:WideSting"],"picked":"sneckomod:UnknownClassTHE_BRONZE_AUTOMATON","floor":28.0},{"not_picked":["sneckomod:DiceCrush","sneckomod:SoulExchange","sneckomod:ImprovisedAttack+1"],"picked":"SKIP","floor":30.0},{"not_picked":["sneckomod:RainOfDice","sneckomod:UnknownClassTHE_BRONZE_AUTOMATON"],"picked":"sneckomod:UnknownBlock","floor":31.0},{"not_picked":["sneckomod:UnknownClassPURPLE","sneckomod:DiceBlock"],"picked":"sneckomod:QuickBite","floor":32.0},{"not_picked":["sneckomod:Cheat","sneckomod:Restock"],"picked":"sneckomod:Unknown3Cost","floor":33.0},{"not_picked":["sneckomod:UnknownDraw+1","sneckomod:QuickBite"],"picked":"sneckomod:SnakeSap","floor":36.0},{"not_picked":["sneckomod:SoulDraw","sneckomod:IronFang"],"picked":"sneckomod:SoulCleanse","floor":37.0},{"not_picked":["sneckomod:UnknownCommonSkill","sneckomod:RainOfDice"],"picked":"sneckomod:Unknown1Cost","floor":45},{"not_picked":["sneckomod:UnknownBlock","sneckomod:UnknownCommonSkill+1"],"picked":"sneckomod:UnknownWeak","floor":46},{"not_picked":["sneckomod:SoulRoll","sneckomod:IronFang"],"picked":"sneckomod:MorePower","floor":47},{"not_picked":["sneckomod:UnknownClassBLUE+1","sneckomod:UnknownUncommonSkill+1"],"picked":"sneckomod:UnknownRareAttack+1","floor":49},{"not_picked":["sneckomod:SoulCleanse","sneckomod:UnknownBlock"],"picked":"sneckomod:Unknown1Cost+1","floor":49}],"player_experience":591571,"relics_obtained":[{"floor":7.0,"key":"bronze:DecasWashers"},{"floor":8.0,"key":"Meat on the Bone"},{"floor":10.0,"key":"Bird Faced Urn"},{"floor":13.0,"key":"Mummified Hand"},{"floor":26.0,"key":"Boot"},{"floor":34.0,"key":"Ancient Tea Set"},{"floor":34.0,"key":"Pear"},{"floor":34.0,"key":"WingedGreaves"},{"floor":41.0,"key":"Centennial Puzzle"}],"event_choices":[{"damage_healed":0.0,"max_hp_gain":0.0,"max_hp_loss":0.0,"gold_gain":0.0,"event_name":"Accursed Blacksmith","player_choice":"Rummage","floor":3.0,"gold_loss":0.0,"damage_taken":0.0,"relics_obtained":["WarpedTongs"],"cards_obtained":["Pain"]},{"cards_removed":["sneckomod:RainOfDice"],"damage_healed":0.0,"max_hp_gain":0.0,"max_hp_loss":0.0,"gold_gain":0.0,"event_name":"Falling","player_choice":"Removed Attack","floor":38.0,"gold_loss":0.0,"damage_taken":0.0}],"is_beta":false,"boss_relics":[{"not_picked":["Fusion Hammer","Runic Pyramid"],"picked":"expansioncontent:StudyCardRelic"},{"not_picked":["Sozu","Runic Dome"],"picked":"Calling Bell"}],"items_purged_floors":[5,21,43],"is_endless":false,"potions_floor_spawned":[6,8,12,15,16,26,28,30,31,36,37],"killed_by":"WA_ARCHETYPE_DIVINITY","ascension_level":12}}