{"host":"qgpqu878cmwvz894","time":1611485987,"event":{"mods":["AchievementEnabler","BaseMod","Colored Map","Minty Spire (QoL Compilation)","Rare Cards Sparkle","SuperFastMode"],"gold_per_floor":[169,119,119,135,135,135,155,168,168,182,13,13,31,59,59,163,163,173,22,22,36,36,71,71,71,97,97,126,126,126,1,1,98,98,109,159,159,159,170,170,202,202,202,220,220,220,70,80,80,80,80,80,80,114,114],"floor_reached":56,"language":"KOR","playtime":4981,"items_purged":["Defend_G","Defend_G","Shame","Writhe"],"score":1203,"play_id":"5fe1b182-5c27-41ea-bf02-3895cc2f74ad","local_time":"20210124195947","is_ascension_mode":true,"campfire_choices":[{"floor":6,"key":"RECALL"},{"data":"Adrenaline","floor":15,"key":"SMITH"},{"data":"Outmaneuver","floor":24,"key":"SMITH"},{"data":"Bane","floor":27,"key":"SMITH"},{"data":"Backstab","floor":30,"key":"SMITH"},{"data":"Bouncing Flask","floor":32,"key":"SMITH"},{"data":"Venomology","floor":40,"key":"SMITH"},{"data":"Bouncing Flask","floor":42,"key":"SMITH"},{"data":"Poisoned Stab","floor":49,"key":"SMITH"},{"data":"Die Die Die","floor":52,"key":"SMITH"}],"circlet_count":0,"master_deck":["Strike_G","Strike_G","Strike_G","Strike_G","Defend_G+1","Defend_G+1","Survivor","Neutralize","Quick Slash","Deflect","Outmaneuver+1","Adrenaline+1","Swift Strike+1","Backstab+1","Quick Slash","Noxious Fumes","Deadly Poison","Deadly Poison","Deflect","Die Die Die+1","Bouncing Flask+1","Bane+1","Venomology+1","Backflip","Bouncing Flask+1","Poisoned Stab+1","Slice+1","Concentrate+1","Dramatic Entrance","Terror+1"],"relics":["Tiny House","Pantograph","Torii","SacredBark","Juzu Bracelet","Blood Vial","TungstenRod","Nunchaku","Question Card","Girya","Black Star","Unceasing Top","Letter Opener","Oddly Smooth Stone","InkBottle","Bag of Preparation","Bird Faced Urn"],"acts_visited":["Exordium","TheCity","TheBeyond","TheEnding"],"potions_floor_usage":[14,16,16,16,23,36,36,41,44,48,50,50,55,55],"damage_taken":[{"damage":0,"enemies":"2 Louse","floor":1,"turns":2},{"damage":1,"enemies":"Small Slimes","floor":4,"turns":4},{"damage":6,"enemies":"Cultist","floor":7,"turns":4},{"damage":4,"enemies":"3 Louse","floor":8,"turns":3},{"damage":4,"enemies":"Lots of Slimes","floor":10,"turns":3},{"damage":4,"enemies":"Gremlin Gang","floor":13,"turns":3},{"damage":14,"enemies":"Lagavulin","floor":14,"turns":4},{"damage":1,"enemies":"Hexaghost","floor":16,"turns":9},{"damage":21,"enemies":"Spheric Guardian","floor":18,"turns":4},{"damage":2,"enemies":"Chosen","floor":21,"turns":4},{"damage":42,"enemies":"Book of Stabbing","floor":23,"turns":6},{"damage":51,"enemies":"Gremlin Leader","floor":28,"turns":7},{"damage":91,"enemies":"Collector","floor":33,"turns":9},{"damage":52,"enemies":"3 Darklings","floor":35,"turns":7},{"damage":0,"enemies":"Mind Bloom Boss Battle","floor":36,"turns":3},{"damage":10,"enemies":"3 Shapes","floor":39,"turns":4},{"damage":88,"enemies":"Giant Head","floor":41,"turns":9},{"damage":0,"enemies":"Transient","floor":44,"turns":5},{"damage":24,"enemies":"4 Shapes","floor":48,"turns":2},{"damage":92,"enemies":"Donu and Deca","floor":50,"turns":9},{"damage":102,"enemies":"Shield and Spear","floor":54,"turns":7},{"damage":129,"enemies":"The Heart","floor":55,"turns":9}],"seed_played":"-8357293269967342305","potions_obtained":[{"floor":0,"key":"Weak Potion"},{"floor":1,"key":"Weak Potion"},{"floor":4,"key":"FearPotion"},{"floor":8,"key":"ColorlessPotion"},{"floor":14,"key":"EssenceOfSteel"},{"floor":21,"key":"FearPotion"},{"floor":41,"key":"Swift Potion"},{"floor":44,"key":"FearPotion"}],"is_trial":false,"path_per_floor":["M","?","?","M","?","R","M","M","T","M","$","?","M","E","R","B",null,"M","$","?","M","?","E","R","$","T","R","E","T","R","$","R","B",null,"M","?","?","?","M","R","E","R","T","M","?","?","$","M","R","B",null,"R","$","E","B",null],"character_chosen":"THE_SILENT","items_purchased":["Noxious Fumes","Deadly Poison","Bane"],"campfire_rested":0,"item_purchase_floors":[11,11,19],"current_hp_per_floor":[75,75,75,74,74,74,68,64,64,60,60,45,61,47,47,71,75,54,54,54,72,72,62,62,62,62,62,38,38,38,38,38,40,75,23,75,75,75,65,65,70,70,70,72,75,75,75,51,51,46,75,75,75,75,71],"gold":114,"neow_bonus":"BOSS_RELIC","is_daily":false,"chose_seed":false,"campfire_upgraded":9,"win_rate":0.0,"timestamp":1611485987,"path_taken":["M","?","?","?","?","R","?","?","T","M","$","?","M","E","R","BOSS","M","$","?","M","?","E","R","$","T","R","E","?","R","$","R","BOSS","M","?","?","?","M","R","E","R","T","M","?","?","$","M","R","BOSS","R","$","E","BOSS"],"items_purchased_type":["Card","Card","Card"],"build_version":"2020-12-22","purchased_purges":4,"victory":true,"max_hp_per_floor":[75,75,75,75,75,75,75,75,75,75,75,75,75,75,75,75,75,75,75,75,75,75,75,75,75,75,75,75,75,75,75,75,75,75,75,75,75,75,75,75,75,75,75,75,75,75,75,75,75,75,75,75,75,75,75],"card_choices":[{"not_picked":["Prepared","Skewer"],"picked":"Quick Slash","floor":0},{"not_picked":["Dodge and Roll","Setup"],"picked":"Deflect","floor":1},{"not_picked":["Blade Dance","Flying Knee"],"picked":"Outmaneuver","floor":4},{"not_picked":["Dagger Spray","Flying Knee"],"picked":"Backstab","floor":7},{"not_picked":["Heel Hook","Finisher","A Thousand Cuts"],"picked":"SKIP","floor":8},{"not_picked":["Skewer","Blade Dance"],"picked":"Quick Slash","floor":10},{"not_picked":["Caltrops","Dagger Spray"],"picked":"Deadly Poison","floor":13},{"not_picked":["Terror","Dagger Throw"],"picked":"Deflect","floor":14},{"not_picked":["Phantasmal Killer","Grand Finale"],"picked":"Die Die Die","floor":16},{"not_picked":["Dagger Spray","Sucker Punch+1"],"picked":"Bouncing Flask","floor":18},{"not_picked":["Outmaneuver","Quick Slash","Eviscerate+1"],"picked":"SKIP","floor":21},{"not_picked":["Endless Agony","Skewer+1","A Thousand Cuts"],"picked":"SKIP","floor":23},{"not_picked":["Underhanded Strike+1","Sucker Punch","Caltrops"],"picked":"SKIP","floor":28},{"not_picked":["Corpse Explosion","Envenom","Burst"],"picked":"Venomology","floor":33},{"not_picked":["Dagger Spray+1","Accuracy","Flying Knee+1"],"picked":"Backflip","floor":35},{"not_picked":["Acrobatics+1","Choke","Slice+1"],"picked":"Bouncing Flask","floor":36},{"not_picked":["Dagger Throw+1","Riddle With Holes+1","Slice"],"picked":"Poisoned Stab","floor":39},{"not_picked":["Eviscerate+1","Dagger Throw+1","Cloak And Dagger"],"picked":"Slice+1","floor":41},{"not_picked":["Deadly Poison","Blur","A Thousand Cuts"],"picked":"Concentrate+1","floor":44},{"not_picked":["Panacea","Discovery","Thinking Ahead"],"picked":"Dramatic Entrance","floor":46},{"not_picked":["Blur","Sucker Punch","Calculated Gamble+1","Flying Knee+1"],"picked":"SKIP","floor":48},{"not_picked":["Leg Sweep","Slice","Dagger Spray+1"],"picked":"Terror+1","floor":54}],"player_experience":119223,"relics_obtained":[{"floor":14,"key":"Torii"},{"floor":23,"key":"TungstenRod"},{"floor":26,"key":"Nunchaku"},{"floor":28,"key":"Question Card"},{"floor":29,"key":"Girya"},{"floor":36,"key":"Unceasing Top"},{"floor":41,"key":"Letter Opener"},{"floor":41,"key":"Oddly Smooth Stone"},{"floor":43,"key":"InkBottle"},{"floor":54,"key":"Bag of Preparation"},{"floor":54,"key":"Bird Faced Urn"}],"event_choices":[{"cards_removed":["Defend_G"],"damage_healed":0,"gold_gain":0,"player_choice":"Card Removal","damage_taken":0,"max_hp_gain":0,"max_hp_loss":0,"event_name":"The Cleric","floor":2,"gold_loss":50},{"damage_healed":0,"gold_gain":0,"player_choice":"Gave Potion","damage_taken":0,"relics_obtained":["Pantograph"],"max_hp_gain":0,"max_hp_loss":0,"event_name":"WeMeetAgain","floor":3,"gold_loss":0},{"damage_healed":0,"gold_gain":0,"player_choice":"2 cards matched","damage_taken":0,"max_hp_gain":0,"max_hp_loss":0,"event_name":"Match and Keep!","floor":5,"gold_loss":0,"cards_obtained":["Adrenaline","Swift Strike"]},{"damage_healed":0,"gold_gain":0,"player_choice":"Entered Light","damage_taken":15,"max_hp_gain":0,"max_hp_loss":0,"event_name":"Shining Light","floor":12,"gold_loss":0,"cards_upgraded":["Defend_G","Swift Strike"]},{"damage_healed":0,"gold_gain":0,"player_choice":"Stole Relic","damage_taken":0,"relics_obtained":["Juzu Bracelet"],"max_hp_gain":0,"max_hp_loss":0,"event_name":"Addict","floor":20,"gold_loss":0,"cards_obtained":["Shame"]},{"damage_healed":0,"gold_gain":0,"player_choice":"Opened","damage_taken":0,"relics_obtained":["Blood Vial"],"max_hp_gain":0,"max_hp_loss":0,"event_name":"The Mausoleum","floor":22,"gold_loss":0},{"damage_healed":0,"gold_gain":0,"player_choice":"Fight","damage_taken":0,"max_hp_gain":0,"max_hp_loss":0,"event_name":"MindBloom","floor":36,"gold_loss":0},{"cards_removed":["Strike_G"],"damage_healed":0,"gold_gain":0,"player_choice":"Removed Attack","damage_taken":0,"max_hp_gain":0,"max_hp_loss":0,"event_name":"Falling","floor":37,"gold_loss":0},{"damage_healed":0,"gold_gain":0,"player_choice":"Ignored","damage_taken":0,"max_hp_gain":0,"max_hp_loss":0,"event_name":"Tomb of Lord Red Mask","floor":38,"gold_loss":0},{"damage_healed":19,"gold_gain":0,"player_choice":"Writhe","damage_taken":0,"max_hp_gain":0,"max_hp_loss":0,"event_name":"Winding Halls","floor":45,"gold_loss":0,"cards_obtained":["Writhe"]},{"damage_healed":0,"gold_gain":0,"player_choice":"Memory 1","damage_taken":0,"max_hp_gain":0,"max_hp_loss":0,"event_name":"SensoryStone","floor":46,"gold_loss":0}],"is_beta":false,"boss_relics":[{"not_picked":["Coffee Dripper","Runic Dome"],"picked":"SacredBark"},{"not_picked":["WristBlade","Velvet Choker"],"picked":"Black Star"}],"items_purged_floors":[11,19,31,47],"is_endless":false,"potions_floor_spawned":[1,4,8,14,21,41,44],"ascension_level":1}}