{"host":"kiczkwpc36uxnkg8","time":1611526025,"event":{"mods":["AchievementEnabler","Act Like it!","Aspiration","BaseMod","Colored Powertips","Energized Spire","GifTheSpireLib","Hubris","Infinite Spire","Koishi","Minty Spire (QoL Compilation)","Pale of the Ancients","Permanent Neow","Quick Restart","Relic Filter","Remilia??????","Replay The Spire","Spicy Shops","StSLib","Stuff the Spire","The Bug Knight","The Servant 0.9.4","Wandering Minibosses"],"gold_per_floor":[111,111,111,123,198,198,129,257,330,347,347,359,359,378,378,477,477,494,494,564,583,583,583,583,583],"floor_reached":24,"language":"ENG","playtime":2621,"items_purged":[],"score":213,"play_id":"d6e10c1b-a1d8-43a7-8865-d28bd8fb4131","local_time":"20210124220705","is_ascension_mode":true,"campfire_choices":[{"data":"Exchange","floor":6,"key":"SMITH"},{"floor":11,"key":"REST"},{"floor":13,"key":"REST"},{"data":"Ricochet","floor":15,"key":"SMITH"},{"floor":23,"key":"REST"}],"circlet_count":0,"master_deck":["Strike_S","Strike_S","Strike_S","Strike_S","Defend_S","Defend_S","Defend_S","Defend_S","KidneyShot","Exchange+1","ShiftingGears","Ricochet+1","SilverBlades","Alleviate","Rewind","BestPractice","Potential","PendulumOfEternity","Barrier","Overencumbered","Looming Evil","infinitespire:SevenWalls","Starlight","WasteNot","Finesse"],"relics":["Uniform","aspiration:Nostalgia","Burning Blood","StuffTheSpire:TintedRock","Chameleon Ring","Mirror","aspiration:RitualDagger","Replay:Bottled Flurry"],"acts_visited":["Exordium","TheCity"],"potions_floor_usage":[],"damage_taken":[{"damage":13,"enemies":"2 Louse","floor":1,"turns":3},{"damage":7,"enemies":"Jaw Worm","floor":4,"turns":5},{"damage":36,"enemies":"Lagavulin","floor":8,"turns":11},{"damage":7,"enemies":"Small Slimes","floor":10,"turns":5},{"damage":9,"enemies":"Blue Slaver","floor":12,"turns":4},{"damage":22,"enemies":"Exordium Thugs","floor":14,"turns":5},{"damage":21,"enemies":"The Guardian","floor":16,"turns":14},{"damage":94,"enemies":"3 Byrds","floor":18,"turns":8},{"damage":61,"enemies":"Centurion and Healer","floor":21,"turns":10},{"damage":51,"enemies":"Chosen and Byrds","floor":24,"turns":8}],"seed_played":"8920594509156953897","potions_obtained":[{"floor":4,"key":"SteroidPotion"},{"floor":8,"key":"EntropicBrew"},{"floor":10,"key":"Fire Potion"},{"floor":21,"key":"Ancient Potion"}],"is_trial":false,"path_per_floor":["M","?","?","M","?","R","$","E","T","M","R","M","R","M","R","B",null,"M","?","T","M","?","R","M"],"character_chosen":"THE_SERVANT","items_purchased":["SilverBlades"],"campfire_rested":3,"item_purchase_floors":[7],"current_hp_per_floor":[58,46,65,64,53,53,53,23,23,22,41,38,57,41,41,26,65,44,44,44,15,15,34,0,0],"gold":583,"neow_bonus":"NOSTALGIA","is_daily":false,"chose_seed":false,"campfire_upgraded":2,"win_rate":0.0,"timestamp":1611526025,"path_taken":["M","?","?","M","?","R","?","E","T","M","R","?","R","M","R","BOSS","M","?","?","M","?","R","?"],"items_purchased_type":["Card"],"build_version":"2020-12-22","purchased_purges":0,"victory":false,"max_hp_per_floor":[65,65,65,65,65,65,65,65,65,65,65,65,65,65,65,65,65,65,65,65,65,65,65,65,65],"card_choices":[{"not_picked":["Rearm","Revamp"],"picked":"ShiftingGears","floor":1},{"not_picked":["StarChef","Comet"],"picked":"Ricochet","floor":4},{"not_picked":["BestPractice","FastForward"],"picked":"Alleviate","floor":8},{"not_picked":["Desolation","Rearm"],"picked":"Rewind","floor":10},{"not_picked":["Sunlight","Misdirection"],"picked":"BestPractice","floor":12},{"not_picked":["SilverBlades","Replace"],"picked":"Potential","floor":14},{"not_picked":["Dilation","SilverMatrix"],"picked":"PendulumOfEternity","floor":16},{"not_picked":["Desolation","Revamp"],"picked":"Barrier","floor":18},{"not_picked":["ReplayTheSpireMod:Echoes of Time","infinitespire:Execution"],"picked":"infinitespire:SevenWalls","floor":19},{"not_picked":["Comet","Misdirection+1"],"picked":"Starlight","floor":21}],"player_experience":635842,"relics_obtained":[{"floor":8,"key":"Chameleon Ring"},{"floor":9,"key":"Mirror"},{"floor":20,"key":"Replay:Bottled Flurry"}],"event_choices":[{"damage_healed":0,"gold_gain":0,"player_choice":"Success","damage_taken":12,"relics_obtained":["StuffTheSpire:TintedRock"],"max_hp_gain":0,"max_hp_loss":0,"event_name":"Scrap Ooze","floor":2,"gold_loss":0},{"damage_healed":21,"gold_gain":0,"player_choice":"Banana","damage_taken":0,"max_hp_gain":0,"max_hp_loss":0,"event_name":"Big Fish","floor":3,"gold_loss":0},{"damage_healed":0,"gold_gain":75,"player_choice":"Gather Gold","damage_taken":11,"max_hp_gain":0,"max_hp_loss":0,"event_name":"World of Goop","floor":5,"gold_loss":0},{"damage_healed":0,"gold_gain":0,"player_choice":"2 cards matched","damage_taken":0,"max_hp_gain":0,"max_hp_loss":0,"event_name":"Match and Keep!","floor":22,"gold_loss":0,"cards_obtained":["WasteNot","Finesse"]}],"is_beta":false,"boss_relics":[{"not_picked":["hubris:CrackedHourglass","energizedSpire:MagnifyingGlass"],"picked":"aspiration:RitualDagger"}],"items_purged_floors":[],"is_endless":false,"potions_floor_spawned":[4,8,10,12,21],"killed_by":"Chosen and Byrds","ascension_level":2}}