{"host":"v711dtdb46xe9u7l","time":1611510399,"event":{"mods":["BaseMod","Bestiary","Highlight Path","Minty Spire (QoL Compilation)","Quick Restart","StSLib"],"gold_per_floor":[111,71,83,83,93,93,120,120,175,201,218,218,238,257,257,352,352,364,104,121,121,21,21,46,60,60,60,77,103,103,203,203,304,304,320,320,336,67,79,79,112,112,182,211,211,231,248,262,262,262,262,262,64,95,95],"floor_reached":56,"language":"ENG","playtime":3161,"items_purged":["Strike_G","Strike_G+1","Survivor","Dagger Throw+1"],"score":1589,"play_id":"a31567a6-6216-49b2-9598-ef737689244b","local_time":"20210124174638","is_ascension_mode":true,"campfire_choices":[{"data":"Night Terror","floor":6,"key":"SMITH"},{"data":"Accuracy","floor":8,"key":"SMITH"},{"floor":12,"key":"REST"},{"floor":15,"key":"REST"},{"data":"Blade Dance","floor":23,"key":"SMITH"},{"data":"Cloak And Dagger","floor":27,"key":"SMITH"},{"data":"A Thousand Cuts","floor":30,"key":"SMITH"},{"data":"Finisher","floor":32,"key":"SMITH"},{"floor":40,"key":"RECALL"},{"data":"Neutralize","floor":42,"key":"SMITH"},{"data":"Phantasmal Killer","floor":49,"key":"SMITH"},{"data":"Leg Sweep","floor":52,"key":"SMITH"}],"circlet_count":0,"master_deck":["Defend_G+1","Defend_G+1","Defend_G+1","Defend_G+1","Defend_G+1","Neutralize+1","Blade Dance+1","Accuracy+1","Night Terror+1","Well Laid Plans","Finisher+1","Dodge and Roll","A Thousand Cuts+1","Footwork","Cloak And Dagger+1","Terror+1","Burst","Backstab","Blade Dance+1","Quick Slash+1","Infinite Blades+1","Acrobatics+1","Backflip","Deflect+1","Prepared+1","Adrenaline","Leg Sweep+1","Phantasmal Killer+1","Accuracy+1"],"relics":["Ring of the Snake","NeowsBlessing","Tiny Chest","Lantern","Strawberry","Odd Mushroom","Philosopher\u0027s Stone","Bird Faced Urn","Kunai","Frozen Egg 2","Prayer Wheel","Bottled Tornado","Empty Cage","PreservedInsect","Mango","Ninja Scroll","Bag of Preparation","Boot"],"acts_visited":["Exordium","TheCity","TheBeyond","TheEnding"],"potions_floor_usage":[16,16,20,24,29,29,41,50,55,55,55],"damage_taken":[{"damage":0,"enemies":"2 Louse","floor":1,"turns":1},{"damage":0,"enemies":"Jaw Worm","floor":3,"turns":1},{"damage":0,"enemies":"Small Slimes","floor":5,"turns":1},{"damage":30,"enemies":"3 Sentries","floor":7,"turns":7},{"damage":12,"enemies":"Gremlin Nob","floor":10,"turns":3},{"damage":18,"enemies":"Exordium Thugs","floor":11,"turns":3},{"damage":5,"enemies":"The Mushroom Lair","floor":13,"turns":4},{"damage":3,"enemies":"2 Fungi Beasts","floor":14,"turns":4},{"damage":8,"enemies":"Hexaghost","floor":16,"turns":8},{"damage":8,"enemies":"Shell Parasite","floor":18,"turns":5},{"damage":0,"enemies":"Chosen","floor":20,"turns":4},{"damage":3,"enemies":"Gremlin Leader","floor":24,"turns":5},{"damage":0,"enemies":"Sentry and Sphere","floor":25,"turns":2},{"damage":1,"enemies":"Snake Plant","floor":28,"turns":2},{"damage":4,"enemies":"Slavers","floor":29,"turns":4},{"damage":0,"enemies":"Colosseum Slavers","floor":31,"turns":3},{"damage":0,"enemies":"Colosseum Nobs","floor":31,"turns":4},{"damage":9,"enemies":"Champ","floor":33,"turns":7},{"damage":0,"enemies":"3 Darklings","floor":35,"turns":2},{"damage":0,"enemies":"Orb Walker","floor":37,"turns":3},{"damage":0,"enemies":"Spire Growth","floor":39,"turns":4},{"damage":35,"enemies":"Reptomancer","floor":41,"turns":4},{"damage":18,"enemies":"Nemesis","floor":44,"turns":3},{"damage":6,"enemies":"Transient","floor":46,"turns":5},{"damage":0,"enemies":"4 Shapes","floor":47,"turns":3},{"damage":0,"enemies":"Maw","floor":48,"turns":4},{"damage":35,"enemies":"Donu and Deca","floor":50,"turns":6},{"damage":0,"enemies":"Shield and Spear","floor":54,"turns":3},{"damage":38,"enemies":"The Heart","floor":55,"turns":8}],"seed_played":"-4282904405741215242","potions_obtained":[{"floor":10,"key":"Dexterity Potion"},{"floor":13,"key":"EssenceOfSteel"},{"floor":14,"key":"SpeedPotion"},{"floor":16,"key":"Strength Potion"},{"floor":20,"key":"AttackPotion"},{"floor":28,"key":"SkillPotion"},{"floor":29,"key":"SmokeBomb"},{"floor":35,"key":"PowerPotion"},{"floor":41,"key":"Ancient Potion"},{"floor":46,"key":"Regen Potion"}],"is_trial":false,"path_per_floor":["M","$","M","?","M","R","E","R","T","E","M","R","?","M","R","B",null,"M","$","M","?","$","R","E","M","T","R","M","E","R","?","R","B",null,"M","T","M","$","M","R","E","R","T","E","?","M","M","M","R","B",null,"R","$","E","B",null],"character_chosen":"THE_SILENT","items_purchased":["Accuracy","Footwork","Cloak And Dagger","Explosive Potion","PreservedInsect","ColorlessPotion"],"campfire_rested":2,"item_purchase_floors":[2,19,19,19,38,53],"current_hp_per_floor":[63,63,63,56,56,56,26,26,26,21,3,26,21,18,41,33,66,58,58,58,58,58,58,55,57,57,57,58,60,60,70,70,69,75,77,77,77,77,77,77,56,56,56,46,46,48,56,64,64,56,82,82,82,86,62],"gold":95,"neow_bonus":"THREE_ENEMY_KILL","is_daily":false,"chose_seed":false,"campfire_upgraded":9,"win_rate":0.0,"timestamp":1611510398,"path_taken":["M","$","M","?","M","R","E","R","T","E","M","R","?","M","R","BOSS","M","$","M","?","$","R","E","M","T","R","M","E","R","?","R","BOSS","M","?","?","$","M","R","E","R","T","E","?","M","M","M","R","BOSS","R","$","E","BOSS"],"items_purchased_type":["Card","Card","Card","Potion","Relic","Potion"],"build_version":"2020-12-22","purchased_purges":4,"victory":true,"max_hp_per_floor":[70,70,70,70,70,70,70,70,70,77,77,77,77,77,77,77,77,77,77,77,77,77,77,77,77,77,77,77,77,77,77,77,77,77,77,77,77,77,77,77,91,91,91,91,91,91,91,91,91,91,91,91,91,91,91],"card_choices":[{"not_picked":["Sucker Punch","Cloak And Dagger"],"picked":"Blade Dance","floor":1},{"not_picked":["Blade Dance","Outmaneuver"],"picked":"Night Terror","floor":3},{"not_picked":["Deadly Poison","Endless Agony"],"picked":"Well Laid Plans","floor":5},{"not_picked":["Masterful Stab","Calculated Gamble","Underhanded Strike"],"picked":"SKIP","floor":7},{"not_picked":["Slice","Concentrate"],"picked":"Finisher","floor":10},{"not_picked":["Skewer","Concentrate"],"picked":"Infinite Blades","floor":11},{"not_picked":["Poisoned Stab","Acrobatics"],"picked":"Dodge and Roll","floor":13},{"not_picked":["Acrobatics","Quick Slash","Expertise"],"picked":"SKIP","floor":14},{"not_picked":["Doppelganger","Bullet Time"],"picked":"A Thousand Cuts","floor":16},{"not_picked":["Acrobatics","Well Laid Plans"],"picked":"Dagger Throw+1","floor":18},{"not_picked":["Deadly Poison","Calculated Gamble"],"picked":"Terror+1","floor":20},{"not_picked":["Acrobatics+1","Bane"],"picked":"Burst","floor":24},{"not_picked":["Outmaneuver","Underhanded Strike","Acrobatics"],"picked":"SKIP","floor":25},{"not_picked":["Choke+1","Eviscerate"],"picked":"Backstab","floor":28},{"not_picked":["All Out Attack","Eviscerate"],"picked":"Blade Dance+1","floor":29},{"not_picked":["Underhanded Strike","Concentrate"],"picked":"Quick Slash+1","floor":31},{"not_picked":["Quick Slash","Sucker Punch+1"],"picked":"Infinite Blades+1","floor":35},{"not_picked":["Predator+1","Slice"],"picked":"Acrobatics+1","floor":35},{"not_picked":["Dodge and Roll+1","Quick Slash+1"],"picked":"Backflip","floor":37},{"not_picked":["Prepared","Dagger Throw"],"picked":"Deflect+1","floor":37},{"not_picked":["Slice","Riddle With Holes+1"],"picked":"Prepared+1","floor":39},{"not_picked":["Choke","Dodge and Roll","Dagger Spray"],"picked":"SKIP","floor":39},{"not_picked":["Flying Knee","Skewer"],"picked":"Adrenaline","floor":41},{"not_picked":["Flying Knee","Outmaneuver+1","Heel Hook+1"],"picked":"SKIP","floor":44},{"not_picked":["Deadly Poison+1","Eviscerate","Dagger Spray"],"picked":"SKIP","floor":46},{"not_picked":["Blade Dance","Quick Slash+1","Deflect+1"],"picked":"SKIP","floor":46},{"not_picked":["Blade Dance+1","Terror+1"],"picked":"Leg Sweep","floor":47},{"not_picked":["Dagger Throw","Concentrate+1","Dagger Spray+1"],"picked":"SKIP","floor":47},{"not_picked":["Finisher","Poisoned Stab+1"],"picked":"Phantasmal Killer","floor":48},{"not_picked":["Deadly Poison","Escape Plan"],"picked":"Accuracy+1","floor":48},{"not_picked":["Bullet Time","Flechettes+1","Finisher"],"picked":"SKIP","floor":54}],"player_experience":375717,"relics_obtained":[{"floor":7,"key":"Tiny Chest"},{"floor":9,"key":"Lantern"},{"floor":10,"key":"Strawberry"},{"floor":13,"key":"Odd Mushroom"},{"floor":24,"key":"Bird Faced Urn"},{"floor":26,"key":"Kunai"},{"floor":29,"key":"Frozen Egg 2"},{"floor":31,"key":"Prayer Wheel"},{"floor":31,"key":"Bottled Tornado"},{"floor":41,"key":"Mango"},{"floor":43,"key":"Ninja Scroll"},{"floor":44,"key":"Bag of Preparation"},{"floor":54,"key":"Boot"}],"event_choices":[{"cards_removed":["Strike_G"],"damage_healed":0,"gold_gain":0,"player_choice":"Card Removal","damage_taken":7,"max_hp_gain":0,"max_hp_loss":0,"event_name":"Golden Wing","floor":4,"gold_loss":0},{"damage_healed":0,"gold_gain":0,"player_choice":"Fought Mushrooms","damage_taken":0,"max_hp_gain":0,"max_hp_loss":0,"event_name":"Mushrooms","floor":13,"gold_loss":0},{"damage_healed":0,"gold_gain":0,"player_choice":"Simplicity","damage_taken":0,"max_hp_gain":0,"max_hp_loss":0,"event_name":"Back to Basics","floor":21,"gold_loss":0,"cards_upgraded":["Strike_G","Strike_G","Strike_G","Defend_G","Defend_G","Defend_G","Defend_G","Defend_G"]},{"damage_healed":0,"gold_gain":0,"player_choice":"Fight","damage_taken":0,"max_hp_gain":0,"max_hp_loss":0,"event_name":"Colosseum","floor":31,"gold_loss":0},{"damage_healed":0,"gold_gain":0,"player_choice":"Fought Nobs","damage_taken":0,"max_hp_gain":0,"max_hp_loss":0,"event_name":"Colosseum","floor":31,"gold_loss":0},{"cards_removed":["Infinite Blades"],"damage_healed":0,"gold_gain":0,"player_choice":"Removed Power","damage_taken":0,"max_hp_gain":0,"max_hp_loss":0,"event_name":"Falling","floor":45,"gold_loss":0}],"is_beta":false,"boss_relics":[{"not_picked":["Snecko Eye","Fusion Hammer"],"picked":"Philosopher\u0027s Stone"},{"not_picked":["Sozu","Runic Pyramid"],"picked":"Empty Cage"}],"items_purged_floors":[19,22,38,53],"is_endless":false,"potions_floor_spawned":[10,13,14,16,20,28,29,35,41,46,48],"ascension_level":7}}