{"host":"3ikutf0nfngyhvfs","time":1611475082,"event":{"mods":["AchievementEnabler","BaseMod","Downfall","Hermit","Minty Spire (QoL Compilation)","StSLib","The Construct","The Cursed","The Disciple","The Hierophant","The Poker Player","The Runesmith"],"gold_per_floor":[99,162,162,176,192,219,245,274,291,316,335,349,349,364,383,482,482,282,301,301,321,321,339,339,366,384,278,278,278,278],"floor_reached":28,"language":"ENG","playtime":2596,"items_purged":[],"score":316,"play_id":"ebfef577-afc3-4819-abe3-b64a80f72a09","local_time":"20210124015802","is_ascension_mode":true,"campfire_choices":[{"floor":1.0,"key":"RECALL"},{"data":"champ:TripleStrike","floor":18,"key":"SMITH"}],"circlet_count":0,"master_deck":["champ:Strike","champ:Strike","champ:Strike","champ:Defend","champ:Defend","champ:Defend","champ:Defend","champ:Execute","champ:Taunt+1","champ:SwordSigil","champ:FocusedBerserking","champ:LastStand","champ:Lariat","champ:SwordSigil","champ:TripleStrike+1","champ:SetATrap","champ:ArenaPreparation","champ:MurderStrike","champ:BringItOn","champ:RapidStrikes","champ:IronFortress","champ:SkillfulDodge","champ:RageSigil","champ:Lariat","champ:Encircle","champ:MurderStrike","champ:RisingSlash","champ:LastStand","champ:PreemptiveStrike","champ:FancyFootwork","champ:CheapShot","champ:FaceSlap+1","Purity"],"relics":["Coffee Dripper","Prayer Wheel","Turnip","Toy Ornithopter","Pen Nib","construct:WeddingRing","downfall:HeartBlessingBlue","downfall:HeartBlessingRed","champ:FightingForDummies","Question Card","MealTicket"],"acts_visited":["Exordium","TheCity"],"potions_floor_usage":[8,10,10,14,14,16,16,27],"damage_taken":[{"damage":72.0,"enemies":"Lagavulin Event","floor":2.0,"turns":8.0},{"damage":10.0,"enemies":"2 Louse","floor":4.0,"turns":3.0},{"damage":37,"enemies":"Cultist","floor":5,"turns":4},{"damage":43,"enemies":"Lagavulin","floor":6,"turns":6},{"damage":40,"enemies":"3 Sentries","floor":8,"turns":7},{"damage":42,"enemies":"Small Slimes","floor":9,"turns":2},{"damage":82,"enemies":"Lagavulin","floor":10,"turns":5},{"damage":43,"enemies":"3 Louse","floor":11,"turns":3},{"damage":23,"enemies":"Exordium Thugs","floor":12,"turns":3},{"damage":15,"enemies":"2 Fungi Beasts","floor":14,"turns":3},{"damage":0,"enemies":"Lots of Slimes","floor":15,"turns":4},{"damage":28,"enemies":"SI_SHIV_ARCHETYPE","floor":16,"turns":4},{"damage":41,"enemies":"Spheric Guardian","floor":19,"turns":3},{"damage":32,"enemies":"Shelled Parasite and Fungi","floor":21,"turns":4},{"damage":34,"enemies":"Snake Plant","floor":23,"turns":3},{"damage":29,"enemies":"Book of Stabbing","floor":25,"turns":5},{"damage":3,"enemies":"Cultist and Chosen","floor":26,"turns":4},{"damage":0,"enemies":"downfall:FleeingMerchant","floor":27,"turns":4},{"damage":30,"enemies":"Slavers","floor":28,"turns":4}],"seed_played":"-4621036490224291070","potions_obtained":[{"floor":4,"key":"GamblersBrew"},{"floor":5,"key":"sneckomod:MuddlingPotion"},{"floor":6,"key":"Block Potion"},{"floor":9,"key":"Slimebound:ThreeZeroPotion"},{"floor":11,"key":"bronze:BurnAndBuffPotion"},{"floor":12,"key":"DistilledChaos"},{"floor":14,"key":"Strength Potion"},{"floor":25,"key":"hexamod:SoulburnPotion"}],"is_trial":false,"path_per_floor":["R","?","?","M","M","E","T","E","M","E","M","M","?","M","M","B",null,"R","M","?","M","?","M","T","E","M","$","E"],"character_chosen":"THE_CHAMP","items_purchased":["Purity"],"campfire_rested":0,"item_purchase_floors":[27],"current_hp_per_floor":[90,53,53,53,51,48,48,43,43,53,50,42,42,42,42,24,90,100,89,89,87,57,33,33,4,3,23,0,0,0],"gold":278,"neow_bonus":"BOSS_RELIC","is_daily":false,"chose_seed":false,"campfire_upgraded":1,"win_rate":0.0,"timestamp":1611475082,"path_taken":["R","?","?","M","?","E","T","E","M","E","M","M","?","M","M","BOSS","R","M","?","M","?","?","T","E","M","$","E"],"items_purchased_type":["Card"],"build_version":"2020-12-22","purchased_purges":0,"victory":false,"max_hp_per_floor":[90,90,90,90,90,90,90,90,90,90,90,90,90,90,90,90,90,100,100,100,100,100,100,100,100,100,100,100,100,100],"card_choices":[{"not_picked":["champ:Circumvent","champ:FlashCut"],"picked":"champ:SwordSigil","floor":2.0},{"not_picked":["champ:FanOfKnives","champ:DeathBlow"],"picked":"champ:FocusedBerserking","floor":4},{"not_picked":["champ:Circumvent","champ:SetATrap"],"picked":"champ:LastStand","floor":4},{"not_picked":["champ:BerserkersShout","champ:EnGarde"],"picked":"champ:Lariat","floor":5},{"not_picked":["champ:EndlessRage","champ:EnGarde"],"picked":"champ:SwordSigil","floor":5},{"not_picked":["champ:Shatter","champ:Haymaker"],"picked":"champ:TripleStrike","floor":6},{"not_picked":["champ:Parry","champ:StanceDance"],"picked":"champ:SetATrap","floor":8},{"not_picked":["champ:Haymaker","champ:Shatter"],"picked":"champ:ArenaPreparation","floor":9},{"not_picked":["champ:Shatter","champ:DeathBlow","champ:BerserkersShout"],"picked":"SKIP","floor":9},{"not_picked":["champ:AdrenalArmor","champ:Circumvent"],"picked":"champ:MurderStrike","floor":10},{"not_picked":["champ:PreciseThrust","champ:ShieldSigil"],"picked":"champ:BringItOn","floor":11},{"not_picked":["champ:EnragedBash","champ:Parry","champ:SetATrap"],"picked":"SKIP","floor":11},{"not_picked":["champ:FaceSlap","champ:PreemptiveStrike"],"picked":"champ:RapidStrikes","floor":12},{"not_picked":["champ:RageSigil","champ:Duel"],"picked":"champ:IronFortress","floor":12},{"not_picked":["champ:EndlessRage","champ:BringItOn"],"picked":"champ:SkillfulDodge","floor":14},{"not_picked":["champ:RapidStrikes","champ:BringItOn"],"picked":"champ:RageSigil","floor":14},{"not_picked":["champ:Circumvent","champ:TornadoPunch"],"picked":"champ:Lariat","floor":15},{"not_picked":["champ:FlashCut","champ:FanOfKnives"],"picked":"champ:Encircle","floor":15},{"not_picked":["champ:VampiricStrike","champ:HoldFirm"],"picked":"champ:MurderStrike","floor":16},{"not_picked":["champ:DeathBlow","champ:PerfectedStrike","champ:AdrenalArmor"],"picked":"SKIP","floor":19},{"not_picked":["champ:EnGarde","champ:FanOfKnives+1","champ:StanceDance"],"picked":"SKIP","floor":19},{"not_picked":["champ:AdrenalArmor","champ:FanOfKnives"],"picked":"champ:RisingSlash","floor":21},{"not_picked":["champ:EnGarde","champ:PerfectedStrike"],"picked":"champ:LastStand","floor":21},{"not_picked":["champ:ShieldSigil","champ:FlashCut"],"picked":"champ:PreemptiveStrike","floor":23},{"not_picked":["champ:PreciseThrust","champ:Shatter","champ:TornadoPunch"],"picked":"SKIP","floor":23},{"not_picked":["champ:Backstep","champ:IronFortress","champ:EnGarde"],"picked":"champ:FancyFootwork","floor":25},{"not_picked":["champ:AdrenalArmor","champ:Circumvent","champ:BerserkersShout"],"picked":"champ:CheapShot","floor":26},{"not_picked":["champ:Backstep","champ:RecklessLeap","champ:Shatter+1","champ:FanOfKnives+1"],"picked":"SKIP","floor":26},{"not_picked":["champ:PreciseThrust+1","champ:DefensiveShout","champ:PerfectedStrike"],"picked":"champ:FaceSlap+1","floor":27}],"player_experience":469568,"relics_obtained":[{"floor":2.0,"key":"Prayer Wheel"},{"floor":6,"key":"Turnip"},{"floor":8,"key":"Toy Ornithopter"},{"floor":10,"key":"Pen Nib"},{"floor":24,"key":"Question Card"},{"floor":25,"key":"MealTicket"}],"event_choices":[],"is_beta":false,"boss_relics":[{"not_picked":["Snecko Eye","Busted Crown"],"picked":"construct:WeddingRing"}],"items_purged_floors":[],"is_endless":false,"potions_floor_spawned":[4,5,6,9,11,12,14,25],"killed_by":"Slavers","ascension_level":2}}