{"host":"q0ahhcf6jhp3yzzb","time":1611476563,"event":{"mods":["BaseMod","Downfall","Minty Spire (QoL Compilation)","Relic Stats","StSLib"],"gold_per_floor":[99,112,126,226,239,44,68,88,121,121,16,26,26,61,73,73,73,73],"floor_reached":16,"language":"ENG","playtime":1138,"items_purged":["bronze:Strike"],"score":118,"play_id":"87cd0358-3262-4fa2-bda0-2ec2ef706305","local_time":"20210124012243","is_ascension_mode":true,"campfire_choices":[{"data":"bronze:Replicate","floor":1.0,"key":"SMITH"},{"data":"bronze:FindAndReplace","floor":10.0,"key":"SMITH"},{"data":"bronze:Fortify","floor":13.0,"key":"SMITH"}],"circlet_count":0,"master_deck":["bronze:Strike","bronze:Strike","bronze:Strike","bronze:Defend","bronze:Defend","bronze:Defend","bronze:Defend","bronze:Replicate+1","bronze:Goto","bronze:Verify","bronze:BronzeOrb","bronze:Invalidate","bronze:Separator","bronze:Overheat","bronze:WhirlingStrike","bronze:FindAndReplace+1","bronze:Branch","bronze:Fortify+1","bronze:Shield","bronze:ChosenStrike","bronze:FindAndReplace","bronze:Frontload"],"relics":["bronze:BronzeCore","Toy Ornithopter","FossilizedHelix","Oddly Smooth Stone"],"acts_visited":["Exordium"],"potions_floor_usage":[],"damage_taken":[{"damage":1.0,"enemies":"Jaw Worm","floor":2.0,"turns":5.0},{"damage":0.0,"enemies":"Cultist","floor":3.0,"turns":4.0},{"damage":0.0,"enemies":"Small Slimes","floor":5.0,"turns":4.0},{"damage":0.0,"enemies":"downfall:FleeingMerchant","floor":6.0,"turns":4.0},{"damage":0.0,"enemies":"Gremlin Gang","floor":8.0,"turns":5.0},{"damage":7.0,"enemies":"Lagavulin","floor":9.0,"turns":5.0},{"damage":3.0,"enemies":"downfall:FleeingMerchant","floor":11.0,"turns":4.0},{"damage":0.0,"enemies":"Blue Slaver","floor":12.0,"turns":3.0},{"damage":8.0,"enemies":"Gremlin Nob","floor":14.0,"turns":4.0},{"damage":0.0,"enemies":"Lots of Slimes","floor":15.0,"turns":2.0},{"damage":46,"enemies":"SI_SHIV_ARCHETYPE","floor":16,"turns":13}],"seed_played":"-7326696342779892526","potions_obtained":[{"floor":2.0,"key":"AttackPotion"},{"floor":3.0,"key":"sneckomod:MuddlingPotion"}],"is_trial":false,"path_per_floor":["R","M","M","?","M","$","T","M","E","R","$","M","R","E","M","B"],"character_chosen":"THE_AUTOMATON","items_purchased":["bronze:Overheat","Fire Potion","bronze:Fortify","bronze:Shield"],"campfire_rested":0,"item_purchase_floors":[6,6,11,11],"current_hp_per_floor":[49,48,48,48,48,48,48,53,46,46,43,43,43,40,40,0,0,0],"gold":73,"neow_bonus":"THREE_RARE_CARDS","is_daily":false,"chose_seed":false,"campfire_upgraded":3,"win_rate":0.0,"timestamp":1611476563,"path_taken":["R","M","M","?","M","$","T","M","E","R","$","M","R","E","M","BOSS"],"items_purchased_type":["Card","Potion","Card","Card"],"build_version":"2020-12-22","purchased_purges":1,"victory":false,"max_hp_per_floor":[70,70,70,70,70,70,70,70,70,70,70,70,70,70,70,70,70,70],"relic_stats":{"counters":[11,53],"obtain_stats":[{"bronze:BronzeCore":0,"Oddly Smooth Stone":14,"Toy Ornithopter":7,"FossilizedHelix":9},{"bronze:BronzeCore":0,"Oddly Smooth Stone":9,"Toy Ornithopter":4,"FossilizedHelix":6},{"bronze:BronzeCore":0,"Oddly Smooth Stone":38,"Toy Ornithopter":17,"FossilizedHelix":27}],"Toy Ornithopter":10},"card_choices":[{"not_picked":["bronze:BurnOut","bronze:AlphaBuild"],"picked":"bronze:Verify","floor":0.0},{"not_picked":["bronze:Overload","bronze:MaxOutput","bronze:Philosophize"],"picked":"SKIP","floor":2.0},{"not_picked":["bronze:Frontload","bronze:Constructor"],"picked":"bronze:BronzeOrb","floor":3.0},{"not_picked":["bronze:Turbo","bronze:MaxOutput"],"picked":"bronze:Invalidate","floor":5.0},{"not_picked":["bronze:Deprecate","bronze:BronzeOrb"],"picked":"bronze:Separator","floor":6.0},{"not_picked":["bronze:BitShift","bronze:BugBarrage"],"picked":"bronze:WhirlingStrike","floor":8.0},{"not_picked":["bronze:BuggyMess","bronze:WhirlingStrike"],"picked":"bronze:FindAndReplace","floor":9.0},{"not_picked":["bronze:Overheat","bronze:Turbo"],"picked":"bronze:Branch","floor":11.0},{"not_picked":["bronze:Return","bronze:Overheat"],"picked":"bronze:ChosenStrike","floor":12.0},{"not_picked":["bronze:ClassDefault","bronze:CutThrough"],"picked":"bronze:FindAndReplace","floor":14.0},{"not_picked":["bronze:Overload","bronze:WildBeam"],"picked":"bronze:Frontload","floor":15}],"player_experience":833354,"relics_obtained":[{"floor":7.0,"key":"Toy Ornithopter"},{"floor":9.0,"key":"FossilizedHelix"},{"floor":14.0,"key":"Oddly Smooth Stone"}],"event_choices":[],"is_beta":false,"boss_relics":[],"items_purged_floors":[6],"is_endless":false,"potions_floor_spawned":[2,3],"killed_by":"SI_SHIV_ARCHETYPE","ascension_level":1}}