{"host":"tj6tjcyqgbd0xj5u","time":1611446593,"event":{"mods":["Aspiration","BaseMod","Better Match","BetterRewards","Challenge The Spire","Conspire","Defuse TimeMaze Blight","Downfall","Energized Spire","Evolution","GifTheSpireLib","Halation","Hubris","Infinite Spire","Minty Spire (QoL Compilation)","Replay The Spire","Reworked Bosses","Spikes Relics","StS++","StSLib","Stuff the Spire","vexMod"],"gold_per_floor":[116,129,129,95,95,125,125,150,150,182,107,107,119,130,130,228,228,228,228,208,208,208,208,208,208,208,208,208,208,208,208,208,208,208,208,208,208,208,208,208,208,208,208,195,195,195,195,195,195,195],"floor_reached":51,"language":"ENG","playtime":1687,"items_purged":["Strike_R","Strike_R"],"score":1423,"play_id":"4b8b4a3f-fc2e-4be0-ad81-5d47ce363ddb","local_time":"20210123200313","is_ascension_mode":true,"campfire_choices":[{"floor":15,"key":"REST"},{"floor":23,"key":"REST"},{"floor":28,"key":"REST"},{"floor":41,"key":"REST"},{"data":"Berserk","floor":49,"key":"SMITH"}],"circlet_count":0,"master_deck":["Thunderclap+1","Strike_R+1","Defend_R+1","Defend_R","Defend_R","Defend_R","Bash+1","StuffTheSpire:Incineration","Uppercut","Spot Weakness","Spot Weakness","ReplayTheSpireMod:Limb From Limb","Rampage","Berserk+1","Cleave","StSpp:MuscleMemory+1","Sword Boomerang","Dual Wield","Spot Weakness+1","Replay:Fractal Strike","StSpp:Succumb+1","Havoc+1","Blind+1","vexMod:StairwayStrike+1","Finesse+1","Heavy Blade","Writhe"],"relics":["Burning Blood","EVO:Axolotl","NeowsBlessing","halation:EternalFortune","Whetstone","hubris:Towel","infinitespire:BottledMercury","conspire:TopHat","StuffTheSpire:Rhapsscallions","halation:PinkSoulGem","Ectoplasm","Red Mask","StuffTheSpire:Nightcore","hubris:Backtick","hubris:64BitClover","aspiration:HummingbirdHeart","halation:AfternoonTea","vexMod:MemoryStick","infinitespire:EvilPickle","vexMod:DeviousBotling","ShockBauble","RetroEgg","Replay:Baseball","Onion Ring","hubris:IronBody","HornCleat"],"acts_visited":["Exordium","TheCity","TheBeyond"],"potions_floor_usage":[8,16,24,33,39,44,50,50],"damage_taken":[{"damage":0,"enemies":"infinitespire:Voidling","floor":1,"turns":1},{"damage":3,"enemies":"conspire:RoseBush","floor":2,"turns":1},{"damage":0,"enemies":"Lagavulin","floor":6,"turns":1},{"damage":25,"enemies":"3 Sentries","floor":8,"turns":6},{"damage":40,"enemies":"Lagavulin","floor":10,"turns":4},{"damage":0,"enemies":"Small Slimes","floor":13,"turns":2},{"damage":0,"enemies":"3 Louse","floor":14,"turns":3},{"damage":50,"enemies":"The Guardian","floor":16,"turns":9},{"damage":25,"enemies":"Spheric Guardian","floor":18,"turns":4},{"damage":37,"enemies":"Masked Bandits","floor":19,"turns":4},{"damage":3,"enemies":"Chosen","floor":22,"turns":3},{"damage":32,"enemies":"Slavers","floor":24,"turns":3},{"damage":1,"enemies":"3 Cultists","floor":25,"turns":4},{"damage":6,"enemies":"Gremlin Leader","floor":27,"turns":6},{"damage":4,"enemies":"conspire:Head Lice","floor":29,"turns":4},{"damage":2,"enemies":"Centurion and Healer","floor":30,"turns":4},{"damage":4,"enemies":"Cultist and Chosen","floor":31,"turns":3},{"damage":41,"enemies":"Pondfish","floor":33,"turns":6},{"damage":0,"enemies":"Orb Walker","floor":35,"turns":2},{"damage":0,"enemies":"3 Shapes","floor":38,"turns":1},{"damage":14,"enemies":"Maw","floor":39,"turns":5},{"damage":34,"enemies":"R_Hoarder","floor":40,"turns":5},{"damage":0,"enemies":"Nemesis","floor":42,"turns":1},{"damage":19,"enemies":"Spire Growth","floor":44,"turns":3},{"damage":0,"enemies":"Giant Head","floor":47,"turns":4},{"damage":17,"enemies":"bossMod:newShapes","floor":50,"turns":5}],"seed_played":"7774182871432285443","potions_obtained":[{"floor":2,"key":"SkillPotion"},{"floor":8,"key":"StSpp:SecondWindPotion"},{"floor":14,"key":"Dexterity Potion"},{"floor":18,"key":"SpeedPotion"},{"floor":20,"key":"Milkshake"},{"floor":22,"key":"EssenceOfSteel"},{"floor":25,"key":"SkillPotion"},{"floor":31,"key":"Swift Potion"},{"floor":42,"key":"SteroidPotion"},{"floor":44,"key":"BlessingOfTheForge"}],"is_trial":false,"path_per_floor":["M","M","?","$","?","E","?","E","T","E","$","?","M","M","R","B",null,"M","?","?","AVR","M","R","E","M","T","E","R","E","M","M","R","B",null,"M","?","?","M","M","E","R","E","T","M","T","?","E","?","R","B",null],"character_chosen":"IRONCLAD","items_purchased":["Spot Weakness"],"campfire_rested":4,"item_purchase_floors":[4],"current_hp_per_floor":[80,80,64,64,67,73,73,54,54,24,24,24,33,39,66,22,90,71,40,40,40,43,70,50,55,55,55,83,96,96,96,96,61,96,96,96,73,79,71,46,75,81,81,68,68,58,64,89,89,78],"gold":195,"neow_bonus":"THREE_ENEMY_KILL","is_daily":false,"chose_seed":false,"campfire_upgraded":1,"win_rate":0.0,"timestamp":1611446593,"path_taken":["M","?","?","$","?","E","?","E","T","E","$","?","M","M","R","BOSS","M","?","?","AVR","M","R","E","M","T","E","R","E","M","?","R","BOSS","M","?","?","?","?","E","R","E","T","M","?","?","E","?","R","BOSS"],"items_purchased_type":["Card"],"build_version":"2020-12-22","purchased_purges":2,"victory":true,"max_hp_per_floor":[80,80,80,80,83,83,83,83,83,87,87,87,90,90,90,90,90,90,90,90,90,90,90,96,96,96,96,96,96,96,96,96,96,96,96,96,96,96,96,99,99,99,99,99,99,99,99,99,99,99],"card_choices":[{"not_picked":["Anger","Replay:Undeath\u0027s Touch"],"picked":"StuffTheSpire:Incineration","floor":1},{"not_picked":["ReplayTheSpireMod:Corrosion Curse","Clash"],"picked":"Uppercut","floor":2},{"not_picked":["ReplayTheSpireMod:LeadingStrike","Wild Strike"],"picked":"Spot Weakness","floor":6},{"not_picked":["Thunderclap","Run Through","ReplayTheSpireMod:Stacked"],"picked":"SKIP","floor":8},{"not_picked":["Warcry","Heavy Blade"],"picked":"ReplayTheSpireMod:Limb From Limb","floor":10},{"not_picked":["True Grit","StSpp:BladeOfBlood"],"picked":"Rampage","floor":13},{"not_picked":["Iron Wave","StuffTheSpire:RockThrow","Body Slam"],"picked":"SKIP","floor":14},{"not_picked":["Impervious","Hemogenesis"],"picked":"Berserk","floor":16},{"not_picked":["Headbutt+1","Perfected Strike+1"],"picked":"Cleave","floor":18},{"not_picked":["Shrug It Off","StuffTheSpire:Incineration"],"picked":"StSpp:MuscleMemory+1","floor":19},{"not_picked":["True Grit","Anger","StSpp:TheBiggerTheyAre"],"picked":"SKIP","floor":22},{"not_picked":["StSpp:Jab+1","conspire:Purge"],"picked":"Sword Boomerang","floor":24},{"not_picked":["Replay:Undeath\u0027s Touch","Clothesline"],"picked":"Dual Wield","floor":25},{"not_picked":["StuffTheSpire:Incineration","Anger","Run Through"],"picked":"SKIP","floor":27},{"not_picked":["Headbutt+1","StuffTheSpire:RagingBull+1"],"picked":"Spot Weakness+1","floor":29},{"not_picked":["Body Slam","Wild Strike","Rampage"],"picked":"SKIP","floor":30},{"not_picked":["StuffTheSpire:Slingshot+1","Replay:Undeath\u0027s Touch","Headbutt+1"],"picked":"SKIP","floor":31},{"not_picked":["Replay:Undeath\u0027s Touch+1","StuffTheSpire:Incineration","infinitespire:OneForAll+1"],"picked":"SKIP","floor":35},{"not_picked":["infinitespire:Menacing","ReplayTheSpireMod:Haul"],"picked":"Replay:Fractal Strike","floor":37},{"not_picked":["hubris:StunningStrike","StSpp:Sprint"],"picked":"StSpp:Succumb+1","floor":38},{"not_picked":["Havoc","ReplayTheSpireMod:Strike From Hell","Run Through+1"],"picked":"SKIP","floor":39},{"not_picked":["Bludgeon","Heavy Blade+1"],"picked":"Havoc+1","floor":40},{"not_picked":["ReplayTheSpireMod:Corrosion Curse","StSpp:TheBiggerTheyAre","StSpp:Sprint+1"],"picked":"SKIP","floor":42},{"not_picked":["Thunderclap","Feed","Wild Strike+1"],"picked":"SKIP","floor":44},{"not_picked":["ReplayTheSpireMod:Necrogeddon","PanicButton"],"picked":"Blind","floor":46},{"not_picked":["Enlightenment","Midas Touch"],"picked":"vexMod:StairwayStrike","floor":46},{"not_picked":["ReplayTheSpireMod:Private Reserves","HandOfGreed"],"picked":"Finesse","floor":46},{"not_picked":["StSpp:Succumb+1","ReplayTheSpireMod:Corrosion Curse"],"picked":"Heavy Blade","floor":47}],"player_experience":96791,"relics_obtained":[{"floor":6,"key":"Whetstone"},{"floor":8,"key":"infinitespire:BottledMercury"},{"floor":9,"key":"conspire:TopHat"},{"floor":10,"key":"StuffTheSpire:Rhapsscallions"},{"floor":13,"key":"halation:EternalFortune"},{"floor":19,"key":"Red Mask"},{"floor":24,"key":"vexMod:BerryBomb"},{"floor":26,"key":"aspiration:HummingbirdHeart"},{"floor":27,"key":"halation:AfternoonTea"},{"floor":29,"key":"vexMod:MemoryStick"},{"floor":38,"key":"ShockBauble"},{"floor":40,"key":"halation:EternalFortune"},{"floor":40,"key":"RetroEgg"},{"floor":42,"key":"Replay:Baseball"},{"floor":43,"key":"Onion Ring"},{"floor":45,"key":"hubris:IronBody"},{"floor":47,"key":"HornCleat"}],"event_choices":[{"damage_healed":0,"gold_gain":0,"player_choice":"Entered Light","damage_taken":16,"max_hp_gain":0,"max_hp_loss":0,"event_name":"Shining Light","floor":3,"gold_loss":0,"cards_upgraded":["Defend_R","Thunderclap"]},{"damage_healed":0,"gold_gain":0,"player_choice":"Fought Bandits","damage_taken":0,"max_hp_gain":0,"max_hp_loss":0,"event_name":"Masked Bandits","floor":19,"gold_loss":0},{"damage_healed":0,"gold_gain":0,"player_choice":"Bought 1 Potion","damage_taken":0,"max_hp_gain":0,"max_hp_loss":0,"event_name":"The Woman in Blue","floor":20,"gold_loss":0},{"damage_healed":0,"gold_gain":222,"player_choice":"Wore Mask","damage_taken":0,"max_hp_gain":0,"max_hp_loss":0,"event_name":"Tomb of Lord Red Mask","floor":36,"gold_loss":0},{"damage_healed":0,"gold_gain":0,"player_choice":"Memory 3","damage_taken":10,"max_hp_gain":0,"max_hp_loss":0,"event_name":"SensoryStone","floor":46,"gold_loss":0},{"damage_healed":25,"gold_gain":0,"player_choice":"Writhe","damage_taken":0,"max_hp_gain":0,"max_hp_loss":0,"event_name":"Winding Halls","floor":48,"gold_loss":0,"cards_obtained":["Writhe"]}],"is_beta":false,"boss_relics":[{"not_picked":["infinitespire:Burning Sword","Ooze Armor"],"picked":"Ectoplasm"},{"not_picked":["energizedSpire:NeverEndingSparkler","Runic Pyramid"],"picked":"vexMod:DeviousBotling"}],"items_purged_floors":[11,21],"is_endless":false,"potions_floor_spawned":[2,8,14,18,22,25,29,31,40,42,44],"ascension_level":4}}