{"host":"wogey4gsknv4ot2d","time":1611483684,"event":{"mods":["2.2 Compatiblity","AchievementEnabler","Alarm Clock","BaseMod","Bestiary","Better Match","Better Third Choice","Colored Map","Colored Powertips","Googly Eyes","Key Reminder","Minty Spire (QoL Compilation)","Permanent Neow","Rare Cards Sparkle","Relic Stats","StSLib"],"gold_per_floor":[115,78,94,94,110,139,139,139,139],"floor_reached":8,"language":"ENG","playtime":354,"items_purged":[],"score":56,"play_id":"c7a26cdd-9611-4eda-b89c-88e635dca2f9","local_time":"20210124042124","is_ascension_mode":false,"campfire_choices":[{"floor":7,"key":"REST"}],"circlet_count":0,"master_deck":["Strike_P","Strike_P","Strike_P","Strike_P","Defend_P","Defend_P","Defend_P","Eruption","Vigilance","Collect","Worship","LikeWater","Protect","DeceiveReality"],"relics":["PureWater","NeowsBlessing","Dead Branch","keyreminder:keyreminder"],"acts_visited":["Exordium"],"potions_floor_usage":[6,6],"damage_taken":[{"damage":0,"enemies":"Jaw Worm","floor":1,"turns":1},{"damage":0,"enemies":"Cultist","floor":3,"turns":1},{"damage":0,"enemies":"2 Louse","floor":5,"turns":1},{"damage":52,"enemies":"Lagavulin","floor":6,"turns":15},{"damage":72,"enemies":"Gremlin Nob","floor":8,"turns":4}],"seed_played":"-7366207688431433356","potions_obtained":[{"floor":3,"key":"Ancient Potion"},{"floor":5,"key":"BottledMiracle"}],"is_trial":false,"path_per_floor":["M","$","M","?","M","E","R","E"],"character_chosen":"WATCHER","items_purchased":["Worship"],"campfire_rested":1,"item_purchase_floors":[2],"current_hp_per_floor":[72,72,72,72,72,20,41,0,0],"gold":139,"neow_bonus":"THREE_ENEMY_KILL","is_daily":false,"chose_seed":false,"campfire_upgraded":0,"win_rate":0.0,"timestamp":1611483684,"path_taken":["M","$","M","?","?","E","R","E"],"items_purchased_type":["Card"],"build_version":"2020-12-22","purchased_purges":0,"victory":false,"max_hp_per_floor":[72,72,72,72,72,72,72,72,72],"relic_stats":{"counters":[5,22],"Dead Branch":[7],"obtain_stats":[{"keyreminder:keyreminder":6,"NeowsBlessing":0,"Dead Branch":6,"PureWater":0},{"keyreminder:keyreminder":4,"NeowsBlessing":0,"Dead Branch":4,"PureWater":0},{"keyreminder:keyreminder":18,"NeowsBlessing":0,"Dead Branch":18,"PureWater":0}]},"card_choices":[{"not_picked":["Pray","Halt"],"picked":"Collect","floor":1},{"not_picked":["FollowUp","Adaptation"],"picked":"LikeWater","floor":3},{"not_picked":["FlurryOfBlows","CrushJoints"],"picked":"Protect","floor":5},{"not_picked":["ThirdEye","ClearTheMind"],"picked":"DeceiveReality","floor":6}],"player_experience":78510,"relics_obtained":[{"floor":6,"key":"Dead Branch"}],"event_choices":[{"cards_removed":["Defend_P"],"damage_healed":0,"gold_gain":0,"player_choice":"Offered Basic","damage_taken":0,"max_hp_gain":0,"max_hp_loss":0,"event_name":"Bonfire Elementals","floor":4,"gold_loss":0}],"is_beta":false,"boss_relics":[],"items_purged_floors":[],"is_endless":false,"potions_floor_spawned":[1,3,5],"killed_by":"Gremlin Nob","ascension_level":0}}