{"host":"a5v7x5tmlr5iccdt","time":1611466722,"event":{"mods":["100% Spire Juice","Act Like it!","Arknights The Spire","Aspiration","BaseMod","BetterRewards","Colored Map","Colored Powertips","Downfall","Energized Spire","Gensokyo","Hallownest","Highlight Path","Marisa£®ÏF”Í°°ƒß¿Ì…≥£©","Mimic Mod","Minty Spire (QoL Compilation)","Quick Restart","Reimu£®≤©¿ˆ¡È√Œ£©","Remilia£®¿Ÿ√◊¿Ú—«£©","Replay The Spire","StSLib","The Bug Knight","Youmu£®ªÍ∆«—˝√Œ£©"],"gold_per_floor":[113,113,113,38,57,83,83,117,117,136,136,146,172,185,243,683,633,645,645,660,676,776,802,1078,1112,1112,1112,1127,1140,1174,1054,1054,1158,1158,1176,1176,463,142,161,195,195,220,293,310,310,310,323,353,353,361],"floor_reached":51,"language":"ZHS","playtime":2599,"items_purged":["ats:Defend","Hallucinations"],"score":983,"play_id":"0b0f7ff0-0cbe-4df0-8491-e1de7e9e85b7","local_time":"20210124133842","is_ascension_mode":false,"campfire_choices":[{"data":"ats:Revitalization","floor":7,"key":"SMITH"},{"data":"ats:Part Time Job","floor":32,"key":"SMITH"},{"data":"ats:Composite Medical Shells","floor":41,"key":"SMITH"},{"data":"ats:Apocalypse","floor":45,"key":"SMITH"}],"circlet_count":0,"master_deck":["ats:Strike C","ats:Strike G","ats:Strike S","ats:Strike V","ats:Revitalization+1","ats:Part Time Job+1","ats:Shell Defense","ats:Revitalization","ats:Revitalization","ats:Very Hot Blade","ats:Shadow Assault","ats:Strike C","ats:Healing Strengthening","ats:Spore Proliferation","ats:Sword Rain+1","ats:Revitalization","ats:Revitalization","ats:Wolf Pack","ats:Assault Order","ats:Dogmatic Field","ats:Composite Medical Shells+1","ats:Sashimi Platter","ats:Calcification","ats:Serious Mode","ats:Apocalypse+1","ats:Calcification+1"],"relics":["ats:Sanity","NeowsBlessing","Happy Flower","Gensokyo:Justice","ats:Originium","Replay:PocketPolymizer","Bottled Tornado","Bird Faced Urn","Gensokyo:OccultBall","MealTicket","energizedSpire:HugeHouse","ats:Emergency Defibrillator","WingedGreaves","Gremlin Food","ats:Bonebreaker","ReplayFunnel","aspiration:FetidBarrel","Gensokyo:DirgeOfMelancholy","Durian","Gensokyo:LionMask","SlaversCollar","ReplayTheSpireMod:Ring of Addiction","ReplayTheSpireMod:Ring of Collecting","Chameleon Ring","Toy Ornithopter","DollysMirror","ats:Cure","ats:Arts","TentaclePot:ReiMu","ClockworkSouvenir","Potion Belt","aspiration:Lifesprig","ScarletDevilRocket","Ring of Greed","Golden Egg","Smiling Mask","Bag of Marbles","Replay:Bandana"],"acts_visited":["Gensokyo:Gensokyo","Gensokyo:Gensokyoer","Gensokyo:Gensokyoest"],"potions_floor_usage":[22,22,22,22,33,33,39,42,47,48],"damage_taken":[{"damage":0,"enemies":"Gensokyo:Gryphon","floor":1,"turns":1},{"damage":0,"enemies":"Gensokyo:2_Kodama","floor":5,"turns":1},{"damage":0,"enemies":"Gensokyo:Mamizou","floor":6,"turns":2},{"damage":29,"enemies":"Gensokyo:Aya","floor":8,"turns":5},{"damage":0,"enemies":"Gensokyo:3_Fairies","floor":10,"turns":2},{"damage":16,"enemies":"Gensokyo:Gryphon_and_Rabbit","floor":12,"turns":3},{"damage":18,"enemies":"Gensokyo:Mamizou","floor":13,"turns":7},{"damage":11,"enemies":"Gensokyo:3_Kodama","floor":14,"turns":3},{"damage":67,"enemies":"Gensokyo:Reimu","floor":16,"turns":8},{"damage":22,"enemies":"Gensokyo:CosmicMonolith","floor":18,"turns":5},{"damage":26,"enemies":"Gensokyo:Chomper","floor":20,"turns":4},{"damage":58,"enemies":"Gensokyo:Swordslinger","floor":21,"turns":4},{"damage":49,"enemies":"Gensokyo:Swordslinger","floor":22,"turns":7},{"damage":43,"enemies":"Gensokyo:Reisen","floor":23,"turns":6},{"damage":75,"enemies":"Gensokyo:Koishi","floor":24,"turns":6},{"damage":42,"enemies":"Gensokyo:Tenshi","floor":25,"turns":5},{"damage":35,"enemies":"Gensokyo:3_Gloops","floor":28,"turns":4},{"damage":40,"enemies":"Gensokyo:Slime_Group","floor":29,"turns":5},{"damage":25,"enemies":"Gensokyo:Reisen","floor":30,"turns":6},{"damage":133,"enemies":"Gensokyo:Eternal_Rivals","floor":33,"turns":9},{"damage":6,"enemies":"Gensokyo:3_Bats","floor":35,"turns":3},{"damage":82,"enemies":"Gensokyo:AncientGuardian","floor":39,"turns":8},{"damage":30,"enemies":"Gensokyo:Doremy","floor":40,"turns":6},{"damage":17,"enemies":"Gensokyo:Kasen","floor":42,"turns":6},{"damage":2,"enemies":"Gensokyo:SeedOfUnknown","floor":44,"turns":5},{"damage":0,"enemies":"Gensokyo:3_Boulders","floor":47,"turns":4},{"damage":23,"enemies":"Gensokyo:Marisa","floor":48,"turns":6},{"damage":133,"enemies":"Gensokyo:Shinki","floor":50,"turns":10}],"seed_played":"7439791330931654268","potions_obtained":[{"floor":8,"key":"GamblersBrew"},{"floor":10,"key":"Explosive Potion"},{"floor":12,"key":"Strength Potion"},{"floor":13,"key":"EntropicBrew"},{"floor":20,"key":"Fire Potion"},{"floor":22,"key":"Elixir"},{"floor":28,"key":"Fire Potion"},{"floor":29,"key":"GamblersBrew"},{"floor":30,"key":"AttackPotion"},{"floor":35,"key":"Toxic Potion"},{"floor":36,"key":"Doom Potion"},{"floor":36,"key":"Swift Potion"},{"floor":36,"key":"BlessingOfTheForge"},{"floor":39,"key":"ColorlessPotion"},{"floor":44,"key":"BlessingOfTheForge"},{"floor":49,"key":"AttackPotion"},{"floor":49,"key":"Slimebound:ThreeZeroPotion"}],"is_trial":false,"path_per_floor":["M","?","?","$","M","E","R","E","T","M","?","M","E","M","R_BF","B",null,"M","?","M","M","?","E","E","E","T","?","M","M","E","?","R","B",null,"M","?","COS","$","M","E","R","E","T","M","R","?","M","E","R","B",null],"character_chosen":"DOCTOR_CLASS","items_purchased":["Potion Belt","ats:Sashimi Platter"],"campfire_rested":0,"item_purchase_floors":[38,38],"current_hp_per_floor":[72,72,72,72,72,72,72,72,72,72,72,72,72,68,68,66,67,62,67,63,47,67,51,67,67,67,67,52,53,72,72,72,64,72,72,72,72,72,72,72,72,72,72,72,72,70,70,70,70,40],"gold":361,"neow_bonus":"THREE_ENEMY_KILL","is_daily":false,"chose_seed":false,"campfire_upgraded":4,"win_rate":0.0,"timestamp":1611466722,"path_taken":["M","?","?","?","?","E","R","E","T","M","?","M","E","M","R_BF","BOSS","M","?","?","M","?","E","E","E","T","?","M","M","E","?","R","BOSS","M","?","COS","?","M","E","R","E","T","?","R","?","?","E","R","BOSS"],"items_purchased_type":["Relic","Card"],"build_version":"2020-12-22","purchased_purges":2,"victory":true,"max_hp_per_floor":[72,72,72,72,72,72,72,72,72,72,72,72,72,72,72,72,67,67,67,67,67,67,67,67,67,67,67,67,67,72,72,72,72,72,72,72,72,72,72,72,72,72,72,72,72,70,70,70,70,70],"card_choices":[{"not_picked":["ats:Leaping Hammer","ats:Explosion Area Strengthen"],"picked":"ats:Revitalization","floor":1},{"not_picked":["ats:Sunburst","ats:Closed Bolt Burst Fire"],"picked":"ats:Composite Medical Shells","floor":5},{"not_picked":["ats:Durian","ats:Red Shift"],"picked":"ats:Calcification","floor":6},{"not_picked":["ats:Childhood Dance","ats:Shadow Raid"],"picked":"ats:Part Time Job","floor":8},{"not_picked":["ats:Curse Doll","ats:Assault Order"],"picked":"ats:Shell Defense","floor":10},{"not_picked":["ats:Shadow Raid","ats:Demon Strength","ats:Flexible Camouflage"],"picked":"SKIP","floor":12},{"not_picked":["ats:Apocalypse","ats:Mental Burst"],"picked":"ats:Revitalization","floor":13},{"not_picked":["ats:Very Hot Blade","ats:Serious Mode"],"picked":"ats:Revitalization","floor":14},{"not_picked":["ats:Rat Pack","ats:Echo Reverb"],"picked":"ats:Shadow Assault","floor":16},{"not_picked":["ats:Ignite","ats:Beaten Up"],"picked":"ats:Spore Proliferation","floor":18},{"not_picked":["ats:Serious Mode","ats:Shell Defense"],"picked":"ats:Sword Rain+1","floor":20},{"not_picked":["ats:Red Shift","ats:Defend Order+1"],"picked":"ats:Revitalization","floor":21},{"not_picked":["ats:Childhood Dance","ats:Poison Spread"],"picked":"ats:Revitalization","floor":22},{"not_picked":["ats:Phantom","ats:Flexible Camouflage"],"picked":"ats:Wolf Pack","floor":23},{"not_picked":["ats:Beaten Up","ats:Sword Rain","ats:Blood Oath"],"picked":"SKIP","floor":24},{"not_picked":["ats:Curse Doll+1","ats:Guardian Obelisk","ats:Mental Burst"],"picked":"SKIP","floor":25},{"not_picked":["ats:Leaping Hammer","ats:Red Shift","ats:Closed Bolt Burst Fire"],"picked":"SKIP","floor":28},{"not_picked":["ats:Rapid Magazine","ats:Hammer On"],"picked":"ats:Assault Order","floor":29},{"not_picked":["ats:Shadow Raid","ats:Charging Defense","ats:Powerful Strike+1"],"picked":"SKIP","floor":30},{"not_picked":["ats:Shadow Assault","ats:Rat Pack"],"picked":"ats:Dogmatic Field","floor":33},{"not_picked":["ats:Curse Doll+1","ats:Leaping Hammer","ats:Closed Bolt Burst Fire+1"],"picked":"SKIP","floor":35},{"not_picked":["ats:Demon Strength","ats:Very Hot Blade+1","ats:Flexible Camouflage+1"],"picked":"SKIP","floor":39},{"not_picked":["ats:Closed Bolt Burst Fire","ats:Flexible Camouflage+1"],"picked":"ats:Calcification","floor":40},{"not_picked":["ats:Shadow Raid","ats:Blood Oath","ats:Curse Doll"],"picked":"SKIP","floor":42},{"not_picked":["ats:Blood Oath","ats:Very Hot Blade+1"],"picked":"ats:Apocalypse","floor":44},{"not_picked":["ats:Magnetic Hammer","ats:Powerful Strike","ats:Serious Mode"],"picked":"SKIP","floor":47},{"not_picked":["ats:Mental Burst","ats:Serious Mode+1"],"picked":"ats:Calcification","floor":48}],"player_experience":85521,"relics_obtained":[{"floor":6,"key":"ats:Originium"},{"floor":6,"key":"Replay:PocketPolymizer"},{"floor":8,"key":"ats:Originium"},{"floor":8,"key":"Bottled Tornado"},{"floor":9,"key":"Bird Faced Urn"},{"floor":13,"key":"ats:Originium"},{"floor":13,"key":"MealTicket"},{"floor":16,"key":"Gensokyo:OccultBall"},{"floor":22,"key":"ats:Emergency Defibrillator"},{"floor":22,"key":"WingedGreaves"},{"floor":23,"key":"ats:Originium"},{"floor":23,"key":"Gremlin Food"},{"floor":24,"key":"ats:Bonebreaker"},{"floor":25,"key":"ReplayFunnel"},{"floor":26,"key":"aspiration:FetidBarrel"},{"floor":30,"key":"Durian"},{"floor":33,"key":"Gensokyo:OccultBall"},{"floor":36,"key":"ReplayTheSpireMod:Ring of Addiction"},{"floor":36,"key":"ReplayTheSpireMod:Ring of Collecting"},{"floor":36,"key":"Chameleon Ring"},{"floor":36,"key":"Toy Ornithopter"},{"floor":39,"key":"Gensokyo:OccultBall"},{"floor":40,"key":"aspiration:Lifesprig"},{"floor":42,"key":"ScarletDevilRocket"},{"floor":43,"key":"Ring of Greed"},{"floor":43,"key":"Golden Egg"},{"floor":43,"key":"Smiling Mask"},{"floor":43,"key":"Bag of Marbles"},{"floor":44,"key":"Gensokyo:OccultBall"},{"floor":48,"key":"Replay:Bandana"}],"event_choices":[],"is_beta":false,"boss_relics":[{"not_picked":["Honey Jar","Tiny House"],"picked":"energizedSpire:HugeHouse"},{"not_picked":["aspiration:IroncladSkillbook","energizedSpire:StickyHand"],"picked":"SlaversCollar"}],"items_purged_floors":[4,38],"is_endless":false,"potions_floor_spawned":[8,10,12,13,20,22,28,29,30,35,39,44],"ascension_level":0}}