{"host":"zk71suw73lg2r165","time":1611527972,"event":{"mods":["BaseMod","Colored Map","Minty Spire (QoL Compilation)","Permanent Neow","Relic Stats","StSLib"],"gold_per_floor":[110,75,90,90,102,130,27,27,50,63,77,104,122,153,153,230,230,242,136,153,153,168,168,194,204,204,241,250,40,66,86,86,167,167,167,167],"floor_reached":35,"language":"ENG","playtime":1273,"items_purged":["Writhe"],"score":868,"play_id":"bf483010-1648-4677-9a85-3573a28a96d6","local_time":"20210124173932","is_ascension_mode":true,"campfire_choices":[{"data":"Defragment","floor":8.0,"key":"SMITH"},{"data":"Tempest","floor":15.0,"key":"SMITH"},{"data":"Hologram","floor":23.0,"key":"SMITH"},{"data":"Biased Cognition","floor":32.0,"key":"SMITH"}],"circlet_count":0,"master_deck":["AscendersBane","Strike_B","Strike_B","Strike_B","Defend_B","Defend_B","Defend_B","Defend_B","Zap","Dualcast","Self Repair","White Noise","Fusion","Beam Cell","Tempest+1","Defragment+1","Go for the Eyes","Sweeping Beam","Glacier","Conserve Battery","Darkness","Biased Cognition+1","FTL","Compile Driver","Defragment+1","Hologram+1","White Noise","Turbo","Doom and Gloom","Amplify"],"relics":["Cracked Core","FossilizedHelix","Bag of Preparation","Toy Ornithopter","Smiling Mask","Art of War","Coffee Dripper","HornCleat","Potion Belt","Sundial","CeramicFish","Juzu Bracelet","Lee\u0027s Waffle","Black Star"],"acts_visited":["Exordium","TheCity","TheBeyond"],"potions_floor_usage":[],"damage_taken":[{"damage":0.0,"enemies":"Jaw Worm","floor":1.0,"turns":2.0},{"damage":0.0,"enemies":"2 Louse","floor":3.0,"turns":3.0},{"damage":0.0,"enemies":"Cultist","floor":5.0,"turns":4.0},{"damage":33.0,"enemies":"Gremlin Nob","floor":6.0,"turns":4.0},{"damage":1.0,"enemies":"Exordium Thugs","floor":10.0,"turns":4.0},{"damage":33.0,"enemies":"Gremlin Gang","floor":11.0,"turns":5.0},{"damage":13.0,"enemies":"3 Louse","floor":13.0,"turns":3.0},{"damage":0.0,"enemies":"Lagavulin","floor":14.0,"turns":6.0},{"damage":21.0,"enemies":"The Guardian","floor":16.0,"turns":11.0},{"damage":12.0,"enemies":"3 Byrds","floor":18.0,"turns":5.0},{"damage":0.0,"enemies":"Spheric Guardian","floor":20.0,"turns":4.0},{"damage":9.0,"enemies":"Centurion and Healer","floor":22.0,"turns":6.0},{"damage":30.0,"enemies":"Book of Stabbing","floor":24.0,"turns":6.0},{"damage":8.0,"enemies":"Snake Plant","floor":25.0,"turns":4.0},{"damage":28.0,"enemies":"Gremlin Leader","floor":27.0,"turns":10.0},{"damage":0.0,"enemies":"Snecko","floor":30.0,"turns":3.0},{"damage":52.0,"enemies":"Cultist and Chosen","floor":31.0,"turns":7.0},{"damage":62,"enemies":"Automaton","floor":33,"turns":10},{"damage":26,"enemies":"3 Darklings","floor":35,"turns":3}],"seed_played":"-2614937344345866","potions_obtained":[{"floor":5.0,"key":"Explosive Potion"},{"floor":6.0,"key":"Dexterity Potion"},{"floor":14.0,"key":"Fire Potion"},{"floor":22.0,"key":"FairyPotion"},{"floor":27.0,"key":"ColorlessPotion"},{"floor":31.0,"key":"Fruit Juice"},{"floor":33,"key":"SpeedPotion"}],"is_trial":false,"path_per_floor":["M","?","M","?","M","E","$","R","T","M","M","T","M","E","R","B",null,"M","?","M","?","M","R","E","M","T","E","?","$","M","M","R","B",null,"M"],"character_chosen":"DEFECT","items_purchased":["Defragment","Go for the Eyes","Lee\u0027s Waffle"],"campfire_rested":0,"item_purchase_floors":[7,7,29],"current_hp_per_floor":[46,63,70,70,71,45,45,45,45,51,32,32,26,38,38,29,61,56,56,63,63,61,61,38,37,37,16,16,78,78,48,48,31,70,44,44],"gold":167,"neow_bonus":"ONE_RARE_RELIC","is_daily":false,"chose_seed":false,"campfire_upgraded":4,"win_rate":0.0,"timestamp":1611527972,"path_taken":["M","?","M","?","M","E","$","R","T","M","M","?","M","E","R","BOSS","M","?","?","?","M","R","E","?","T","E","?","$","M","M","R","BOSS","M"],"items_purchased_type":["Card","Card","Relic"],"build_version":"2020-12-22","purchased_purges":1,"victory":false,"max_hp_per_floor":[71,71,71,71,71,71,71,71,71,71,71,71,71,71,71,71,71,71,71,71,71,71,71,71,71,71,71,71,78,78,83,83,83,83,83,83],"relic_stats":{"Lee\u0027s Waffle":62,"counters":[19,100],"Sundial":[2],"CeramicFish":45,"Bag of Preparation":[30],"Art of War":[16],"Juzu Bracelet":0,"Black Star":0,"Smiling Mask":25,"obtain_stats":[{"Potion Belt":24,"Lee\u0027s Waffle":29,"CeramicFish":27,"Bag of Preparation":6,"Juzu Bracelet":28,"Smiling Mask":12,"HornCleat":19,"Sundial":26,"Art of War":14,"Coffee Dripper":17,"Black Star":34,"Cracked Core":0,"FossilizedHelix":0,"Toy Ornithopter":9},{"Potion Belt":13,"Lee\u0027s Waffle":15,"CeramicFish":15,"Bag of Preparation":4,"Juzu Bracelet":15,"Smiling Mask":6,"HornCleat":10,"Sundial":14,"Art of War":8,"Coffee Dripper":9,"Black Star":18,"Cracked Core":0,"FossilizedHelix":0,"Toy Ornithopter":4},{"Potion Belt":63,"Lee\u0027s Waffle":77,"CeramicFish":77,"Bag of Preparation":13,"Juzu Bracelet":77,"Smiling Mask":22,"HornCleat":47,"Sundial":67,"Art of War":31,"Coffee Dripper":42,"Black Star":97,"Cracked Core":0,"FossilizedHelix":0,"Toy Ornithopter":13}],"Toy Ornithopter":20},"card_choices":[{"not_picked":["Gash","Coolheaded"],"picked":"Self Repair","floor":1.0},{"not_picked":["Stack","Self Repair"],"picked":"White Noise","floor":3.0},{"not_picked":["Conserve Battery","Redo"],"picked":"Beam Cell","floor":5.0},{"not_picked":["Steam","Undo"],"picked":"Tempest","floor":6.0},{"not_picked":["Tempest","Go for the Eyes"],"picked":"Sweeping Beam","floor":10.0},{"not_picked":["Rip and Tear","Barrage"],"picked":"Glacier","floor":11.0},{"not_picked":["Streamline","Beam Cell"],"picked":"Conserve Battery","floor":13.0},{"not_picked":["Genetic Algorithm","Rainbow"],"picked":"Darkness","floor":14.0},{"not_picked":["Seek","Rainbow"],"picked":"Biased Cognition","floor":16.0},{"not_picked":["Chaos","Go for the Eyes"],"picked":"FTL","floor":18.0},{"not_picked":["Skim","Barrage"],"picked":"Compile Driver","floor":20.0},{"not_picked":["Chill","Tempest"],"picked":"Hologram","floor":22.0},{"not_picked":["Ball Lightning","Compile Driver","Cold Snap+1"],"picked":"SKIP","floor":24.0},{"not_picked":["Redo","Stack+1","Sweeping Beam"],"picked":"SKIP","floor":25.0},{"not_picked":["Melter","Hologram"],"picked":"White Noise","floor":27.0},{"not_picked":["Sweeping Beam","Conserve Battery"],"picked":"Turbo","floor":30.0},{"not_picked":["Rebound","Melter"],"picked":"Doom and Gloom","floor":31.0},{"not_picked":["Rainbow","Buffer"],"picked":"Amplify","floor":33}],"player_experience":1355834,"relics_obtained":[{"floor":6.0,"key":"Bag of Preparation"},{"floor":9.0,"key":"Toy Ornithopter"},{"floor":12.0,"key":"Smiling Mask"},{"floor":14.0,"key":"Art of War"},{"floor":24.0,"key":"Potion Belt"},{"floor":26.0,"key":"Sundial"},{"floor":27.0,"key":"CeramicFish"}],"event_choices":[{"damage_healed":17.0,"max_hp_gain":0.0,"max_hp_loss":0.0,"gold_gain":0.0,"event_name":"The Cleric","player_choice":"Healed","floor":2.0,"gold_loss":35.0,"damage_taken":0.0},{"damage_healed":0.0,"max_hp_gain":0.0,"max_hp_loss":0.0,"gold_gain":0.0,"cards_transformed":["Strike_B"],"event_name":"Living Wall","player_choice":"Change","floor":4.0,"gold_loss":0.0,"damage_taken":0.0,"cards_obtained":["Fusion"]},{"damage_healed":0.0,"max_hp_gain":0.0,"max_hp_loss":0.0,"gold_gain":0.0,"event_name":"WeMeetAgain","player_choice":"Paid Gold","floor":19.0,"gold_loss":106.0,"damage_taken":0.0,"relics_obtained":["HornCleat"]},{"damage_healed":0.0,"max_hp_gain":0.0,"max_hp_loss":0.0,"gold_gain":0.0,"event_name":"Duplicator","player_choice":"Copied","floor":21.0,"gold_loss":0.0,"damage_taken":0.0,"cards_obtained":["Defragment"]},{"damage_healed":0.0,"max_hp_gain":0.0,"max_hp_loss":0.0,"gold_gain":0.0,"event_name":"The Mausoleum","player_choice":"Opened","floor":28.0,"gold_loss":0.0,"damage_taken":0.0,"relics_obtained":["Juzu Bracelet"],"cards_obtained":["Writhe"]}],"is_beta":false,"boss_relics":[{"not_picked":["SacredBark","Velvet Choker"],"picked":"Coffee Dripper"},{"not_picked":["Cursed Key","Runic Dome"],"picked":"Black Star"}],"items_purged_floors":[29],"is_endless":false,"potions_floor_spawned":[5,6,14,22,27,31,33],"killed_by":"3 Darklings","ascension_level":20}}