{"host":"c2bue2hyafvtxka5","time":1611506699,"event":{"mods":["BaseMod","Hermit","Minty Spire (QoL Compilation)","Replay The Spire","StSLib","SuperFastMode","The Cursed","The Disciple","The Necromancer","The Servant 0.9.4"],"gold_per_floor":[111,111,111,126,145,180,180,180,180],"floor_reached":8,"language":"ENG","playtime":473,"items_purged":[],"score":64,"play_id":"c23757e0-e844-4fd5-b30b-614f5b9e4e11","local_time":"20210124114459","is_ascension_mode":true,"campfire_choices":[{"floor":7,"key":"REST"}],"circlet_count":0,"master_deck":["Strike_W+1","Strike_W","Strike_W","Defend_W","Defend_W","Defend_W","Defend_W","Negative_Energy_Arrows+1","Bone_Wall","Bone_Armor","Bone_Armor","Bones_to_Steel"],"relics":["Vampire_Amulet","Replay:Bottled Flurry"],"acts_visited":["Exordium"],"potions_floor_usage":[],"damage_taken":[{"damage":3,"enemies":"2 Louse","floor":1,"turns":3},{"damage":5,"enemies":"Small Slimes","floor":4,"turns":4},{"damage":8,"enemies":"Cultist","floor":5,"turns":4},{"damage":27,"enemies":"3 Sentries","floor":6,"turns":14},{"damage":2,"enemies":"Lagavulin","floor":8,"turns":49}],"seed_played":"5371623875491250203","potions_obtained":[{"floor":1,"key":"Dexterity Potion"}],"is_trial":false,"path_per_floor":["M","?","?","M","M","E","R","E"],"character_chosen":"NECROMANCER","items_purchased":[],"campfire_rested":1,"item_purchase_floors":[],"current_hp_per_floor":[82,66,66,65,59,38,62,60,60],"gold":180,"neow_bonus":"TEN_PERCENT_HP_BONUS","is_daily":false,"chose_seed":false,"campfire_upgraded":0,"win_rate":0.0,"timestamp":1611506699,"path_taken":["M","?","?","M","M","E","R","E"],"items_purchased_type":[],"build_version":"2020-12-22","purchased_purges":0,"victory":false,"max_hp_per_floor":[82,82,82,82,82,82,82,82,82],"card_choices":[{"not_picked":["Corrupt","Vampiric_Strike"],"picked":"Bone_Armor","floor":1},{"not_picked":["Negative_Energy_Sphere","Vampiric_Strike","Strike_from_Beyond"],"picked":"SKIP","floor":4},{"not_picked":["Toxic_Smoke_Screen","Scare"],"picked":"Bone_Armor","floor":5},{"not_picked":["Negative_Energy_Sphere","Bones_to_Steel","Pandemic"],"picked":"SKIP","floor":6},{"not_picked":["Negative_Energy_Sphere","Pandemic"],"picked":"Bones_to_Steel","floor":6}],"player_experience":97837,"relics_obtained":[{"floor":6,"key":"Replay:Bottled Flurry"}],"event_choices":[{"damage_healed":0,"gold_gain":0,"player_choice":"Entered Light","damage_taken":16,"max_hp_gain":0,"max_hp_loss":0,"event_name":"Shining Light","floor":2,"gold_loss":0,"cards_upgraded":["Strike_W","Negative_Energy_Arrows"]},{"cards_removed":["Strike_W"],"damage_healed":0,"gold_gain":0,"player_choice":"Purged","damage_taken":0,"max_hp_gain":0,"max_hp_loss":0,"event_name":"Purifier","floor":3,"gold_loss":0}],"is_beta":false,"boss_relics":[],"items_purged_floors":[],"is_endless":false,"potions_floor_spawned":[1],"killed_by":"Lagavulin","ascension_level":3}}