{"host":"t4jsb5tuksjmo64s","time":1611466885,"event":{"mods":["AchievementEnabler","BaseMod","Block Reminder","Colored Map","Colored Powertips","Dark Map","Highlight Path","Minty Spire (QoL Compilation)","Quick Restart","Random Character Button","Rare Cards Sparkle","Relic Stats"],"gold_per_floor":[111,128,138,63,76,104,118,118,118,118,137,137,164,64,64,159,159,175,175,175,187,62,62,62],"floor_reached":23,"language":"ENG","playtime":38683,"items_purged":["Strike_B","Strike_B","Defend_B"],"score":236,"play_id":"d0a71efe-4035-400d-861a-b133aa215da7","local_time":"20210124004125","is_ascension_mode":true,"campfire_choices":[{"floor":8,"key":"RECALL"},{"data":"Chill","floor":12,"key":"SMITH"},{"floor":15,"key":"REST"}],"circlet_count":0,"master_deck":["Strike_B","Defend_B","Defend_B","Zap","Dualcast","Gash","Loop","Chill+1","Capacitor","Gash","Amplify","Gash","Creative AI","Gash+1","Genetic Algorithm","Necronomicurse","Capacitor"],"relics":["Runic Pyramid","Bag of Preparation","Blue Candle","Empty Cage","Necronomicon"],"acts_visited":["Exordium","TheCity"],"potions_floor_usage":[6,6,6,13,23,23,23],"damage_taken":[{"damage":2,"enemies":"Small Slimes","floor":1,"turns":3},{"damage":2,"enemies":"2 Louse","floor":2,"turns":3},{"damage":2,"enemies":"Jaw Worm","floor":3,"turns":4},{"damage":4,"enemies":"Exordium Thugs","floor":5,"turns":5},{"damage":8,"enemies":"3 Sentries","floor":6,"turns":8},{"damage":10,"enemies":"Lots of Slimes","floor":7,"turns":5},{"damage":8,"enemies":"Red Slaver","floor":11,"turns":4},{"damage":29,"enemies":"Gremlin Nob","floor":13,"turns":4},{"damage":20,"enemies":"Hexaghost","floor":16,"turns":9},{"damage":15,"enemies":"Chosen","floor":18,"turns":5},{"damage":22,"enemies":"3 Byrds","floor":21,"turns":4},{"damage":28,"enemies":"Book of Stabbing","floor":23,"turns":2}],"seed_played":"8772327764600979026","potions_obtained":[{"floor":2,"key":"Ancient Potion"},{"floor":3,"key":"LiquidBronze"},{"floor":5,"key":"ColorlessPotion"},{"floor":6,"key":"GamblersBrew"},{"floor":7,"key":"CultistPotion"},{"floor":21,"key":"EntropicBrew"}],"is_trial":false,"path_per_floor":["M","M","M","$","M","E","M","R","T","?","M","R","E","$","R","B",null,"M","?","?","M","$","E"],"character_chosen":"DEFECT","items_purchased":[],"campfire_rested":1,"item_purchase_floors":[],"current_hp_per_floor":[73,71,69,69,65,57,47,47,47,72,64,64,35,35,57,37,75,60,60,44,22,22,0,0],"gold":62,"neow_bonus":"BOSS_RELIC","is_daily":false,"chose_seed":false,"campfire_upgraded":1,"win_rate":0.0,"timestamp":1611466885,"path_taken":["M","M","M","$","M","E","M","R","T","?","M","R","E","$","R","BOSS","M","?","?","M","$","E"],"items_purchased_type":[],"build_version":"2020-12-22","purchased_purges":3,"victory":false,"max_hp_per_floor":[75,75,75,75,75,75,75,75,75,75,75,75,75,75,75,75,75,75,75,75,75,75,75,75],"relic_stats":{"counters":[12,56],"Blue Candle":[0],"Bag of Preparation":[14],"Necronomicon":[0],"obtain_stats":[{"Blue Candle":13,"Bag of Preparation":6,"Necronomicon":20,"Cracked Core":0,"Empty Cage":17,"Runic Pyramid":0},{"Blue Candle":8,"Bag of Preparation":5,"Necronomicon":10,"Cracked Core":0,"Empty Cage":9,"Runic Pyramid":0},{"Blue Candle":36,"Bag of Preparation":23,"Necronomicon":50,"Cracked Core":0,"Empty Cage":45,"Runic Pyramid":0}]},"card_choices":[{"not_picked":["Coolheaded","Loop"],"picked":"Gash","floor":1},{"not_picked":["Coolheaded","Beam Cell"],"picked":"Loop","floor":2},{"not_picked":["Reinforced Body","Ball Lightning"],"picked":"Chill","floor":3},{"not_picked":["Leap","Streamline","Turbo"],"picked":"SKIP","floor":5},{"not_picked":["Hologram","Undo"],"picked":"Capacitor","floor":6},{"not_picked":["Go for the Eyes","Leap"],"picked":"Gash","floor":7},{"not_picked":["Turbo","Hologram"],"picked":"Amplify","floor":11},{"not_picked":["Aggregate","Steam"],"picked":"Gash","floor":13},{"not_picked":["Biased Cognition","Reboot"],"picked":"Creative AI","floor":16},{"not_picked":["Cold Snap","Hologram"],"picked":"Gash+1","floor":18},{"not_picked":["Leap","Redo"],"picked":"Capacitor","floor":21}],"player_experience":223728,"relics_obtained":[{"floor":6,"key":"Bag of Preparation"},{"floor":13,"key":"Blue Candle"},{"floor":20,"key":"Necronomicon"}],"event_choices":[{"damage_healed":25,"gold_gain":0,"player_choice":"Banana","damage_taken":0,"max_hp_gain":0,"max_hp_loss":0,"event_name":"Big Fish","floor":10,"gold_loss":0},{"damage_healed":0,"gold_gain":0,"player_choice":"Read","damage_taken":0,"max_hp_gain":0,"max_hp_loss":0,"event_name":"The Library","floor":19,"gold_loss":0,"cards_obtained":["Genetic Algorithm"]},{"damage_healed":0,"gold_gain":0,"player_choice":"Obtained Book","damage_taken":16,"max_hp_gain":0,"max_hp_loss":0,"event_name":"Cursed Tome","floor":20,"gold_loss":0}],"is_beta":false,"boss_relics":[{"not_picked":["Busted Crown","Fusion Hammer"],"picked":"Empty Cage"}],"items_purged_floors":[4,14,22],"is_endless":false,"potions_floor_spawned":[2,3,5,6,7,21],"killed_by":"Book of Stabbing","ascension_level":1}}