{"host":"zksvs3x2ysy9npnz","time":1611529540,"event":{"mods":["Aspiration","BaseMod","Beaked The Cultist","BetterRewards","Clockwork Mod","Colored Map","Conspire","Downfall","Duelist Mod","Ekko","Fiend Mod","Halation","Highlight Path","Hubris","Hunter ??","Infinite Spire","Jedi Mod","Magitek Elite","Minty Spire (QoL Compilation)","Permanent Neow","Quick Restart","Relic Stats","Shop Mod","StSLib","The Construct","The Runesmith","The Witch","thorton"],"gold_per_floor":[137,137,137,137,29,29,54,54,54,84,4,4,28,49,49,164,164,192,192,192,192,105,240,240,245,245],"floor_reached":25,"language":"FRA","playtime":3264,"items_purged":["Normality","thethorton:Strike","thethorton:Strike"],"score":370,"play_id":"2aaba01d-b983-4dcb-9c5b-6bdea8904c49","local_time":"20210125000540","is_ascension_mode":true,"campfire_choices":[{"data":"thethorton:MomentaryBreak","floor":6,"key":"SMITH"},{"data":"thethorton:GemGun","floor":12,"key":"SMITH"},{"data":"thethorton:BusinessBash","floor":15,"key":"SMITH"}],"circlet_count":0,"master_deck":["thethorton:Strike","thethorton:Strike","thethorton:Defend","thethorton:Defend","thethorton:Defend+1","thethorton:Defend","thethorton:Heckle+1","thethorton:CreditCard","thethorton:LongTermPayoff+1","thethorton:MomentaryBreak+1","thethorton:BusinessBash+1","thethorton:CashBash","thethorton:GemGun+1","thethorton:ElbowSmash","thethorton:CowardiceForm","thethorton:HitAhead+1","thethorton:GemGun","thethorton:DualBap","thethorton:SheetShred"],"relics":["thethorton:CouragePotion","NeowsBlessing","halation:EternalFortune","hubris:Towel","jedi:archwizardhat","Gremlin Horn","Smiling Mask","War Paint","construct:WeddingRing","hubris:BottledHeart","hubris:Icosahedron","halation:Convergence","Pear"],"acts_visited":["Exordium","TheCity"],"potions_floor_usage":[16,16,25,25],"damage_taken":[{"damage":0,"enemies":"2 Louse","floor":1,"turns":1},{"damage":0,"enemies":"3 Sentries","floor":7,"turns":1},{"damage":0,"enemies":"Gremlin Nob","floor":10,"turns":1},{"damage":4,"enemies":"Jaw Worm","floor":14,"turns":3},{"damage":84,"enemies":"Hexaghost","floor":16,"turns":14},{"damage":40,"enemies":"Spheric Guardian","floor":18,"turns":6},{"damage":0,"enemies":"Book of Stabbing","floor":23,"turns":3},{"damage":2,"enemies":"Gremlin Leader","floor":25,"turns":6}],"seed_played":"5967215392738649138","potions_obtained":[{"floor":7,"key":"Weak Potion"},{"floor":10,"key":"Regen Potion"},{"floor":14,"key":"Dexterity Potion"},{"floor":18,"key":"SkillPotion"}],"is_trial":false,"path_per_floor":["M","?","?","?","$","R","E","$","T","E","$","R","T","M","R","B",null,"M","?","?","AVR","$","E","?","E"],"character_chosen":"THE_THORT","items_purchased":["thethorton:MomentaryBreak","thethorton:GemGun","thethorton:GemGun"],"campfire_rested":0,"item_purchase_floors":[5,11,22],"current_hp_per_floor":[68,71,71,71,71,71,71,71,71,71,71,71,71,67,67,2,54,18,1,1,1,1,1,1,0,0],"gold":245,"neow_bonus":"THREE_ENEMY_KILL","is_daily":false,"chose_seed":false,"campfire_upgraded":3,"win_rate":0.0,"timestamp":1611529540,"path_taken":["M","?","?","?","$","R","E","$","T","E","?","R","?","?","R","BOSS","M","?","?","AVR","?","E","?","E"],"items_purchased_type":["Card","Card","Card"],"build_version":"2020-12-22","purchased_purges":3,"victory":false,"max_hp_per_floor":[68,71,71,71,71,71,71,71,71,71,71,71,71,71,71,71,71,71,1,1,1,1,1,1,1,1],"relic_stats":{"Gremlin Horn":[3,3],"counters":[8,35],"War Paint":["thethorton:LongTermPayoff","thethorton:Defend"],"Smiling Mask":50,"obtain_stats":[{"construct:WeddingRing":17,"Pear":23,"NeowsBlessing":0,"Gremlin Horn":9,"hubris:Towel":4,"jedi:archwizardhat":7,"War Paint":13,"Smiling Mask":10,"hubris:Icosahedron":20,"hubris:BottledHeart":19,"halation:EternalFortune":2,"thethorton:CouragePotion":0,"halation:Convergence":21},{"construct:WeddingRing":5,"Pear":7,"NeowsBlessing":0,"Gremlin Horn":2,"hubris:Towel":1,"jedi:archwizardhat":2,"War Paint":3,"Smiling Mask":3,"hubris:Icosahedron":6,"hubris:BottledHeart":6,"halation:EternalFortune":1,"thethorton:CouragePotion":0,"halation:Convergence":6},{"construct:WeddingRing":20,"Pear":29,"NeowsBlessing":0,"Gremlin Horn":2,"hubris:Towel":1,"jedi:archwizardhat":2,"War Paint":3,"Smiling Mask":3,"hubris:Icosahedron":26,"hubris:BottledHeart":26,"halation:EternalFortune":1,"thethorton:CouragePotion":0,"halation:Convergence":26}]},"card_choices":[{"not_picked":["thethorton:LastDitchEffort","thethorton:DownPayment"],"picked":"thethorton:LongTermPayoff","floor":1},{"not_picked":["thethorton:BusinessBurst","thethorton:FearfulRun"],"picked":"thethorton:BusinessBash","floor":7},{"not_picked":["thethorton:StumblingSlap","thethorton:SeeingDouble"],"picked":"thethorton:CashBash","floor":10},{"not_picked":["thethorton:Distance","thethorton:LongTermPayoff"],"picked":"thethorton:ElbowSmash","floor":14},{"not_picked":["thethorton:CompoundInterest","thethorton:SummonProfit"],"picked":"thethorton:CowardiceForm","floor":16},{"not_picked":["thethorton:RunningKick","thethorton:ThickSkin"],"picked":"thethorton:HitAhead+1","floor":18},{"not_picked":["thethorton:ElbowSmash+1","thethorton:Fortune"],"picked":"thethorton:DualBap","floor":23}],"player_experience":2489117,"relics_obtained":[{"floor":7,"key":"jedi:archwizardhat"},{"floor":9,"key":"Gremlin Horn"},{"floor":10,"key":"Smiling Mask"},{"floor":13,"key":"War Paint"},{"floor":23,"key":"Pear"}],"event_choices":[{"damage_healed":0,"gold_gain":0,"player_choice":"Read","damage_taken":0,"max_hp_gain":0,"max_hp_loss":0,"event_name":"The Library","floor":24,"gold_loss":0,"cards_obtained":["thethorton:SheetShred"]}],"is_beta":false,"boss_relics":[{"not_picked":["Philosopher\u0027s Stone","hubris:BlackHole"],"picked":"construct:WeddingRing"}],"items_purged_floors":[5,21,22],"is_endless":false,"potions_floor_spawned":[7,10,14,18],"killed_by":"Gremlin Leader","ascension_level":5}}