{"host":"s125e4bodcwm0i3t","time":1611476835,"event":{"mods":["BaseMod","Hermit","Infinite Spire","Minty Spire (QoL Compilation)","Quick Restart","Replay The Spire","StSLib","The Cursed"],"gold_per_floor":[110,129,16,36,36,36,54,54,122,141,176,24,42,113,113,212,212,277,289,289,289,304,304,304,304,355,367,391,391,404,415,415,517,517,528,544,268,280,344,344,379,479,479,479,490,84,95,115,115,115],"floor_reached":51,"language":"ENG","playtime":5961,"items_purged":["TheCursedMod:CircleOfFocus","TheCursedMod:Defend_TheCursed"],"score":713,"play_id":"b7df1dca-bfb1-4943-a06d-e2d7fcce80a5","local_time":"20210124032715","is_ascension_mode":false,"campfire_choices":[{"data":"TheCursedMod:HellsGateOpen","floor":6,"key":"SMITH"},{"data":"TheCursedMod:CursedStaff","floor":8,"key":"SMITH"},{"data":"TheCursedMod:LuckyCharm","floor":15,"key":"SMITH"},{"data":"infinitespire:UltimateForm","floor":23,"key":"SMITH"},{"floor":25,"key":"REST"},{"floor":29,"key":"REST"},{"data":"TheCursedMod:CollectTribute","floor":32,"key":"SMITH"},{"data":"TheCursedMod:ReleasedKnowledge","floor":40,"key":"SMITH"},{"floor":49,"key":"REST"}],"circlet_count":0,"master_deck":["TheCursedMod:Strike_TheCursed","TheCursedMod:Strike_TheCursed","TheCursedMod:Strike_TheCursed","TheCursedMod:Strike_TheCursed","TheCursedMod:Defend_TheCursed","TheCursedMod:Defend_TheCursed","TheCursedMod:CursedWand","TheCursedMod:CleanUpWorkshop+1","TheCursedMod:Dregs","TheCursedMod:CursedBlade","TheCursedMod:CursedStaff+1","TheCursedMod:WearCloak","TheCursedMod:SpitefulPlan+1","TheCursedMod:HellsGateOpen+1","CommonCold","TheCursedMod:CursedStaff","TheCursedMod:Stretching","TheCursedMod:LuckyCharm+1","TheCursedMod:Obscuration","TheCursedMod:CircleOfFlame","TheCursedMod:RapidMovement","TheCursedMod:BlessingInDisguise","TheCursedMod:ManaCirculation","TheCursedMod:BloodBarrier","TheCursedMod:ReleasedKnowledge+1","infinitespire:UltimateForm+1","TheCursedMod:CollectTribute+1","TheCursedMod:SurpriseAttack","TheCursedMod:ForbiddenAlchemy","TheCursedMod:FleshFromBone","TheCursedMod:SurpriseAttack","infinitespire:SevenWalls","TheCursedMod:LuckyCharm","TheCursedMod:CircleOfBlood+1","TheCursedMod:LuckyCharm"],"relics":["TheCursedMod:BlackMagicAdvanced","ReplayTheSpireMod:Ring of Collecting","Ring of Panic","ReplayTheSpireMod:Ring of Challenge","Sundial","infinitespire:Satchel","Torii","Ring of Peace","Strawberry","Ancient Tea Set","SlaversCollar","TheCursedMod:PinkPellets","Juzu Bracelet","Ginger","Smiling Mask","Bronze Scales","Bag of Marbles"],"acts_visited":["Exordium","TheCity","TheBeyond"],"potions_floor_usage":[13,16,16,16,24,31,33,35,35,35,35,39,41,41,41,42,42,42,42,42,45,47,48,48,48,48,50,50,50,50,50],"damage_taken":[{"damage":3,"enemies":"2 Louse","floor":1,"turns":3},{"damage":2,"enemies":"Jaw Worm","floor":2,"turns":3},{"damage":0,"enemies":"Small Slimes","floor":4,"turns":3},{"damage":7,"enemies":"3 Louse","floor":7,"turns":2},{"damage":0,"enemies":"Gremlin Gang","floor":10,"turns":3},{"damage":5,"enemies":"Gremlin Nob","floor":11,"turns":3},{"damage":0,"enemies":"Looter","floor":13,"turns":1},{"damage":1,"enemies":"3 Sentries","floor":14,"turns":5},{"damage":22,"enemies":"Fading Forest","floor":16,"turns":11},{"damage":1,"enemies":"Shell Parasite","floor":18,"turns":5},{"damage":10,"enemies":"Spheric Guardian","floor":19,"turns":3},{"damage":30,"enemies":"Snecko","floor":22,"turns":5},{"damage":14,"enemies":"Slavers","floor":24,"turns":3},{"damage":0,"enemies":"Sentry and Sphere","floor":27,"turns":5},{"damage":0,"enemies":"3 Cultists","floor":30,"turns":4},{"damage":0,"enemies":"Centurion and Healer","floor":31,"turns":6},{"damage":9,"enemies":"Pondfish","floor":33,"turns":13},{"damage":14,"enemies":"3 Darklings","floor":35,"turns":8},{"damage":0,"enemies":"Orb Walker","floor":36,"turns":4},{"damage":7,"enemies":"Jaw Worm Horde","floor":38,"turns":7},{"damage":1,"enemies":"Maw","floor":39,"turns":6},{"damage":19,"enemies":"Reptomancer","floor":41,"turns":8},{"damage":27,"enemies":"infinitespire:Three Voidlings","floor":42,"turns":6},{"damage":7,"enemies":"Nightmare_Alpha","floor":42,"turns":13},{"damage":0,"enemies":"Transient","floor":45,"turns":5},{"damage":7,"enemies":"Sphere and 2 Shapes","floor":47,"turns":6},{"damage":1,"enemies":"Jaw Worm Horde","floor":48,"turns":5},{"damage":1,"enemies":"Replay:Hell Engine","floor":50,"turns":8}],"seed_played":"5076464812947105734","potions_obtained":[{"floor":2,"key":"FearPotion"},{"floor":11,"key":"Regen Potion"},{"floor":13,"key":"ColorlessPotion"},{"floor":14,"key":"Strength Potion"},{"floor":18,"key":"SmokeBomb"},{"floor":27,"key":"Elixir"},{"floor":30,"key":"Block Potion"},{"floor":33,"key":"Swift Potion"},{"floor":38,"key":"Fire Potion"},{"floor":42,"key":"Dexterity Potion"},{"floor":45,"key":"Swift Potion"}],"is_trial":false,"path_per_floor":["M","M","$","M","?","R","M","R","T","M","E","$","M","E","R","B",null,"M","M","AVR","?","M","R","E","R","T","M","T","R","M","M","R","B",null,"M","M","$","M","M","R","E","?","T","?","M","$","M","M","R","B",null],"character_chosen":"THE_CURSED","items_purchased":["TheCursedMod:WearCloak","TheCursedMod:SpitefulPlan+1","TheCursedMod:LuckyCharm","TheCursedMod:Obscuration","TheCursedMod:CircleOfFlame","TheCursedMod:FleshFromBone","TheCursedMod:PinkPellets","Bronze Scales","Bag of Marbles","AttackPotion"],"campfire_rested":3,"item_purchase_floors":[3,3,12,12,12,37,37,46,46,46],"current_hp_per_floor":[72,70,70,70,70,70,63,63,63,63,58,58,58,57,57,60,75,74,64,64,64,34,34,20,42,49,49,49,73,73,73,73,64,82,68,68,68,61,60,60,41,15,15,15,15,15,16,19,43,50],"gold":115,"neow_bonus":"UPGRADE_CARD","is_daily":false,"chose_seed":false,"campfire_upgraded":6,"win_rate":0.0,"timestamp":1611476835,"path_taken":["M","M","$","M","?","R","M","R","T","M","E","$","M","E","R","BOSS","M","M","AVR","?","M","R","E","R","T","M","?","R","M","M","R","BOSS","M","M","$","M","M","R","E","?","T","?","M","$","M","M","R","BOSS"],"items_purchased_type":["Card","Card","Card","Card","Card","Card","Relic","Relic","Relic","Potion"],"build_version":"2020-12-22","purchased_purges":2,"victory":true,"max_hp_per_floor":[75,75,75,75,75,75,75,75,75,75,75,75,75,75,75,75,75,75,75,75,75,75,75,75,75,82,82,82,82,82,82,82,82,82,82,82,82,82,82,82,82,82,82,82,82,82,82,82,82,82],"card_choices":[{"not_picked":["TheCursedMod:FleshFromBone","TheCursedMod:CursedBoomerang"],"picked":"TheCursedMod:CursedBlade","floor":1},{"not_picked":["TheCursedMod:Wield","TheCursedMod:CursedBlade"],"picked":"TheCursedMod:CursedStaff","floor":2},{"not_picked":["TheCursedMod:SmokeScreen","TheCursedMod:FleshFromBone"],"picked":"TheCursedMod:HellsGateOpen","floor":4},{"not_picked":["TheCursedMod:FleshFromBone","TheCursedMod:Neurasthenia"],"picked":"TheCursedMod:CursedStaff","floor":7},{"not_picked":["TheCursedMod:CursedSpellbook","TheCursedMod:Torture"],"picked":"TheCursedMod:Stretching","floor":10},{"not_picked":["TheCursedMod:VitalStrike","TheCursedMod:TacticalStrike","TheCursedMod:CursedBlade"],"picked":"SKIP","floor":11},{"not_picked":["TheCursedMod:VitalStrike","TheCursedMod:CursedAmulet"],"picked":"TheCursedMod:RapidMovement","floor":13},{"not_picked":["TheCursedMod:Obscuration","TheCursedMod:SoulCrush"],"picked":"TheCursedMod:BlessingInDisguise","floor":14},{"not_picked":["TheCursedMod:CollectTribute","TheCursedMod:StunningStrike"],"picked":"TheCursedMod:ManaCirculation","floor":16},{"not_picked":["TheCursedMod:Hemoplague","TheCursedMod:CursedStaff"],"picked":"TheCursedMod:BloodBarrier","floor":18},{"not_picked":["TheCursedMod:Obscuration","TheCursedMod:WearCloak"],"picked":"TheCursedMod:ReleasedKnowledge","floor":19},{"not_picked":["TheCursedMod:TroublousMinions","TheCursedMod:CursedAmulet","TheCursedMod:CursedBoomerang"],"picked":"SKIP","floor":22},{"not_picked":["TheCursedMod:Wield+1","TheCursedMod:CursedSpellbook+1"],"picked":"TheCursedMod:CollectTribute","floor":27},{"not_picked":["TheCursedMod:CursedArmor","TheCursedMod:Mangle"],"picked":"TheCursedMod:CircleOfFocus","floor":30},{"not_picked":["TheCursedMod:BloodBarrier+1","TheCursedMod:FleshFromBone"],"picked":"TheCursedMod:SurpriseAttack","floor":31},{"not_picked":["TheCursedMod:ParallelWorld","TheCursedMod:ShockAndAwe"],"picked":"TheCursedMod:ForbiddenAlchemy","floor":33},{"not_picked":["TheCursedMod:Stigma","TheCursedMod:Torture+1","TheCursedMod:RavingStaff+1"],"picked":"SKIP","floor":35},{"not_picked":["TheCursedMod:Wield+1","TheCursedMod:TacticalStrike+1","TheCursedMod:CursedBlade"],"picked":"SKIP","floor":36},{"not_picked":["TheCursedMod:WearCloak+1","TheCursedMod:CursedAmulet+1"],"picked":"TheCursedMod:SurpriseAttack","floor":38},{"not_picked":["TheCursedMod:SpreadPlague","TheCursedMod:AntiAging","TheCursedMod:CursedSpellbook"],"picked":"SKIP","floor":39},{"not_picked":["TheCursedMod:CursedAmulet","TheCursedMod:CursedSpellbook+1","TheCursedMod:StingEye+1"],"picked":"SKIP","floor":41},{"not_picked":["infinitespire:TheBestDefense","infinitespire:Gouge"],"picked":"infinitespire:SevenWalls","floor":42},{"not_picked":["TheCursedMod:ReleasedStrength+1","TheCursedMod:SoulReap+1"],"picked":"TheCursedMod:LuckyCharm","floor":42},{"not_picked":["TheCursedMod:HellfireBreathing+1","TheCursedMod:AbyssShockwave"],"picked":"TheCursedMod:CircleOfBlood+1","floor":45},{"not_picked":["TheCursedMod:Evocation","TheCursedMod:CircleOfFlame"],"picked":"TheCursedMod:LuckyCharm","floor":47},{"not_picked":["TheCursedMod:AbyssShockwave","TheCursedMod:SpitefulStrike+1","TheCursedMod:BlessingInDisguise+1"],"picked":"SKIP","floor":48}],"player_experience":273964,"relics_obtained":[{"floor":5,"key":"ReplayTheSpireMod:Ring of Collecting"},{"floor":5,"key":"Ring of Panic"},{"floor":9,"key":"ReplayTheSpireMod:Ring of Challenge"},{"floor":9,"key":"Sundial"},{"floor":11,"key":"infinitespire:Satchel"},{"floor":14,"key":"Torii"},{"floor":26,"key":"Ring of Peace"},{"floor":26,"key":"Strawberry"},{"floor":28,"key":"Ancient Tea Set"},{"floor":41,"key":"Juzu Bracelet"},{"floor":42,"key":"Ginger"},{"floor":43,"key":"Smiling Mask"}],"event_choices":[{"cards_removed":["TheCursedMod:Defend_TheCursed"],"damage_healed":0,"gold_gain":0,"player_choice":"Elegance","damage_taken":0,"max_hp_gain":0,"max_hp_loss":0,"event_name":"Back to Basics","floor":21,"gold_loss":0},{"damage_healed":0,"gold_gain":0,"player_choice":"Ignored","damage_taken":0,"max_hp_gain":0,"max_hp_loss":0,"event_name":"Mysterious Sphere","floor":44,"gold_loss":0}],"is_beta":false,"boss_relics":[{"not_picked":["Runic Pyramid","Busted Crown"],"picked":"TheCursedMod:BlackMagicAdvanced"},{"not_picked":["ChewingGum","Tiny House"],"picked":"SlaversCollar"}],"items_purged_floors":[37,46],"is_endless":false,"potions_floor_spawned":[2,11,13,14,18,27,30,33,38,42,42,45],"ascension_level":0}}