{"host":"vucub2jtaeo9vgh1","time":1611458899,"event":{"mods":["BaseMod","BetterRewards","GungeonMod","Minty Spire (QoL Compilation)","Quick Restart","Rare Cards Sparkle","Replay The Spire","StSLib"],"gold_per_floor":[110,130,177,102,112,145,145,170,224,224,265,313,293,304,304,400,400,424,440,464,480,98,131,131,170,170,188,204,204,204,220,220,336,336,357,377,84,109,109,145,145,177,228,286,314,254,321,375,375,390],"floor_reached":51,"language":"ENG","playtime":2325,"items_purged":["DemoMod:Strike_Huntress","DemoMod:Strike_Huntress","DemoMod:CrossBow"],"score":826,"play_id":"e5e47a0b-b9c9-4e2d-9e3d-2b41c2d8270e","local_time":"20210124042819","is_ascension_mode":false,"campfire_choices":[{"data":"DemoMod:FinishedGun","floor":7,"key":"SMITH"},{"data":"DemoMod:TableSutra","floor":10,"key":"SMITH"},{"data":"DemoMod:HungryBullets","floor":15,"key":"SMITH"},{"data":"DemoMod:PotionOfGunFriendShip","floor":24,"key":"SMITH"},{"data":"DemoMod:TableSutra","floor":29,"key":"SMITH"},{"floor":32,"key":"REST"},{"data":"DemoMod:HungryBullets","floor":41,"key":"SMITH"},{"data":"DemoMod:HungryBullets","floor":41,"key":"SMITH"},{"data":"DemoMod:BlankBullets","floor":49,"key":"SMITH"},{"data":"DemoMod:ManualReload","floor":49,"key":"SMITH"}],"circlet_count":0,"master_deck":["DemoMod:Defend_Huntress","DemoMod:Defend_Huntress","DemoMod:Defend_Huntress","DemoMod:Defend_Huntress","DemoMod:Roll","DemoMod:ManualReload+1","DemoMod:RustySidearm","DemoMod:FinishedGun+1","DemoMod:HardPowerCard","DemoMod:TableSutra+1","DemoMod:BattleInHaste","DemoMod:AbyssalTentacle","DemoMod:HungryBullets+1","DemoMod:PotionOfGunFriendShip+1","DemoMod:FullFirepower","DemoMod:ConditionalReflex+1","DemoMod:TableSutra+1","DemoMod:HungryBullets+1","DemoMod:FastSwitch","DemoMod:SuppressiveFire","DemoMod:MachoBrace+1","DemoMod:Unity","DemoMod:AbyssalTentacle","DemoMod:DoubleVision","DemoMod:HungryBullets+1","DemoMod:HungryBullets+1","ReplayTheSpireMod:Splinters","Replay:Hysterical Blindness","DemoMod:BlankBullets+1"],"relics":["DemoMod:Dog","DemoMod:Relodestone","DemoMod:GreenGuonStone","DemoMod:HoleyGrail","DemoMod:JetPack","SlaversCollar","Membership Card","Meat on the Bone","Smiling Mask","DemoMod:MemoryAlloy","Nloth\u0027s Gift","Cursed Key","Singing Bowl","DemoMod:MeatBun","Replay:Arrowhead","Juzu Bracelet","Orichalcum","Replay:Kaleidoscope"],"acts_visited":["Exordium","TheCity","TheBeyond"],"potions_floor_usage":[3,12,16,18,20,23,25,39,40,50],"damage_taken":[{"damage":0,"enemies":"Cultist","floor":1,"turns":2},{"damage":0,"enemies":"2 Louse","floor":2,"turns":2},{"damage":5,"enemies":"Jaw Worm","floor":3,"turns":3},{"damage":0,"enemies":"Looter","floor":5,"turns":1},{"damage":0,"enemies":"Gremlin Nob","floor":6,"turns":2},{"damage":2,"enemies":"3 Sentries","floor":8,"turns":3},{"damage":0,"enemies":"Blue Slaver","floor":11,"turns":1},{"damage":21,"enemies":"Gremlin Nob","floor":12,"turns":4},{"damage":0,"enemies":"Exordium Wildlife","floor":14,"turns":2},{"damage":13,"enemies":"Slime Boss","floor":16,"turns":5},{"damage":0,"enemies":"3 Byrds","floor":18,"turns":4},{"damage":12,"enemies":"Spheric Guardian","floor":19,"turns":6},{"damage":34,"enemies":"Chosen and Byrds","floor":20,"turns":6},{"damage":16,"enemies":"Snake Plant","floor":21,"turns":4},{"damage":0,"enemies":"Slavers","floor":23,"turns":4},{"damage":8,"enemies":"Replay:Snechameleon","floor":25,"turns":4},{"damage":0,"enemies":"Snecko","floor":27,"turns":6},{"damage":0,"enemies":"Centurion and Healer","floor":28,"turns":6},{"damage":9,"enemies":"Snake Plant","floor":31,"turns":5},{"damage":26,"enemies":"Automaton","floor":33,"turns":9},{"damage":2,"enemies":"3 Shapes","floor":35,"turns":4},{"damage":6,"enemies":"Orb Walker","floor":36,"turns":3},{"damage":0,"enemies":"Writhing Mass","floor":39,"turns":1},{"damage":6,"enemies":"Nemesis","floor":40,"turns":5},{"damage":16,"enemies":"4 Shapes","floor":42,"turns":8},{"damage":8,"enemies":"Giant Head","floor":44,"turns":7},{"damage":7,"enemies":"Maw","floor":45,"turns":6},{"damage":0,"enemies":"R_Hoarder","floor":47,"turns":7},{"damage":19,"enemies":"2 Orb Walkers","floor":48,"turns":4},{"damage":21,"enemies":"Replay:Hell Engine","floor":50,"turns":9}],"seed_played":"-4910929345486436408","potions_obtained":[{"floor":2,"key":"ColorlessPotion"},{"floor":3,"key":"Fruit Juice"},{"floor":6,"key":"AttackPotion"},{"floor":8,"key":"Milkshake"},{"floor":13,"key":"AttackPotion"},{"floor":19,"key":"Explosive Potion"},{"floor":20,"key":"Languid Potion"},{"floor":23,"key":"LifebloodPotion"},{"floor":33,"key":"SmokeBomb"},{"floor":35,"key":"SpeedPotion"},{"floor":42,"key":"Strength Potion"},{"floor":48,"key":"BlessingOfTheForge"}],"is_trial":false,"path_per_floor":["M","M","M","$","M","E","R","E","T","R","M","E","?","M","R","B",null,"M","M","M","M","$","E","R","E","T","M","M","R","?","M","R","B",null,"M","M","$","T","M","E","R","M","T","E","M","?","E","?","R","B",null],"character_chosen":"HUNTRESS","items_purchased":["Membership Card","Meat on the Bone","DemoMod:HungryBullets","DemoMod:FastSwitch","Singing Bowl","DemoMod:MeatBun","DemoMod:HungryBullets"],"campfire_rested":1,"item_purchase_floors":[22,22,22,22,37,37,37],"current_hp_per_floor":[49,49,49,49,49,49,49,47,47,47,47,26,26,26,26,19,75,75,63,41,25,25,37,37,47,47,47,47,47,47,38,60,46,75,73,69,75,75,75,71,71,59,59,53,48,48,48,49,49,40],"gold":390,"neow_bonus":"THREE_RARE_CARDS","is_daily":false,"chose_seed":false,"campfire_upgraded":9,"win_rate":0.0,"timestamp":1611458899,"path_taken":["M","M","M","$","M","E","R","E","T","R","M","E","?","?","R","BOSS","M","M","M","M","$","E","R","E","T","M","M","R","?","M","R","BOSS","M","M","$","?","M","E","R","M","T","E","M","?","E","?","R","BOSS"],"items_purchased_type":["Relic","Relic","Card","Card","Relic","Relic","Card"],"build_version":"2020-12-22","purchased_purges":3,"victory":true,"max_hp_per_floor":[70,70,75,75,75,75,75,75,75,75,75,75,75,75,75,75,75,75,75,75,75,75,75,75,75,75,75,75,75,75,75,75,75,75,75,75,75,75,75,77,77,81,81,83,85,85,85,87,87,87],"card_choices":[{"not_picked":["DemoMod:BalloonGun","DemoMod:BSG"],"picked":"DemoMod:FinishedGun","floor":0},{"not_picked":["DemoMod:SAA","DemoMod:ConditionalReflex"],"picked":"DemoMod:HardPowerCard","floor":1},{"not_picked":["DemoMod:FastSwitch","DemoMod:AC15"],"picked":"DemoMod:TableSutra","floor":1},{"not_picked":["DemoMod:Unmoved","DemoMod:FortunesFavor","DemoMod:StickyCrossBow"],"picked":"SKIP","floor":2},{"not_picked":["DemoMod:HuntsMan","DemoMod:Unmoved"],"picked":"DemoMod:BattleInHaste","floor":3},{"not_picked":["DemoMod:BattleInHaste","DemoMod:StickyCrossBow","DemoMod:FastSwitch"],"picked":"SKIP","floor":5},{"not_picked":["DemoMod:SniperShot","DemoMod:PracticeMakesPerfect"],"picked":"DemoMod:AbyssalTentacle","floor":6},{"not_picked":["DemoMod:DoubleSwitch","DemoMod:HardPowerCard"],"picked":"DemoMod:HungryBullets","floor":8},{"not_picked":["DemoMod:FinishedGun","DemoMod:DirectionalPad"],"picked":"DemoMod:PotionOfGunFriendShip","floor":11},{"not_picked":["DemoMod:DirectionalPad","DemoMod:Purify"],"picked":"DemoMod:FullFirepower","floor":12},{"not_picked":["DemoMod:HuntsMan","DemoMod:StickyCrossBow","DemoMod:MachoBrace"],"picked":"SKIP","floor":14},{"not_picked":["DemoMod:LifeOrb","DemoMod:Ejector"],"picked":"DemoMod:Purify+1","floor":18},{"not_picked":["DemoMod:SAA","DemoMod:HuntsMan"],"picked":"DemoMod:ConditionalReflex+1","floor":18},{"not_picked":["DemoMod:AWP","DemoMod:GunstockTap+1","DemoMod:BoxingGlove+1"],"picked":"SKIP","floor":19},{"not_picked":["DemoMod:FastSwitch","DemoMod:Ejector","DemoMod:GunstockTap+1"],"picked":"SKIP","floor":20},{"not_picked":["DemoMod:HardPowerCard","DemoMod:AC15+1"],"picked":"DemoMod:TableSutra","floor":21},{"not_picked":["DemoMod:DoubleSwitch","DemoMod:Unmoved","DemoMod:DirectionalPad"],"picked":"SKIP","floor":21},{"not_picked":["DemoMod:SAA","DemoMod:HighKaliber"],"picked":"DemoMod:SuppressiveFire","floor":23},{"not_picked":["DemoMod:HardPowerCard","DemoMod:GunstockTap"],"picked":"DemoMod:MachoBrace+1","floor":25},{"not_picked":["DemoMod:DoubleSwitch","DemoMod:BattleInHaste"],"picked":"DemoMod:Unity","floor":27},{"not_picked":["DemoMod:SkilledReload","DemoMod:HuntsMan","DemoMod:AC15+1"],"picked":"SKIP","floor":28},{"not_picked":["DemoMod:TeaPot","DemoMod:GunstockTap"],"picked":"DemoMod:AbyssalTentacle","floor":31},{"not_picked":["DemoMod:BlackHoleGun","DemoMod:GunslingerForm"],"picked":"DemoMod:DoubleVision","floor":33},{"not_picked":["DemoMod:DirectionalPad+1","DemoMod:AC15"],"picked":"DemoMod:HungryBullets+1","floor":35},{"not_picked":["DemoMod:JK47","DemoMod:SAA","DemoMod:DirectionalPad"],"picked":"SKIP","floor":36},{"not_picked":["DemoMod:SkilledReload","DemoMod:DoubleVision","DemoMod:ConditionalReflex"],"picked":"Singing Bowl","floor":40},{"not_picked":["DemoMod:FortunesFavor","DemoMod:HungryBullets","DemoMod:FastSwitch+1"],"picked":"Singing Bowl","floor":42},{"not_picked":["DemoMod:HardPowerCard","DemoMod:TripleGun+1","DemoMod:SAA"],"picked":"Singing Bowl","floor":42},{"not_picked":["DemoMod:Polaris+1","DemoMod:SuppressiveFire","DemoMod:BoxingGlove"],"picked":"Singing Bowl","floor":44},{"not_picked":["DemoMod:Elimentaler","DemoMod:DoubleSwitch+1","DemoMod:FastSwitch"],"picked":"Singing Bowl","floor":45},{"not_picked":["DemoMod:LifeOrb","DemoMod:StickyCrossBow+1"],"picked":"DemoMod:BlankBullets","floor":47},{"not_picked":["DemoMod:JK47+1","DemoMod:FortunesFavor+1","DemoMod:HuntsMan"],"picked":"Singing Bowl","floor":48}],"player_experience":293718,"relics_obtained":[{"floor":6,"key":"DemoMod:Relodestone"},{"floor":8,"key":"DemoMod:GreenGuonStone"},{"floor":9,"key":"DemoMod:HoleyGrail"},{"floor":12,"key":"DemoMod:JetPack"},{"floor":23,"key":"Smiling Mask"},{"floor":25,"key":"Blue Candle"},{"floor":26,"key":"DemoMod:MemoryAlloy"},{"floor":40,"key":"Replay:Arrowhead"},{"floor":43,"key":"Juzu Bracelet"},{"floor":47,"key":"Orichalcum"},{"floor":48,"key":"Replay:Kaleidoscope"}],"event_choices":[{"damage_healed":0,"gold_gain":0,"player_choice":"Bought 1 Potion","damage_taken":0,"max_hp_gain":0,"max_hp_loss":0,"event_name":"The Woman in Blue","floor":13,"gold_loss":0},{"damage_healed":0,"gold_gain":0,"player_choice":"Traded Relic","damage_taken":0,"relics_obtained":["Nloth\u0027s Gift"],"max_hp_gain":0,"max_hp_loss":0,"event_name":"N\u0027loth","floor":30,"relics_lost":["Blue Candle"],"gold_loss":0},{"damage_healed":0,"gold_gain":0,"player_choice":"Fight","damage_taken":0,"max_hp_gain":0,"max_hp_loss":0,"event_name":"Mysterious Sphere","floor":48,"gold_loss":0}],"is_beta":false,"boss_relics":[{"not_picked":["Runic Pyramid","Ring of Chaos"],"picked":"SlaversCollar"},{"not_picked":["DemoMod:Test1","Replay:Ancient Bell"],"picked":"Cursed Key"}],"items_purged_floors":[4,22,37],"is_endless":false,"potions_floor_spawned":[2,3,6,8,11,19,20,23,33,35,39,42,48],"ascension_level":0}}