{"host":"fkig9nrckec4xsh0","time":1611454775,"event":{"mods":["Act Like it!","BaseMod","Colored Map","Gensokyo","Hermit","Marisa????????","Minty Spire (QoL Compilation)","Quick Restart","Replay The Spire","StSLib"],"gold_per_floor":[114,130,145,5,5,5,5,5,5,5,5,5,5],"floor_reached":12,"language":"ENG","playtime":595,"items_purged":[],"score":66,"play_id":"7dd2cfee-11ba-4468-88cf-773b2f02b621","local_time":"20210123211935","is_ascension_mode":false,"campfire_choices":[{"data":"Acceleration","floor":6,"key":"SMITH"},{"data":"WitchLeyline","floor":8,"key":"SMITH"},{"data":"MasterSpark","floor":10,"key":"SMITH"}],"circlet_count":0,"master_deck":["Strike_MRS","Strike_MRS","Strike_MRS","Defend_MRS","Defend_MRS+1","Defend_MRS+1","MasterSpark+1","SatelliteIllusion+1","EventHorizon+1","Occultation+1","DarkMatter","Acceleration+1","Gensokyo:RustyChest","Gensokyo:BlemishedSteel","Gensokyo:TrainingManual","Clumsy"],"relics":["MiniHakkero","Velvet Choker","Astrolabe","Gensokyo:PortableGap","Gensokyo:NagashiBinaDoll","War Paint","Gensokyo:YoukaiFlower"],"acts_visited":["Exordium"],"potions_floor_usage":[12],"damage_taken":[{"damage":20,"enemies":"Gensokyo:3_Fairies","floor":1,"turns":5},{"damage":5,"enemies":"Gensokyo:Gryphon","floor":2,"turns":3},{"damage":4,"enemies":"Gensokyo:2_Kodama","floor":3,"turns":3},{"damage":46,"enemies":"Gensokyo:Cirno","floor":12,"turns":6}],"seed_played":"925791498660442620","potions_obtained":[{"floor":1,"key":"Adrenaline Potion"},{"floor":2,"key":"SpeedPotion"}],"is_trial":false,"path_per_floor":["M","M","M","COS","?","R","?","R","T","R","?","E"],"character_chosen":"MARISA","items_purchased":[],"campfire_rested":0,"item_purchase_floors":[],"current_hp_per_floor":[55,50,46,46,46,46,46,46,46,46,46,0,0],"gold":5,"neow_bonus":"DOUBLE_BOSS_RELIC","is_daily":false,"chose_seed":false,"campfire_upgraded":3,"win_rate":0.0,"timestamp":1611454775,"path_taken":["M","?","M","COS","?","R","?","R","T","R","?","E"],"items_purchased_type":[],"build_version":"2020-12-22","purchased_purges":0,"victory":false,"max_hp_per_floor":[75,75,75,75,68,68,65,65,65,65,65,65,65],"card_choices":[{"not_picked":["PulseMagic","MysteriousBeam"],"picked":"DarkMatter","floor":1},{"not_picked":["MilkyWay","DC"],"picked":"WitchLeyline","floor":2},{"not_picked":["NonDirectionalLaser","WitchOfGreed"],"picked":"Acceleration","floor":3}],"player_experience":395844,"relics_obtained":[{"floor":9,"key":"War Paint"}],"event_choices":[],"is_beta":false,"boss_relics":[],"items_purged_floors":[],"is_endless":false,"potions_floor_spawned":[1,2],"killed_by":"Gensokyo:Cirno","ascension_level":0}}