{"host":"gop1q6bv59twswbp","time":1611477049,"event":{"mods":["AlwaysNeverKeys","BaseMod","Downfall","Hermit","Minty Spire (QoL Compilation)","Permanent Neow","Rare Cards Sparkle","StSLib","The Cursed"],"gold_per_floor":[99,118,132,5,17,28,99,115,115,15,33,33,33,53,73,73,73,73],"floor_reached":16,"language":"ENG","playtime":1046,"items_purged":["champ:Strike"],"score":96,"play_id":"43bdeb70-f10d-4aa0-9fd1-b902457aa3aa","local_time":"20210124033049","is_ascension_mode":false,"campfire_choices":[{"data":"champ:Taunt","floor":1.0,"key":"SMITH"},{"data":"champ:BerserkerStyle","floor":10,"key":"SMITH"},{"data":"champ:EndlessRage","floor":13,"key":"SMITH"}],"circlet_count":0,"master_deck":["champ:Strike","champ:Strike","champ:Strike","champ:Defend","champ:Defend","champ:Defend","champ:Defend","champ:Execute","champ:Taunt+1","champ:FanOfKnives","champ:EnGarde","champ:TornadoPunch","champ:StanceDance","champ:BerserkerStyle+1","champ:FaceSlap","champ:BerserkersShout","champ:AdrenalArmor","champ:EndlessRage+1","champ:ShieldSigil"],"relics":["champ:ChampionCrown","Letter Opener","champ:LiftRelic","downfall:HeartBlessingRed"],"acts_visited":["Exordium"],"potions_floor_usage":[8,16],"damage_taken":[{"damage":11.0,"enemies":"Jaw Worm","floor":2.0,"turns":3.0},{"damage":10.0,"enemies":"2 Louse","floor":3.0,"turns":2.0},{"damage":30.0,"enemies":"downfall:FleeingMerchant","floor":4.0,"turns":4.0},{"damage":17.0,"enemies":"Cultist","floor":5.0,"turns":3.0},{"damage":10,"enemies":"Exordium Wildlife","floor":6,"turns":3},{"damage":12,"enemies":"3 Louse","floor":8,"turns":1},{"damage":28,"enemies":"Large Slime","floor":11,"turns":4},{"damage":36,"enemies":"Exordium Thugs","floor":14,"turns":3},{"damage":21,"enemies":"3 Louse","floor":15,"turns":2},{"damage":132,"enemies":"DF_ARCHETYPE_STREAMLINE","floor":16,"turns":9}],"seed_played":"2680794674032317658","potions_obtained":[{"floor":2.0,"key":"DuplicationPotion"},{"floor":5.0,"key":"Strength Potion"},{"floor":6,"key":"SteroidPotion"},{"floor":12,"key":"Swift Potion"},{"floor":12,"key":"Slimebound:ThreeZeroPotion"}],"is_trial":false,"path_per_floor":["R","M","M","$","M","M","T","M","?","R","M","?","R","M","M","B"],"character_chosen":"THE_CHAMP","items_purchased":["champ:BerserkerStyle"],"campfire_rested":0,"item_purchase_floors":[4],"current_hp_per_floor":[90,89,89,89,89,89,89,89,89,89,89,89,89,79,79,0,0,0],"gold":73,"neow_bonus":"THREE_CARDS","is_daily":false,"chose_seed":false,"campfire_upgraded":3,"win_rate":0.0,"timestamp":1611477049,"path_taken":["R","M","M","$","M","M","T","M","?","R","M","?","R","M","M","BOSS"],"items_purchased_type":["Card"],"build_version":"2020-12-22","purchased_purges":1,"victory":false,"max_hp_per_floor":[90,90,90,90,90,90,90,90,90,90,90,90,90,90,90,90,90,90],"card_choices":[{"not_picked":["champ:Shatter","champ:BladeFlurry"],"picked":"champ:FanOfKnives","floor":0.0},{"not_picked":["champ:BladeFlurry","champ:FalseCounter"],"picked":"champ:EnGarde","floor":2.0},{"not_picked":["champ:ShieldSigil","champ:ViciousMockery"],"picked":"champ:TornadoPunch","floor":3.0},{"not_picked":["champ:EnGarde","champ:BladeFlurry"],"picked":"champ:StanceDance","floor":4.0},{"not_picked":["champ:RecklessLeap","champ:FancyFootwork"],"picked":"champ:FaceSlap","floor":5.0},{"not_picked":["champ:FalseCounter","champ:DefensiveShout"],"picked":"champ:BerserkersShout","floor":6},{"not_picked":["champ:StanceDance","champ:ShieldThrow"],"picked":"champ:AdrenalArmor","floor":8},{"not_picked":["champ:GutPunch","champ:Haymaker"],"picked":"champ:EndlessRage","floor":11},{"not_picked":["champ:TornadoPunch","champ:IronFortress"],"picked":"champ:ShieldSigil","floor":14},{"not_picked":["champ:FocusedDefense","champ:TornadoPunch","champ:RapidStrikes"],"picked":"SKIP","floor":15}],"player_experience":835505,"relics_obtained":[{"floor":7,"key":"Letter Opener"}],"event_choices":[{"damage_healed":0,"gold_gain":0,"player_choice":"Got Potions","damage_taken":0,"max_hp_gain":0,"max_hp_loss":0,"event_name":"Lab","floor":12,"gold_loss":0}],"is_beta":false,"boss_relics":[],"items_purged_floors":[4],"is_endless":false,"potions_floor_spawned":[2,5,6,15],"killed_by":"DF_ARCHETYPE_STREAMLINE","ascension_level":0}}