{"host":"yq2wmfr0u0wuvxc0","time":1611479967,"event":{"mods":["Act Like it!","BaseMod","Curses Come First","Downfall","Friendly Minions","Gensokyo","Hero for Fun","Hubris","Minty Spire (QoL Compilation)","RumiaBox-????????","Shop Mod","StSLib","vexMod"],"gold_per_floor":[18,18,18,36,36,63,75,86,86,96,96,124,124,138,138,237,237,249,249,264,40,57,87,87,99,99,129,129,163,163,63,63,163,163,180,200,300,351,351,351,376,376,394,269,310,160,160,140,140,248,248,248,73,91,91],"floor_reached":56,"language":"ZHS","playtime":965,"items_purged":["Defend_Y","Hip_Strike","Doubt","downfall:Malfunctioning","Decay"],"score":1773,"play_id":"55b6a09a-3f36-4679-939e-767241b8fdcb","local_time":"20210124011927","is_ascension_mode":false,"campfire_choices":[{"data":"Consecutive_Normal_Punch","floor":11,"key":"SMITH"},{"data":"hubris:DuctTapeCard","floor":13,"key":"SMITH"},{"floor":15,"key":"DIG"},{"floor":24,"key":"RECALL"},{"data":"Get_Hopes_Up","floor":32,"key":"SMITH"},{"floor":40,"key":"DIG"},{"floor":42,"key":"DIG"},{"floor":49,"key":"DIG"},{"floor":52,"key":"DIG"}],"circlet_count":0,"master_deck":["Consecutive_Normal_Punch+1","Hop+1","hubris:DuctTapeCard+2","Yawn+1","Serious_Punch+1","Do_Nothing+1","Terrifying_Presence+1","Side_Hop+1","Hip_Strike+1","Hip_Strike+1","Serious_Punch+1","Hip_Strike+1","Hip_Strike+1","Hip_Strike+1","Get_Hopes_Up+1","Serious_Side_Hops+1","Terrifying_Presence+1","Get_Hopes_Up+1","downfall:Bewildered","Terrifying_Presence+1","Do_Nothing+1","downfall:Icky","Yawn+1","Normal_Punch","Hip_Strike+1"],"relics":["Cape","NeowsBlessing","hubris:Towel","Shovel","hubris:DuctTape","MagicDraw4","PlanX","vexMod:NewClearReactor","Baka2","hubris:CrystalStatue","Gremlin Horn","Centennial Puzzle","SumBook","vexMod:TanglingVine","downfall:ExtraCursedKey","hubris:AstralHammer","Mark of the Bloom","CeramicFish","Akabeko","Toy Ornithopter","White Beast Statue","ZombieArmy","War Paint","Kunai","Bag of Marbles"],"acts_visited":["Exordium","TheCity","TheBeyond","TheEnding"],"potions_floor_usage":[55],"damage_taken":[{"damage":0,"enemies":"2 Louse","floor":1,"turns":1},{"damage":0,"enemies":"Cultist","floor":4,"turns":1},{"damage":0,"enemies":"Gremlin Nob","floor":6,"turns":1},{"damage":0,"enemies":"Jaw Worm","floor":7,"turns":1},{"damage":0,"enemies":"3 Louse","floor":8,"turns":2},{"damage":0,"enemies":"Large Slime","floor":10,"turns":1},{"damage":0,"enemies":"Lagavulin","floor":12,"turns":1},{"damage":0,"enemies":"Looter","floor":14,"turns":1},{"damage":0,"enemies":"The Guardian","floor":16,"turns":1},{"damage":0,"enemies":"3 Byrds","floor":18,"turns":2},{"damage":0,"enemies":"2 Thieves","floor":20,"turns":1},{"damage":0,"enemies":"3 Cultists","floor":22,"turns":2},{"damage":0,"enemies":"Gremlin Leader","floor":23,"turns":1},{"damage":0,"enemies":"Centurion and Healer","floor":25,"turns":1},{"damage":0,"enemies":"Slavers","floor":27,"turns":1},{"damage":0,"enemies":"Book of Stabbing","floor":29,"turns":2},{"damage":0,"enemies":"Champ","floor":33,"turns":1},{"damage":0,"enemies":"3 Darklings","floor":35,"turns":1},{"damage":0,"enemies":"Orb Walker","floor":36,"turns":1},{"damage":0,"enemies":"2 Orb Walkers","floor":38,"turns":1},{"damage":0,"enemies":"Reptomancer","floor":41,"turns":1},{"damage":0,"enemies":"Giant Head","floor":45,"turns":1},{"damage":0,"enemies":"Spire Growth","floor":47,"turns":1},{"damage":0,"enemies":"4 Shapes","floor":48,"turns":4},{"damage":0,"enemies":"Donu and Deca","floor":50,"turns":2},{"damage":0,"enemies":"Shield and Spear","floor":54,"turns":2},{"damage":0,"enemies":"The Heart","floor":55,"turns":1}],"seed_played":"8271564811751332869","potions_obtained":[{"floor":1,"key":"SmokeBomb"},{"floor":2,"key":"FearPotion"},{"floor":2,"key":"PowerPotion"},{"floor":48,"key":"GamblersBrew"}],"is_trial":false,"path_per_floor":["M","?","$","M","?","E","M","M","T","M","R","E","R","M","R","B",null,"M","?","M","$","M","E","R","M","T","E","?","E","T","$","R","B",null,"M","M","?","?","?","R","E","R","T","$","E","$","M","M","R","B",null,"R","$","E","B",null],"character_chosen":"OPM","items_purchased":["Terrifying_Presence"],"campfire_rested":0,"item_purchase_floors":[21],"current_hp_per_floor":[999,999,999,999,999,999,999,999,999,1002,1002,1002,1002,1002,1002,1002,1002,1002,1002,1002,1002,1002,1002,1002,1002,1002,1002,1002,1002,1002,1002,1002,1002,1002,1002,1002,1007,1007,1007,1007,1007,1007,1007,1007,1007,1007,1007,1007,1007,1007,1007,1007,1007,1007,1007],"gold":91,"neow_bonus":"THREE_ENEMY_KILL","is_daily":false,"chose_seed":false,"campfire_upgraded":3,"win_rate":0.0,"timestamp":1611479967,"path_taken":["M","?","?","M","?","E","M","M","T","M","R","E","R","M","R","BOSS","M","?","M","$","M","E","R","M","T","E","?","E","?","$","R","BOSS","M","M","?","?","?","R","E","R","T","$","E","?","M","?","R","BOSS","R","$","E","BOSS"],"items_purchased_type":["Card"],"build_version":"2020-12-22","purchased_purges":5,"victory":true,"max_hp_per_floor":[999,999,999,999,999,999,999,999,999,1002,1002,1002,1002,1002,1002,1002,1002,1002,1002,1002,1002,1002,1002,1002,1002,1002,1002,1002,1002,1002,1002,1002,1002,1002,1002,1002,1007,1007,1007,1007,1007,1007,1007,1007,1007,1007,1007,1007,1007,1007,1007,1007,1007,1007,1007],"card_choices":[{"not_picked":["Normal_Punch","Wear_Disguise"],"picked":"Consecutive_Normal_Punch","floor":1},{"not_picked":["Side_Hop","Slap"],"picked":"Wear_Disguise","floor":4},{"not_picked":["Consecutive_Normal_Punch","Wear_Disguise"],"picked":"Ignore","floor":6},{"not_picked":["Ignore","Wear_Disguise"],"picked":"Hop","floor":7},{"not_picked":["Ignore","Wear_Disguise"],"picked":"Normal_Punch","floor":8},{"not_picked":["Ignore","Normal_Punch"],"picked":"Yawn","floor":10},{"not_picked":["Side_Hop","Yawn","Do_Nothing"],"picked":"SKIP","floor":12},{"not_picked":["Toss_Stone","Slap","Normal_Punch"],"picked":"SKIP","floor":14},{"not_picked":["Oh","Get_Hopes_Up"],"picked":"Serious_Punch","floor":16},{"not_picked":["Ignore","Hop+1","Side_Hop"],"picked":"SKIP","floor":18},{"not_picked":["Consecutive_Normal_Punch","Toss_Stone+1"],"picked":"Do_Nothing+1","floor":20},{"not_picked":["Do_Nothing","Ignore"],"picked":"Side_Hop+1","floor":22},{"not_picked":["Slap","Ignore","Yawn"],"picked":"SKIP","floor":23},{"not_picked":["Slap+1","Yawn"],"picked":"Hip_Strike","floor":25},{"not_picked":["Yawn","Side_Hop","Hop"],"picked":"SKIP","floor":27},{"not_picked":["Terrifying_Presence","Wear_Disguise","Yawn"],"picked":"SKIP","floor":29},{"not_picked":["Serious_Side_Hops","Terrifying_Presence"],"picked":"Get_Hopes_Up","floor":33},{"not_picked":["Toss_Stone","Yawn","Slap+1"],"picked":"SKIP","floor":35},{"not_picked":["Ignore","Normal_Punch+1","Hop+1"],"picked":"SKIP","floor":36},{"not_picked":["Side_Hop","Slap+1"],"picked":"Do_Nothing+1","floor":38},{"not_picked":["Consecutive_Normal_Punch+1","Ignore","Normal_Punch"],"picked":"SKIP","floor":41},{"not_picked":["Consecutive_Normal_Punch+1","Do_Nothing"],"picked":"Yawn","floor":45},{"not_picked":["Yawn+1","Consecutive_Normal_Punch","Side_Hop+1"],"picked":"SKIP","floor":47},{"not_picked":["Yawn+1","Ignore"],"picked":"Normal_Punch","floor":48},{"not_picked":["Hop+1","Get_Hopes_Up","Side_Hop+1"],"picked":"SKIP","floor":54}],"player_experience":232313,"relics_obtained":[{"floor":1,"key":"Baka"},{"floor":6,"key":"Shovel"},{"floor":9,"key":"hubris:DuctTape"},{"floor":12,"key":"MagicDraw4"},{"floor":15,"key":"PlanX"},{"floor":18,"key":"Baka2"},{"floor":23,"key":"hubris:CrystalStatue"},{"floor":27,"key":"Gremlin Horn"},{"floor":29,"key":"Centennial Puzzle"},{"floor":30,"key":"SumBook"},{"floor":38,"key":"hubris:AstralHammer"},{"floor":40,"key":"CeramicFish"},{"floor":41,"key":"Akabeko"},{"floor":42,"key":"Toy Ornithopter"},{"floor":43,"key":"White Beast Statue"},{"floor":45,"key":"ZombieArmy"},{"floor":49,"key":"War Paint"},{"floor":52,"key":"Kunai"},{"floor":54,"key":"Bag of Marbles"}],"event_choices":[{"damage_healed":0,"gold_gain":0,"player_choice":"Got Potions","damage_taken":0,"max_hp_gain":0,"max_hp_loss":0,"event_name":"Lab","floor":2,"gold_loss":0},{"damage_healed":0,"gold_gain":0,"player_choice":"Ignored","damage_taken":0,"max_hp_gain":0,"max_hp_loss":0,"event_name":"Ghosts","floor":28,"gold_loss":0},{"damage_healed":0,"gold_gain":0,"player_choice":"Fight","damage_taken":0,"max_hp_gain":0,"max_hp_loss":0,"event_name":"Mysterious Sphere","floor":38,"gold_loss":0},{"damage_healed":0,"gold_gain":0,"player_choice":"Upgrade","damage_taken":0,"relics_obtained":["Mark of the Bloom"],"max_hp_gain":0,"max_hp_loss":0,"event_name":"MindBloom","floor":39,"gold_loss":0,"cards_upgraded":["Hop","Yawn","Serious_Punch","Terrifying_Presence","Hip_Strike","Hip_Strike","Serious_Punch","Hip_Strike","Hip_Strike","Hip_Strike","Serious_Side_Hops","Terrifying_Presence","Get_Hopes_Up","Terrifying_Presence"]}],"is_beta":false,"boss_relics":[{"not_picked":["vexMod:BigBerry","hubris:CrackedHourglass"],"picked":"vexMod:NewClearReactor"},{"not_picked":["hubris:VirtuousBlindfold","Velvet Choker"],"picked":"vexMod:TanglingVine"}],"items_purged_floors":[21,31,44,46,53],"is_endless":false,"potions_floor_spawned":[1,8,10,14,22,23,27,33,35,38,45,47,48,54],"ascension_level":0}}