{"host":"3myjev3vgyev1bh2","time":1611455223,"event":{"mods":["BaseMod","Better Third Choice","Block Reminder","Ekko","Fireblade Mod","Hermit","Luminous","Minty Spire (QoL Compilation)","Quick Restart","RNG Fix","Rare Cards Sparkle","Relic Stats","Replay The Spire","Spicy Shops","StSLib","The Necromancer","The Servant 0.9.4","TheSwordswoman"],"gold_per_floor":[116,135,147,164,183,212,25,25,25,69,96,108,140,152,164,272,284,312,324,366,17,17,17,47,47,47,57,73,84,102,114,114,211,211,229,243,256,274,274,300,315,331,331,331,346,346,378,394,394,394],"floor_reached":51,"language":"ENG","playtime":5788,"items_purged":["Strike_G"],"score":747,"play_id":"e6b8a73c-4cc7-4abc-9d89-ef20df8702cb","local_time":"20210123212703","is_ascension_mode":false,"campfire_choices":[{"floor":8.0,"key":"REST"},{"floor":15.0,"key":"REST"},{"data":"Apotheosis","floor":23.0,"key":"SMITH"},{"data":"Prepared","floor":25.0,"key":"SMITH"},{"data":"Malaise","floor":32.0,"key":"SMITH"},{"floor":46.0,"key":"REST"},{"data":"Calculated Gamble","floor":49.0,"key":"SMITH"}],"circlet_count":0,"master_deck":["Strike_G","Strike_G","Strike_G","Strike_G","Defend_G","Defend_G","Defend_G","Survivor","Neutralize+1","Sucker Punch","Deadly Poison","Dash","Backflip","Sucker Punch+1","Deadly Poison","Poisoned Stab","Dagger Throw","Dagger Throw","ReplayTheSpireMod:Scrap Shanks","Prepared+1","Noxious Fumes","Poisoned Stab","Sucker Punch","Phantasmal Killer","Acrobatics+1","Ghostly","Ghostly","Ghostly","Ghostly","Ghostly","Blade Dance+1","Malaise+1","Noxious Fumes+1","Apotheosis+1","ReplayTheSpireMod:The Works+1","Expertise+1","Reflex","Distraction","PiercingWail+1","ReplayTheSpireMod:Necrosis","Outmaneuver+1","Tactician+1","Parasite","Poisoned Stab+1","PiercingWail+1","Deflect+1","Calculated Gamble+1","Dodge and Roll+1"],"relics":["Ring of the Snake","HornCleat","MawBank","ReplayTheSpireMod:Lightbulb","Black Star","Torii","Membership Card","TwistedFunnel","Mummified Hand","Snack Pack","Paper Crane","HoveringKite","Bag of Marbles","TungstenRod","Ornamental Fan","ReplayTheSpireMod:TigerMarble","Dream Catcher","Whetstone"],"acts_visited":["Exordium","TheCity","TheBeyond"],"potions_floor_usage":[50],"damage_taken":[{"damage":5.0,"enemies":"Small Slimes","floor":1.0,"turns":3.0},{"damage":2.0,"enemies":"2 Louse","floor":2.0,"turns":3.0},{"damage":1.0,"enemies":"Jaw Worm","floor":3.0,"turns":3.0},{"damage":9.0,"enemies":"2 Fungi Beasts","floor":4.0,"turns":4.0},{"damage":4.0,"enemies":"3 Louse","floor":5.0,"turns":4.0},{"damage":21.0,"enemies":"3 Sentries","floor":6.0,"turns":12.0},{"damage":6.0,"enemies":"Gremlin Nob","floor":10.0,"turns":4.0},{"damage":10.0,"enemies":"Looter","floor":11.0,"turns":3.0},{"damage":0.0,"enemies":"Large Slime","floor":13.0,"turns":5.0},{"damage":25.0,"enemies":"Slime Boss","floor":16.0,"turns":12.0},{"damage":3.0,"enemies":"Chosen","floor":18.0,"turns":5.0},{"damage":7.0,"enemies":"Book of Stabbing","floor":24.0,"turns":5.0},{"damage":0.0,"enemies":"Spheric Guardian","floor":27.0,"turns":2.0},{"damage":1.0,"enemies":"Snecko","floor":28.0,"turns":5.0},{"damage":0.0,"enemies":"Cultist and Chosen","floor":29.0,"turns":4.0},{"damage":2.0,"enemies":"Centurion and Healer","floor":30.0,"turns":4.0},{"damage":3.0,"enemies":"Snake Plant","floor":31.0,"turns":5.0},{"damage":16.0,"enemies":"Collector","floor":33.0,"turns":11.0},{"damage":3.0,"enemies":"Orb Walker","floor":35.0,"turns":5.0},{"damage":4.0,"enemies":"3 Darklings","floor":36.0,"turns":7.0},{"damage":10.0,"enemies":"Writhing Mass","floor":37.0,"turns":7.0},{"damage":0.0,"enemies":"Maw","floor":38.0,"turns":6.0},{"damage":7.0,"enemies":"Nemesis","floor":40.0,"turns":7.0},{"damage":0.0,"enemies":"Jaw Worm Horde","floor":41.0,"turns":5.0},{"damage":21.0,"enemies":"Spire Growth","floor":42.0,"turns":6.0},{"damage":6.0,"enemies":"4 Shapes","floor":45.0,"turns":6.0},{"damage":6.0,"enemies":"Reptomancer","floor":47.0,"turns":6.0},{"damage":0.0,"enemies":"Maw","floor":48.0,"turns":7.0},{"damage":8,"enemies":"Awakened One","floor":50,"turns":14}],"seed_played":"6760188380406381997","potions_obtained":[{"floor":1.0,"key":"SpeedPotion"},{"floor":6.0,"key":"Energy Potion"},{"floor":11.0,"key":"SteroidPotion"},{"floor":13.0,"key":"DuplicationPotion"},{"floor":24.0,"key":"Poison Potion"},{"floor":29.0,"key":"Block Potion"},{"floor":31.0,"key":"Strength Potion"},{"floor":33.0,"key":"DistilledChaos"},{"floor":41.0,"key":"BlessingOfTheForge"}],"is_trial":false,"path_per_floor":["M","M","M","M","M","E","$","R","T","E","M","?","M","?","R","B",null,"M","?","?","$","?","R","E","R","T","M","M","M","M","M","R","B",null,"M","M","M","M","?","E","M","M","T","T","M","R","E","M","R","B",null],"character_chosen":"THE_SILENT","items_purchased":["Dagger Throw","ReplayTheSpireMod:Scrap Shanks","Prepared","Membership Card","TwistedFunnel","Malaise","Noxious Fumes+1"],"campfire_rested":3,"item_purchase_floors":[7,7,7,21,21,21,21],"current_hp_per_floor":[65,63,62,53,49,28,28,49,49,43,33,33,33,33,54,29,70,67,35,35,35,35,35,28,28,28,28,31,35,35,34,34,22,35,34,33,27,33,33,31,33,16,16,16,14,24,26,35,35,35],"gold":394,"neow_bonus":"THREE_CARDS","is_daily":false,"chose_seed":false,"campfire_upgraded":4,"win_rate":0.0,"timestamp":1611455223,"path_taken":["M","M","M","M","M","E","$","R","T","E","M","?","M","?","R","BOSS","M","?","?","$","?","R","E","R","T","M","M","M","M","?","R","BOSS","M","M","M","M","?","E","?","M","T","?","M","R","E","M","R","BOSS"],"items_purchased_type":["Card","Card","Card","Relic","Relic","Card","Card"],"build_version":"2020-12-22","purchased_purges":1,"victory":true,"max_hp_per_floor":[70,70,70,70,70,70,70,70,70,70,70,70,70,70,70,70,70,70,35,35,35,35,35,35,35,35,35,35,35,35,35,35,35,35,35,35,35,35,35,35,35,35,35,35,35,35,35,35,35,35],"relic_stats":{"Dream Catcher":0,"Torii":44,"counters":[29,170],"Mummified Hand":[28],"Ornamental Fan":[80],"HoveringKite":[39],"Black Star":3,"Whetstone":["Neutralize","Sucker Punch"],"MawBank":144,"obtain_stats":[{"TwistedFunnel":21,"Torii":20,"HoveringKite":34,"Whetstone":47,"Paper Crane":26,"MawBank":9,"Dream Catcher":47,"HornCleat":6,"Mummified Hand":24,"Ornamental Fan":43,"Black Star":17,"Snack Pack":24,"Bag of Marbles":40,"ReplayTheSpireMod:TigerMarble":44,"Membership Card":21,"ReplayTheSpireMod:Lightbulb":10,"TungstenRod":40,"Ring of the Snake":0},{"TwistedFunnel":11,"Torii":11,"HoveringKite":18,"Whetstone":27,"Paper Crane":12,"MawBank":6,"Dream Catcher":27,"HornCleat":6,"Mummified Hand":12,"Ornamental Fan":25,"Black Star":10,"Snack Pack":12,"Bag of Marbles":23,"ReplayTheSpireMod:TigerMarble":25,"Membership Card":11,"ReplayTheSpireMod:Lightbulb":7,"TungstenRod":23,"Ring of the Snake":0},{"TwistedFunnel":58,"Torii":58,"HoveringKite":94,"Whetstone":149,"Paper Crane":63,"MawBank":29,"Dream Catcher":149,"HornCleat":29,"Mummified Hand":63,"Ornamental Fan":137,"Black Star":53,"Snack Pack":63,"Bag of Marbles":126,"ReplayTheSpireMod:TigerMarble":137,"Membership Card":58,"ReplayTheSpireMod:Lightbulb":33,"TungstenRod":126,"Ring of the Snake":0}],"TungstenRod":27,"Ring of the Snake":[58]},"card_choices":[{"not_picked":["Masterful Stab","Hidden Blade"],"picked":"Sucker Punch","floor":0.0},{"not_picked":["ReplayTheSpireMod:Shiv Toss","Dodge and Roll"],"picked":"Deadly Poison","floor":1.0},{"not_picked":["Terror","Dodge and Roll"],"picked":"Dash","floor":2.0},{"not_picked":["Deadly Poison","Backstab"],"picked":"Backflip","floor":3.0},{"not_picked":["Die Die Die","Expertise"],"picked":"Sucker Punch","floor":4.0},{"not_picked":["Prepared","Expertise"],"picked":"Deadly Poison","floor":5.0},{"not_picked":["Dagger Spray","Draining Mist"],"picked":"Poisoned Stab","floor":6.0},{"not_picked":["Dagger Spray","Flying Knee"],"picked":"Noxious Fumes","floor":10.0},{"not_picked":["Sucker Punch","Outmaneuver"],"picked":"Poisoned Stab","floor":11.0},{"not_picked":["Deadly Poison","Toxin Wave"],"picked":"Sucker Punch","floor":13.0},{"not_picked":["Glass Knife","Die Die Die"],"picked":"Phantasmal Killer","floor":16.0},{"not_picked":["ReplayTheSpireMod:Shiv Toss","PiercingWail+1"],"picked":"Acrobatics+1","floor":18.0},{"not_picked":["Choke","Dagger Spray"],"picked":"Blade Dance+1","floor":20.0},{"not_picked":["Masterful Stab","Atom Bomb"],"picked":"ReplayTheSpireMod:The Works+1","floor":24.0},{"not_picked":["Slice","Deadly Poison"],"picked":"Expertise+1","floor":27.0},{"not_picked":["Hidden Blade","Fluid Movement"],"picked":"Reflex","floor":28.0},{"not_picked":["Blade Dance","Backflip","Deadly Poison"],"picked":"SKIP","floor":29.0},{"not_picked":["Footwork+1","Dodge and Roll+1"],"picked":"Distraction","floor":30.0},{"not_picked":["Deadly Poison","Sneak Up+1"],"picked":"PiercingWail+1","floor":31.0},{"not_picked":["Unload","Poison Darts"],"picked":"ReplayTheSpireMod:Necrosis","floor":33.0},{"not_picked":["Slice","Reflex+1"],"picked":"Outmaneuver+1","floor":35.0},{"not_picked":["Distraction+1","Deflect"],"picked":"Tactician+1","floor":36.0},{"not_picked":["Riddle With Holes","Dagger Spray","Underhanded Strike+1"],"picked":"SKIP","floor":37.0},{"not_picked":["Noxious Fumes","ReplayTheSpireMod:Scrap Shanks+1"],"picked":"Poisoned Stab+1","floor":38.0},{"not_picked":["Toxin Wave","Outmaneuver+1","Flechettes"],"picked":"SKIP","floor":40.0},{"not_picked":["Sneak Up","Toxin Wave+1"],"picked":"PiercingWail+1","floor":41.0},{"not_picked":["Flying Knee+1","Heel Hook","Backflip"],"picked":"SKIP","floor":42.0},{"not_picked":["Choke+1","Expertise"],"picked":"Deflect+1","floor":45.0},{"not_picked":["ReplayTheSpireMod:Necrosis","Replay:Bag of Tricks"],"picked":"Calculated Gamble","floor":47.0},{"not_picked":["Finisher","Blade Dance+1"],"picked":"Dodge and Roll+1","floor":48.0}],"player_experience":74462,"relics_obtained":[{"floor":6.0,"key":"HornCleat"},{"floor":9.0,"key":"MawBank"},{"floor":10.0,"key":"ReplayTheSpireMod:Lightbulb"},{"floor":20.0,"key":"Torii"},{"floor":24.0,"key":"Mummified Hand"},{"floor":24.0,"key":"Snack Pack"},{"floor":26.0,"key":"Paper Crane"},{"floor":40.0,"key":"Bag of Marbles"},{"floor":40.0,"key":"TungstenRod"},{"floor":43.0,"key":"Ornamental Fan"},{"floor":44.0,"key":"ReplayTheSpireMod:TigerMarble"},{"floor":47.0,"key":"Dream Catcher"},{"floor":47.0,"key":"Whetstone"}],"event_choices":[{"damage_healed":0.0,"max_hp_gain":0.0,"max_hp_loss":0.0,"gold_gain":0.0,"event_name":"Golden Idol","player_choice":"Ignored","floor":12.0,"gold_loss":0.0,"damage_taken":0.0},{"cards_removed":["Defend_G"],"damage_healed":0.0,"max_hp_gain":0.0,"max_hp_loss":0.0,"gold_gain":0.0,"event_name":"Wheel of Change","player_choice":"Card Removal","floor":14.0,"gold_loss":0.0,"damage_taken":0.0},{"damage_healed":0.0,"max_hp_gain":0.0,"max_hp_loss":35.0,"gold_gain":0.0,"event_name":"Ghosts","player_choice":"Became a Ghost","floor":19.0,"gold_loss":0.0,"damage_taken":0.0,"cards_obtained":["Ghostly","Ghostly","Ghostly","Ghostly","Ghostly"]}],"is_beta":false,"boss_relics":[{"not_picked":["ChewingGum","Ectoplasm"],"picked":"Black Star"},{"not_picked":["Kintsugi","Painkiller Herb"],"picked":"HoveringKite"}],"items_purged_floors":[21],"is_endless":false,"potions_floor_spawned":[1,6,11,13,24,29,31,33,35,37,41],"ascension_level":0}}