{"host":"o9ks9zgjwk1fcyk2","time":1611509956,"event":{"mods":["A Magickal Journey","AchievementEnabler","Aspiration","BaseMod","BetterRewards","Colored Map","Colored Powertips","Conspire","DeckTracker","Downfall","Friendly Minions","GifTheSpireLib","Halation","Highlight Path","Hubris","Infinite Spire","Ironclad Rager","Minty Spire (QoL Compilation)","Permanent Neow","Quarter Circle Forward PUNCH!","Quick Restart","READ ME - Guardian Mod","Relic Sorter","Replay The Spire","StSLib","Stuff the Spire","The Alterego","The Construct","The Cursed","The Disciple","The Forsaken","The Jungle","The Marked","The Mystic","vexMod"],"gold_per_floor":[114,114,129,51,51,51,69,69,82,82,82,82,105,125,125,125,125,220,220,237,254,268,268,286,303,303,44,67,67,67,67,67,67],"floor_reached":32,"language":"ENG","playtime":1352,"items_purged":[],"score":230,"play_id":"4bf59aee-8f42-4e09-b230-6e6e6878345f","local_time":"20210124173916","is_ascension_mode":false,"campfire_choices":[{"data":"alterego_mod:Impale","floor":8,"key":"SMITH"},{"data":"alterego_mod:Defend","floor":10,"key":"SMITH"},{"data":"alterego_mod:Defend","floor":12,"key":"SMITH"},{"data":"ReplayTheSpireMod:Echoes of Time","floor":17,"key":"SMITH"},{"data":"alterego_mod:Palingenesis","floor":26,"key":"SMITH"},{"data":"alterego_mod:Palingenesis+1","floor":29,"key":"SMITH"},{"data":"alterego_mod:Palingenesis+2","floor":31,"key":"SMITH"}],"circlet_count":0,"master_deck":["alterego_mod:Strike","alterego_mod:Strike","alterego_mod:Strike","alterego_mod:Strike","alterego_mod:Defend+1","alterego_mod:Defend+1","alterego_mod:Defend","alterego_mod:Impale+1","alterego_mod:BrynhildrsRune","alterego_mod:Rake","alterego_mod:SakuraFive","ReplayTheSpireMod:Echoes of Time+1","alterego_mod:Nekomimi+1","alterego_mod:Palingenesis+3","Decay"],"relics":["alterego_mod:MasochisticConstitution","hubris:Icosahedron","Pen Nib","construct:ClawGrip","hubris:TinFlute","StuffTheSpire:Gunfinga"],"acts_visited":["Exordium","TheCity"],"potions_floor_usage":[32],"damage_taken":[{"damage":4,"enemies":"conspire:RoseBush","floor":1,"turns":4},{"damage":13,"enemies":"Cultist","floor":3,"turns":4},{"damage":0,"enemies":"2 Louse","floor":7,"turns":3},{"damage":2,"enemies":"2 Fungi Beasts","floor":9,"turns":2},{"damage":7,"enemies":"Large Slime","floor":14,"turns":8},{"damage":42,"enemies":"Fading Forest","floor":18,"turns":12},{"damage":3,"enemies":"Spheric Guardian","floor":20,"turns":3},{"damage":17,"enemies":"Chosen","floor":21,"turns":5},{"damage":14,"enemies":"Snecko","floor":22,"turns":6},{"damage":30,"enemies":"3 Cultists","floor":24,"turns":6},{"damage":19,"enemies":"conspire:HollyBat","floor":25,"turns":8},{"damage":20,"enemies":"Snake Plant","floor":32,"turns":2}],"seed_played":"-7034694875299455211","potions_obtained":[{"floor":3,"key":"Milkshake"},{"floor":9,"key":"ColorlessPotion"},{"floor":14,"key":"FearPotion"},{"floor":22,"key":"Dexterity Potion"}],"is_trial":false,"path_per_floor":["M","?","M","$","PTL","PTL","M","R","M","R","T","R","T","M","?","?","R","B",null,"M","M","M","?","M","M","R","$","T","R","?","R","M"],"character_chosen":"The_Alterego","items_purchased":["alterego_mod:Rake","hubris:TinFlute"],"campfire_rested":0,"item_purchase_floors":[4,27],"current_hp_per_floor":[71,71,66,66,66,66,72,72,71,71,71,71,71,65,65,47,47,30,75,73,57,51,51,29,18,18,18,18,18,18,18,0,0],"gold":67,"neow_bonus":"REMOVE_CARD","is_daily":false,"chose_seed":false,"campfire_upgraded":7,"win_rate":0.0,"timestamp":1611509956,"path_taken":["M","?","?","$","PTL","PTL","M","R","M","R","T","R","?","M","?","?","R","BOSS","M","M","M","?","M","M","R","$","T","R","?","R","?"],"items_purchased_type":["Card","Relic"],"build_version":"2020-12-22","purchased_purges":0,"victory":false,"max_hp_per_floor":[71,71,72,72,72,72,72,72,73,73,73,73,73,74,74,74,74,75,75,76,77,78,78,79,80,80,80,80,80,80,80,80,80],"card_choices":[{"not_picked":["alterego_mod:Rip","alterego_mod:Skirt","alterego_mod:Cycle"],"picked":"SKIP","floor":1},{"not_picked":["alterego_mod:Complex","alterego_mod:ChallengeComplete","alterego_mod:DeftHands"],"picked":"SKIP","floor":3},{"not_picked":["alterego_mod:DeftHands","alterego_mod:Cooking"],"picked":"alterego_mod:SakuraFive","floor":7},{"not_picked":["alterego_mod:IdEs","alterego_mod:PresenceConcealment","alterego_mod:PerceptionDisorder"],"picked":"SKIP","floor":9},{"not_picked":["alterego_mod:1TonWallop","alterego_mod:Rip","alterego_mod:ChallengeComplete"],"picked":"SKIP","floor":14},{"not_picked":["ReplayTheSpireMod:Haul","hubris:Rewind"],"picked":"ReplayTheSpireMod:Echoes of Time","floor":16},{"not_picked":["alterego_mod:Pet","alterego_mod:Jiggle"],"picked":"alterego_mod:Nekomimi+1","floor":20},{"not_picked":["alterego_mod:BeGentle","alterego_mod:Schoolgirl+1","alterego_mod:DiscoLights"],"picked":"SKIP","floor":21},{"not_picked":["alterego_mod:Punishment","alterego_mod:Complex+1","alterego_mod:PresenceConcealment"],"picked":"SKIP","floor":22},{"not_picked":["alterego_mod:1TonWallop","alterego_mod:HighServant","alterego_mod:Jiggle"],"picked":"SKIP","floor":24},{"not_picked":["alterego_mod:1TonWallop","alterego_mod:Rip"],"picked":"alterego_mod:Palingenesis","floor":25}],"player_experience":326278,"relics_obtained":[{"floor":11,"key":"Pen Nib"},{"floor":28,"key":"StuffTheSpire:Gunfinga"}],"event_choices":[{"cards_removed":["alterego_mod:Defend"],"damage_healed":0,"gold_gain":0,"player_choice":"Offered Basic","damage_taken":0,"max_hp_gain":0,"max_hp_loss":0,"event_name":"Bonfire Elementals","floor":2,"gold_loss":0},{"damage_healed":0,"gold_gain":0,"player_choice":"Cursed","damage_taken":0,"max_hp_gain":0,"max_hp_loss":0,"event_name":"Wheel of Change","floor":30,"gold_loss":0,"cards_obtained":["Decay"]}],"is_beta":false,"boss_relics":[{"not_picked":["Runic Pyramid","aspiration:FutureDiary"],"picked":"construct:ClawGrip"}],"items_purged_floors":[],"is_endless":false,"potions_floor_spawned":[3,9,14,22,25],"killed_by":"Snake Plant","ascension_level":0}}