{"host":"n9lc5i44t98l6pio","time":1611524063,"event":{"mods":["BaseMod","Curses Come First","Downfall","Minty Spire (QoL Compilation)","Replay The Spire","Say the Spire","StSLib"],"gold_per_floor":[118,130,192,192,207,236,236,267,290,290,160,335,364,364,364,459,459,399,498,518,27,27,27,52,68,68,88,88,114,172,196,205,316,316,337,360,387,396,405,443,452,452,461,487,23,58,77,114,123,123],"floor_reached":51,"language":"ENG","playtime":2737,"items_purged":["Doubt","Looming Evil"],"score":935,"play_id":"af639d45-b717-4804-83e1-9bf7006106b2","local_time":"20210124223423","is_ascension_mode":true,"campfire_choices":[{"floor":7.0,"key":"REST"},{"floor":10.0,"key":"REST"},{"floor":15,"key":"REST"},{"floor":23,"key":"REST"},{"data":"Impervious","floor":28,"key":"SMITH"},{"floor":32,"key":"REST"},{"floor":41,"key":"REST"},{"floor":49,"key":"REST"}],"circlet_count":0,"master_deck":["Strike_R","Strike_R","Strike_R","Strike_R","Defend_R","Defend_R","Defend_R","Defend_R","Bash+1","Replay:Undeath\u0027s Touch","Body Slam","Entrench+1","Intimidate","Replay:Undeath\u0027s Touch","Clothesline","ReplayTheSpireMod:Muscle Training+1","Power Through+1","Flame Barrier+1","Barricade","Combust","Iron Wave","Impervious+1","Body Slam","Warcry","Jack Of All Trades","Hemogenesis+1","Body Slam+1","Overencumbered","Flame Barrier","ReplayReversal","ReplayTheSpireMod:Doomed","Rupture+1","Armaments","Demon Form+1","Power Through","Armaments+1","Wild Strike+1","Languid","Writhe","Iron Wave+1","Armaments+1","Seeing Red","Rupture","The Bomb","ReplayReversal","Body Slam","Armaments+1","Entrench"],"relics":["Burning Blood","Bronze Scales","Replay:Rubber Ducky","Pantograph","Replay:Bottled Steam","Cursed Key","BargainBundle","Matryoshka","BranchBurnRelic","Question Card","CeramicFish","ReplayFunnel","Dream Catcher","Boot","Painkiller Herb","ReplayTheSpireMod:Ring of Collecting","ReplayTheSpireMod:Ring of Exchange","War Paint","Ring of Misfortune","Vajra","Guide Book","Nunchaku","Bottled Flame"],"acts_visited":["Exordium","TheCity","TheBeyond"],"potions_floor_usage":[16,24,31,33,33,48,50,50,50],"damage_taken":[{"damage":8.0,"enemies":"2 Louse","floor":1.0,"turns":3.0},{"damage":2.0,"enemies":"Small Slimes","floor":2.0,"turns":3.0},{"damage":6.0,"enemies":"Jaw Worm","floor":5.0,"turns":4.0},{"damage":46.0,"enemies":"Lagavulin","floor":6.0,"turns":9.0},{"damage":24.0,"enemies":"Replay:BlueRogue","floor":8.0,"turns":5.0},{"damage":43,"enemies":"3 Sentries","floor":13,"turns":7},{"damage":51,"enemies":"Fading Forest","floor":16,"turns":11},{"damage":7,"enemies":"2 Thieves","floor":18,"turns":4},{"damage":44,"enemies":"Shell Parasite","floor":20,"turns":7},{"damage":30,"enemies":"Gremlin Leader","floor":24,"turns":10},{"damage":4,"enemies":"3 Cultists","floor":25,"turns":5},{"damage":2,"enemies":"Cultist and Chosen","floor":27,"turns":6},{"damage":14,"enemies":"Sentry and Sphere","floor":29,"turns":8},{"damage":7,"enemies":"Centurion and Healer","floor":31,"turns":4},{"damage":58,"enemies":"Automaton","floor":33,"turns":12},{"damage":3,"enemies":"Orb Walker","floor":35,"turns":4},{"damage":38,"enemies":"3 Darklings","floor":36,"turns":5},{"damage":8,"enemies":"Maw","floor":37,"turns":8},{"damage":60,"enemies":"Nemesis","floor":40,"turns":5},{"damage":0,"enemies":"Spire Growth","floor":44,"turns":6},{"damage":36,"enemies":"Reptomancer","floor":46,"turns":8},{"damage":14,"enemies":"Jaw Worm Horde","floor":47,"turns":4},{"damage":3,"enemies":"Nemesis","floor":48,"turns":7},{"damage":11,"enemies":"Donu and Deca","floor":50,"turns":7}],"seed_played":"600626308627641774","potions_obtained":[{"floor":2.0,"key":"EssenceOfSteel"},{"floor":5.0,"key":"SpeedPotion"},{"floor":16,"key":"Explosive Potion"},{"floor":20,"key":"LiquidMemories"},{"floor":24,"key":"Block Potion"},{"floor":27,"key":"Strength Potion"},{"floor":36,"key":"Dexterity Potion"},{"floor":37,"key":"Dexterity Potion"},{"floor":40,"key":"SkillPotion"},{"floor":42,"key":"Dexterity Potion"},{"floor":48,"key":"Block Potion"}],"is_trial":false,"path_per_floor":["M","M","?","?","M","E","R","E","T","R","$","?","E","?","R","B",null,"M","?","M","$","?","R","E","M","T","M","R","M","T","M","R","B",null,"?","?","?","?","?","E","T","?","T","?","T","E","?","E","T","B",null],"character_chosen":"IRONCLAD","items_purchased":["ReplayTheSpireMod:Muscle Training","Power Through+1","BargainBundle","Impervious","Body Slam","Warcry","Matryoshka","Jack Of All Trades","Rupture","Guide Book","The Bomb"],"campfire_rested":7,"item_purchase_floors":[11,11,21,21,21,21,21,21,45,45,45],"current_hp_per_floor":[78,80,80,80,80,40,64,46,46,70,70,70,33,33,57,45,80,79,79,41,41,41,65,56,58,58,62,62,76,76,75,80,39,80,80,48,46,46,66,12,36,36,36,57,57,27,19,22,46,77],"gold":123,"neow_bonus":"UPGRADE_CARD","is_daily":false,"chose_seed":false,"campfire_upgraded":1,"win_rate":0.0,"timestamp":1611524063,"path_taken":["M","M","?","?","?","E","R","E","T","R","$","?","E","?","R","BOSS","M","?","M","$","?","R","E","M","T","?","R","M","?","M","R","BOSS","?","?","?","?","?","E","T","?","T","?","T","E","?","E","T","BOSS"],"items_purchased_type":["Card","Card","Relic","Card","Card","Card","Relic","Card","Card","Relic","Card"],"build_version":"2020-12-22","purchased_purges":2,"victory":true,"max_hp_per_floor":[80,80,80,80,80,80,80,80,80,80,80,80,80,80,80,80,80,80,80,80,80,80,80,80,80,80,80,80,80,80,80,80,80,80,80,80,80,80,80,80,80,80,80,80,80,80,80,80,80,80],"card_choices":[{"not_picked":["Anger","True Grit"],"picked":"Replay:Undeath\u0027s Touch","floor":1.0},{"not_picked":["Headbutt","Iron Wave"],"picked":"Body Slam","floor":2.0},{"not_picked":["Searing Blow","ReplayTheSpireMod:Strike From Hell"],"picked":"Intimidate","floor":5.0},{"not_picked":["Sword Boomerang","Seeing Red"],"picked":"Replay:Undeath\u0027s Touch","floor":6.0},{"not_picked":["Thunderclap","Rage"],"picked":"Clothesline","floor":8.0},{"not_picked":["Dropkick","Intimidate"],"picked":"Flame Barrier","floor":13},{"not_picked":["Replay:Many Hands","Corruption"],"picked":"Barricade","floor":16},{"not_picked":["Anger","Perfected Strike"],"picked":"Combust","floor":18},{"not_picked":["Whirlwind","Sword Boomerang"],"picked":"Iron Wave","floor":20},{"not_picked":["Uppercut+1","Blood for Blood"],"picked":"Hemogenesis","floor":24},{"not_picked":["Replay:Undeath\u0027s Touch","Flex","Pommel Strike"],"picked":"Body Slam+1","floor":25},{"not_picked":["Run Through+1","Perfected Strike","Cleave"],"picked":"Flame Barrier","floor":27},{"not_picked":["ReplayTheSpireMod:Strike From Hell","Warcry","Bludgeon"],"picked":"ReplayReversal","floor":29},{"not_picked":["Havoc","Iron Wave","Rage"],"picked":"Rupture+1","floor":31},{"not_picked":["Anger","ReplayTheSpireMod:Muscle Training","Cleave"],"picked":"Armaments","floor":32},{"not_picked":["Hemogenesis","Limit Break","Immolate"],"picked":"Demon Form","floor":33},{"not_picked":["Thunderclap","Uppercut+1","Clash+1"],"picked":"Power Through","floor":35},{"not_picked":["Sever Soul+1","Flex+1","Twin Strike"],"picked":"Armaments+1","floor":36},{"not_picked":["Run Through+1","Battle Trance+1","Clothesline"],"picked":"Wild Strike+1","floor":37},{"not_picked":["Anger","Flex","Evolve"],"picked":"Iron Wave+1","floor":40},{"not_picked":["Perfected Strike","Thunderclap+1","Sword Boomerang+1"],"picked":"Armaments+1","floor":41},{"not_picked":["Sever Soul+1","Flex+1","ReplayTheSpireMod:Corrosion Curse+1"],"picked":"Seeing Red","floor":44},{"not_picked":["Hemogenesis","Clothesline+1","Rampage+1"],"picked":"ReplayReversal","floor":46},{"not_picked":["Blood for Blood","Infernal Blade+1","Replay:Undeath\u0027s Touch+1"],"picked":"Body Slam","floor":47},{"not_picked":["Havoc","Bloodletting","Second Wind"],"picked":"Armaments+1","floor":48},{"not_picked":["Sentinel","Havoc","ReplayTheSpireMod:Muscle Training"],"picked":"Entrench","floor":49}],"player_experience":185223,"relics_obtained":[{"floor":6.0,"key":"Bronze Scales"},{"floor":8.0,"key":"Replay:Rubber Ducky"},{"floor":13,"key":"Pantograph"},{"floor":24,"key":"Question Card"},{"floor":26,"key":"CeramicFish"},{"floor":26,"key":"ReplayFunnel"},{"floor":30,"key":"Dream Catcher"},{"floor":30,"key":"Boot"},{"floor":38,"key":"ReplayTheSpireMod:Ring of Collecting"},{"floor":38,"key":"ReplayTheSpireMod:Ring of Exchange"},{"floor":40,"key":"War Paint"},{"floor":43,"key":"Ring of Misfortune"},{"floor":43,"key":"Vajra"},{"floor":46,"key":"Nunchaku"},{"floor":48,"key":"Bottled Flame"}],"event_choices":[{"damage_healed":0.0,"max_hp_gain":0.0,"max_hp_loss":0.0,"gold_gain":62.0,"event_name":"Golden Wing","player_choice":"Gained Gold","floor":3.0,"gold_loss":0.0,"damage_taken":0.0},{"damage_healed":0,"gold_gain":175,"player_choice":"AGREE","damage_taken":0,"max_hp_gain":0,"max_hp_loss":0,"event_name":"Liars Game","floor":12,"gold_loss":0,"cards_obtained":["Doubt"]},{"damage_healed":0,"gold_gain":0,"player_choice":"Searched \u00272\u0027 times","damage_taken":0,"relics_obtained":["Replay:Bottled Steam"],"max_hp_gain":0,"max_hp_loss":0,"event_name":"Dead Adventurer","floor":14,"gold_loss":0},{"damage_healed":0,"gold_gain":99,"player_choice":"Stole From Cult","damage_taken":0,"max_hp_gain":0,"max_hp_loss":0,"event_name":"Nest","floor":19,"gold_loss":0},{"damage_healed":0,"gold_gain":0,"player_choice":"Gave Potion","damage_taken":0,"relics_obtained":["Dead Branch"],"max_hp_gain":0,"max_hp_loss":0,"event_name":"WeMeetAgain","floor":22,"gold_loss":0},{"damage_healed":20,"gold_gain":0,"player_choice":"Writhe","damage_taken":0,"max_hp_gain":0,"max_hp_loss":0,"event_name":"Winding Halls","floor":39,"gold_loss":0,"cards_obtained":["Writhe"]},{"damage_healed":0,"gold_gain":0,"player_choice":"Got Potions","damage_taken":0,"max_hp_gain":0,"max_hp_loss":0,"event_name":"Lab","floor":42,"gold_loss":0}],"is_beta":false,"boss_relics":[{"not_picked":["Fusion Hammer","Snecko Eye"],"picked":"Cursed Key"},{"not_picked":["Sozu","Runic Dome"],"picked":"Painkiller Herb"}],"items_purged_floors":[21,45],"is_endless":false,"potions_floor_spawned":[2,5,16,20,24,27,29,36,37,40,48],"ascension_level":1}}