{"host":"bc298c4gavna5tx2","time":1611495594,"event":{"mods":["ATMod(阿瑾Mod)","Act Like it!","BaseMod","Challenge The Spire","Lobotomy","Minty Spire (QoL Compilation)","MostiFishMod","Quarter Circle Forward PUNCH!","Quick Restart","Replay The Spire","Spicy Shops","StSLib","【功能Mod】混沌之环修复补丁","【功能Mod】聪明的最终Boss","【遗物卡牌】REMEMod"],"gold_per_floor":[118,118,135,135,150,150,161,195,241,273,273,448,448,448,448,551,651,663,677,243,257,267,267,296,296,373,402,416,442,442,442,504,607,607,620,620,632,651,668,697,697,427,427,427,462,462,487,500,500,500],"floor_reached":51,"language":"ZHS","playtime":1901,"items_purged":[],"score":1817,"play_id":"d2bf25f7-cfa5-48be-8cd7-8413028910c2","local_time":"20210124213954","is_ascension_mode":true,"campfire_choices":[{"data":"AT_KingSlayer","floor":6.0,"key":"SMITH"},{"floor":13.0,"key":"RECALL"},{"data":"AT_BodySlamDance","floor":15.0,"key":"SMITH"},{"data":"MostiFishMod:HellRitual","floor":23.0,"key":"SMITH"},{"data":"Bash","floor":25.0,"key":"SMITH"},{"data":"AT_EmpoweredMortalDraw","floor":46.0,"key":"SMITH"},{"data":"Limit Break","floor":49.0,"key":"SMITH"}],"circlet_count":0,"master_deck":["AscendersBane","Strike_R","Strike_R","Strike_R","Strike_R","Strike_R","Defend_R","HereticApostle","Defend_R","Defend_R","Bash+1","AT_KingSlayer+1","AT_MachinaRedman+1","AT_BodySlamDance+1","MostiFishMod:OrdinaryWorld","LaLuna","MostiFishMod:HellRitual+1","WhiteNight","AT_ShrugMaster","MostiFishMod:PerfectStrikeMKII","AT_EmpoweredMortalDraw+1","REME_FirmDetermination","MostiFishMod:KingOfFree","Limit Break+1"],"relics":["Burning Blood","AT_ATBox","DaveBox","REME_ComplimentaryCards","BirthdayGift-Tetrahedron","CogitoBucket","RabbitCall","SynthV:TestCard","Pear","Happy Flower","Strawberry","Red Skull","Replay:Wanted Poster","FleshIdol","SynthV:C4","Anchor","Art of War","Gremlin Food","HellTrain","qcfpunch:Chain_With_Nametags","Charon\u0027s Ashes","AT_MortalBlade","AdjustmentMirror","AT_BellDemon","AT_BellowingDragoncrestRing","SynthV","Oddly Smooth Stone","AT_RedTearstoneRing","Blue Doll","AT_RabadonDeathcap","Boot","Counterbalance"],"acts_visited":["Exordium","TheCity","TheBeyond"],"potions_floor_usage":[],"damage_taken":[{"damage":0.0,"enemies":"Cultist","floor":1.0,"turns":1.0},{"damage":2.0,"enemies":"Jaw Worm","floor":3.0,"turns":2.0},{"damage":3.0,"enemies":"2 Louse","floor":5.0,"turns":2.0},{"damage":7.0,"enemies":"Lots of Slimes","floor":7.0,"turns":2.0},{"damage":4.0,"enemies":"3 Sentries","floor":8.0,"turns":3.0},{"damage":0.0,"enemies":"Gremlin Nob","floor":10.0,"turns":1.0},{"damage":2.0,"enemies":"The Guardian","floor":16.0,"turns":2.0},{"damage":6.0,"enemies":"3 Byrds","floor":18.0,"turns":2.0},{"damage":0.0,"enemies":"Spheric Guardian","floor":19.0,"turns":1.0},{"damage":0.0,"enemies":"Snecko","floor":21.0,"turns":1.0},{"damage":2.0,"enemies":"Centurion and Healer","floor":22.0,"turns":2.0},{"damage":25.0,"enemies":"Slavers","floor":24.0,"turns":3.0},{"damage":2.0,"enemies":"Book of Stabbing","floor":27.0,"turns":2.0},{"damage":4.0,"enemies":"Cultist and Chosen","floor":28.0,"turns":3.0},{"damage":4.0,"enemies":"Slavers","floor":29.0,"turns":3.0},{"damage":12.0,"enemies":"Champ","floor":33.0,"turns":3.0},{"damage":0.0,"enemies":"3 Shapes","floor":35.0,"turns":1.0},{"damage":0.0,"enemies":"Orb Walker","floor":37.0,"turns":2.0},{"damage":74.0,"enemies":"3 Darklings","floor":38.0,"turns":5.0},{"damage":0.0,"enemies":"Maw","floor":39.0,"turns":2.0},{"damage":0.0,"enemies":"R_Hoarder","floor":40.0,"turns":2.0},{"damage":0.0,"enemies":"Nemesis","floor":45.0,"turns":1.0},{"damage":0.0,"enemies":"R_Hoarder","floor":47.0,"turns":1.0},{"damage":0.0,"enemies":"Writhing Mass","floor":48.0,"turns":1.0},{"damage":31,"enemies":"FixerMidnight","floor":50,"turns":3},{"damage":0,"enemies":"Malkuth","floor":51,"turns":1},{"damage":0,"enemies":"Hod","floor":51,"turns":2}],"seed_played":"-5890050013745407955","potions_obtained":[{"floor":1.0,"key":"FairyPotion"},{"floor":8.0,"key":"LiquidMemories"},{"floor":16.0,"key":"FearPotion"},{"floor":21.0,"key":"AttackPotion"},{"floor":24.0,"key":"BloodPotion"},{"floor":38.0,"key":"LiquidMemories"}],"is_trial":false,"path_per_floor":["M","$","M","?","M","R","M","E","T","E","?","?","R","?","R","B",null,"M","M","$","M","M","R","E","R","T","E","M","E","?","T","R","B",null,"M","?","M","M","M","E","T","$","T","?","E","R","E","M","R","B",null],"character_chosen":"IRONCLAD","items_purchased":["SynthV:C4","MostiFishMod:HellRitual","Anchor","SynthV","REME_FirmDetermination"],"campfire_rested":0,"item_purchase_floors":[20,20,20,42,42],"current_hp_per_floor":[78,78,80,80,80,80,79,90,90,97,85,85,85,85,85,89,95,95,97,97,97,97,97,78,78,78,97,97,97,97,97,97,97,97,97,97,97,97,97,97,97,97,97,97,97,97,97,97,97,89],"gold":502,"neow_bonus":"","is_daily":false,"chose_seed":false,"campfire_upgraded":6,"win_rate":0.0,"timestamp":1611495594,"path_taken":["M","?","M","?","?","R","M","E","T","E","?","?","R","?","R","BOSS","M","?","$","?","M","R","E","R","T","E","M","E","?","?","R","BOSS","M","?","?","M","M","E","?","$","T","?","E","R","E","?","R","BOSS"],"items_purchased_type":["Relic","Card","Relic","Relic","Card"],"build_version":"2020-12-22","purchased_purges":0,"victory":true,"max_hp_per_floor":[80,80,80,80,80,80,80,90,90,97,97,97,97,97,97,97,97,97,97,97,97,97,97,97,97,97,97,97,97,97,97,97,97,97,97,97,97,97,97,97,97,97,97,97,97,97,97,97,97,97],"card_choices":[{"not_picked":["Dark Embrace","ReplayTheSpireMod:Strike From Hell","Body Slam"],"picked":"SKIP","floor":1.0},{"not_picked":["Twin Strike","Blood for Blood","Headbutt","AT_IchimonjiDouble","Flame Barrier"],"picked":"SKIP","floor":3.0},{"not_picked":["Clothesline","Hemogenesis","Replay:Undeath\u0027s Touch","Pommel Strike"],"picked":"AT_BodySlamDance","floor":5.0},{"not_picked":["True Grit","MostiFishMod:KnuckleDown","ReplayTheSpireMod:LeadingStrike","Sword Boomerang","AT_BodySlamDance"],"picked":"SKIP","floor":7.0},{"not_picked":["Thunderclap","Warcry","Searing Blow","ReplayTheSpireMod:Muscle Training","Defy Death"],"picked":"SKIP","floor":8.0},{"not_picked":["Sword Boomerang","Warcry","Flex","ReplayTheSpireMod:Strike From Hell","AT_ManFootWork"],"picked":"SKIP","floor":10.0},{"not_picked":["Brutality","Feed","MostiFishMod:RainCloud","Eclipse"],"picked":"MostiFishMod:OrdinaryWorld","floor":16.0},{"not_picked":["Dual Wield","Carnage","Infernal Blade+1","ReplayTheSpireMod:LeadingStrike","Shrug It Off+1"],"picked":"SKIP","floor":18.0},{"not_picked":["HeroicMonk","VoidDream"],"picked":"LaLuna","floor":19.0},{"not_picked":["True Grit","Battle Trance","Havoc","Sentinel+1","Shrug It Off+1"],"picked":"SKIP","floor":19.0},{"not_picked":["Anger","Blood for Blood","ReplayTheSpireMod:Strike From Hell","MostiFishMod:BrandingRite","Pummel"],"picked":"SKIP","floor":21.0},{"not_picked":["Pommel Strike","Intimidate","Perfected Strike","Flame Barrier","Iron Wave"],"picked":"SKIP","floor":22.0},{"not_picked":["Murderer","BeautyBeast"],"picked":"WhiteNight","floor":24.0},{"not_picked":["Seeing Red+1","MostiFishMod:#F4004+1","Exhume","Twin Strike+1","AT_DrawKnifeCut+1"],"picked":"SKIP","floor":24.0},{"not_picked":["Heavy Blade","AT_BodySlamDance+1","Armaments","Run Through","Pommel Strike"],"picked":"SKIP","floor":27.0},{"not_picked":["Heavy Blade","Shrug It Off","AT_BodySlamDance","True Grit+1","Second Wind"],"picked":"SKIP","floor":28.0},{"not_picked":["Perfected Strike","Brutality","ReplayTheSpireMod:Limb From Limb","REME_SingleHolding+1","Armaments"],"picked":"SKIP","floor":29.0},{"not_picked":["Limit Break","Bludgeon","MostiFishMod:Chiaki","Eclipse"],"picked":"MostiFishMod:PerfectStrikeMKII","floor":33.0},{"not_picked":["Inflame","Flex","Whirlwind","AT_IchimonjiDouble","REME_SingleHolding"],"picked":"SKIP","floor":35.0},{"not_picked":["Juggernaut","REME_Cut","Cleave","Clothesline+1","Blood for Blood"],"picked":"SKIP","floor":37.0},{"not_picked":["Massacre+1","ReplayTheSpireMod:Strike From Hell","Sword Boomerang+1","Rage","AT_DrawKnifeCut+1"],"picked":"SKIP","floor":38.0},{"not_picked":["Headbutt+1","AT_BodySlamDance","Heavy Blade+1","Bloodletting+1","Dual Wield+1"],"picked":"SKIP","floor":39.0},{"not_picked":["True Grit+1","Dark Embrace","Replay:Undeath\u0027s Touch","Sword Boomerang+1","Pommel Strike"],"picked":"SKIP","floor":40.0},{"not_picked":["Master of Strategy","AT_LightSaberMaster","Thinking Ahead","REME_MagicPocketWatch"],"picked":"MostiFishMod:KingOfFree","floor":44.0},{"not_picked":["Pummel","Second Wind","MostiFishMod:FireWorks","Havoc+1","True Grit"],"picked":"SKIP","floor":45.0},{"not_picked":["Battle Trance","Shockwave+1","Rage","ReplayTheSpireMod:Strike From Hell"],"picked":"Limit Break","floor":47.0},{"not_picked":["REME_Cut","Heavy Blade+1","Headbutt","Shrug It Off+1","Sentinel"],"picked":"SKIP","floor":48.0}],"player_experience":123238,"relics_obtained":[{"floor":1.0,"key":"SynthV:TestCard"},{"floor":8.0,"key":"Pear"},{"floor":9.0,"key":"Happy Flower"},{"floor":10.0,"key":"Strawberry"},{"floor":24.0,"key":"Art of War"},{"floor":27.0,"key":"Gremlin Food"},{"floor":29.0,"key":"qcfpunch:Chain_With_Nametags"},{"floor":31.0,"key":"Charon\u0027s Ashes"},{"floor":40.0,"key":"AT_BellDemon"},{"floor":41.0,"key":"AT_BellowingDragoncrestRing"},{"floor":43.0,"key":"Oddly Smooth Stone"},{"floor":45.0,"key":"AT_RedTearstoneRing"},{"floor":45.0,"key":"Blue Doll"},{"floor":47.0,"key":"AT_RabadonDeathcap"},{"floor":47.0,"key":"Boot"},{"floor":48.0,"key":"Counterbalance"}],"event_choices":[{"damage_healed":0.0,"max_hp_gain":0.0,"max_hp_loss":0.0,"gold_gain":0.0,"event_name":"Accursed Blacksmith","player_choice":"Forge","floor":4.0,"gold_loss":0.0,"damage_taken":0.0,"cards_upgraded":["AT_MachinaRedman"]},{"damage_healed":0.0,"max_hp_gain":0.0,"max_hp_loss":0.0,"gold_gain":0.0,"event_name":"Scrap Ooze","player_choice":"Success","floor":11.0,"gold_loss":0.0,"damage_taken":12.0,"relics_obtained":["Red Skull"]},{"damage_healed":0.0,"max_hp_gain":0.0,"max_hp_loss":0.0,"gold_gain":175.0,"event_name":"Liars Game","player_choice":"AGREE","floor":12.0,"gold_loss":0.0,"damage_taken":0.0,"cards_obtained":["Doubt"]},{"cards_removed":["Doubt"],"damage_healed":0.0,"max_hp_gain":0.0,"max_hp_loss":0.0,"gold_gain":0.0,"event_name":"Fountain of Cleansing","player_choice":"Removed Curses","floor":14.0,"gold_loss":0.0,"damage_taken":0.0},{"damage_healed":0.0,"max_hp_gain":0.0,"max_hp_loss":0.0,"gold_gain":0.0,"event_name":"The Library","player_choice":"Read","floor":30.0,"gold_loss":0.0,"damage_taken":0.0,"cards_obtained":["AT_ShrugMaster"]},{"damage_healed":0.0,"max_hp_gain":0.0,"max_hp_loss":0.0,"gold_gain":0.0,"event_name":"Lab","player_choice":"Got Potions","floor":36.0,"gold_loss":0.0,"damage_taken":0.0},{"damage_healed":0.0,"max_hp_gain":0.0,"max_hp_loss":0.0,"gold_gain":0.0,"event_name":"SensoryStone","player_choice":"Memory 1","floor":44.0,"gold_loss":0.0,"damage_taken":0.0}],"is_beta":false,"boss_relics":[{"not_picked":["Tiny House","Runic Cube"],"picked":"Replay:Wanted Poster"},{"not_picked":["Busted Crown","Cursed Key"],"picked":"AT_MortalBlade"}],"items_purged_floors":[],"is_endless":false,"potions_floor_spawned":[1,8,16,21,24,33,38,39,47],"ascension_level":10}}