{"host":"minbhrtlkaoly5f0","time":1611523316,"event":{"mods":["Act Like it!","BaseMod","Colored Map","Minty Spire (QoL Compilation)","Quick Restart","StSLib"],"gold_per_floor":[112,112,37,52,70,70,83,83,129,129,29,45,83,102,102,227,227,242,117,117,117,297,340,359,458,482,506,431,431,88,113,113,233,233,248,267,287,33,48,48,48],"floor_reached":40,"language":"ZHS","playtime":1600,"items_purged":["Strike_B","Defend_B","Strike_B","Bandage Up","Strike_B+1"],"score":408,"play_id":"5547472f-2381-4649-8a92-c9669bd7bdc9","local_time":"20210125052156","is_ascension_mode":false,"campfire_choices":[{"data":"Tempest","floor":6.0,"key":"SMITH"},{"floor":10.0,"key":"REST"},{"data":"Redo","floor":15.0,"key":"SMITH"},{"floor":29.0,"key":"REST"},{"data":"Multi-Cast","floor":32.0,"key":"SMITH"}],"circlet_count":0,"master_deck":["Defend_B+1","Defend_B+1","Defend_B+1","Zap","Dualcast","Redo+1","Tempest+1","BootSequence","Core Surge","White Noise","Thunder Strike","Meteor Strike","Multi-Cast+1","Fusion","Thunder Strike","Skim","Capacitor"],"relics":["Nuclear Battery","Golden Idol","Bag of Preparation","Strawberry","Busted Crown","MutagenicStrength","Bronze Scales","Orichalcum","Inserter"],"acts_visited":["Exordium","TheCity","TheBeyond"],"potions_floor_usage":[40],"damage_taken":[{"damage":6.0,"enemies":"Jaw Worm","floor":1.0,"turns":4.0},{"damage":1.0,"enemies":"Cultist","floor":4.0,"turns":4.0},{"damage":0.0,"enemies":"Small Slimes","floor":5.0,"turns":3.0},{"damage":8.0,"enemies":"Gremlin Gang","floor":7.0,"turns":3.0},{"damage":0.0,"enemies":"3 Louse","floor":12.0,"turns":2.0},{"damage":16.0,"enemies":"Gremlin Nob","floor":13.0,"turns":4.0},{"damage":2.0,"enemies":"Blue Slaver","floor":14.0,"turns":2.0},{"damage":31.0,"enemies":"Hexaghost","floor":16.0,"turns":7.0},{"damage":4.0,"enemies":"Shell Parasite","floor":18.0,"turns":3.0},{"damage":39.0,"enemies":"Book of Stabbing","floor":23.0,"turns":5.0},{"damage":2.0,"enemies":"Spheric Guardian","floor":24.0,"turns":3.0},{"damage":0.0,"enemies":"Snecko","floor":27.0,"turns":2.0},{"damage":0.0,"enemies":"Snake Plant","floor":31.0,"turns":2.0},{"damage":22.0,"enemies":"Champ","floor":33.0,"turns":4.0},{"damage":14.0,"enemies":"Orb Walker","floor":35.0,"turns":3.0},{"damage":28.0,"enemies":"3 Shapes","floor":36.0,"turns":7.0},{"damage":0.0,"enemies":"Transient","floor":37.0,"turns":5.0},{"damage":10.0,"enemies":"Spire Growth","floor":39.0,"turns":3.0},{"damage":16,"enemies":"Reptomancer","floor":40,"turns":3}],"seed_played":"-5451780769138890346","potions_obtained":[{"floor":4.0,"key":"Ancient Potion"},{"floor":12.0,"key":"Block Potion"},{"floor":13.0,"key":"Explosive Potion"},{"floor":14.0,"key":"Explosive Potion"},{"floor":18.0,"key":"FocusPotion"},{"floor":23.0,"key":"SpeedPotion"},{"floor":24.0,"key":"Energy Potion"},{"floor":36.0,"key":"DistilledChaos"}],"is_trial":false,"path_per_floor":["M","?","$","M","M","R","M","?","T","R","$","M","E","M","R","B",null,"M","$","?","?","?","E","M","?","T","M","?","R","$","M","R","B",null,"M","M","M","$","M","E"],"character_chosen":"DEFECT","items_purchased":["Fusion","Thunder Strike","Capacitor"],"campfire_rested":2,"item_purchase_floors":[30,30,38],"current_hp_per_floor":[69,51,51,50,50,50,42,42,42,64,64,64,55,53,53,22,82,78,78,78,78,53,18,20,20,20,20,20,44,44,44,44,22,82,68,40,40,40,30,14,14],"gold":48,"neow_bonus":"BOSS_RELIC","is_daily":false,"chose_seed":false,"campfire_upgraded":3,"win_rate":0.0,"timestamp":1611523316,"path_taken":["M","?","$","M","M","R","M","?","T","R","$","?","E","M","R","BOSS","M","$","?","?","?","E","?","?","T","M","?","R","?","M","R","BOSS","M","M","M","$","M","E"],"items_purchased_type":["Card","Card","Card"],"build_version":"2020-12-22","purchased_purges":5,"victory":false,"max_hp_per_floor":[75,75,75,75,75,75,75,75,75,75,75,75,82,82,82,82,82,82,82,82,82,82,82,82,82,82,82,82,82,82,82,82,82,82,82,82,82,82,82,82,82],"card_choices":[{"not_picked":["Static Discharge","Hologram"],"picked":"Redo","floor":1.0},{"not_picked":["Hologram","Go for the Eyes"],"picked":"Tempest","floor":4.0},{"not_picked":["Tempest","Force Field","Blizzard"],"picked":"SKIP","floor":5.0},{"not_picked":["Self Repair","Turbo"],"picked":"BootSequence","floor":7.0},{"not_picked":["Compile Driver","Rip and Tear","Chill"],"picked":"SKIP","floor":12.0},{"not_picked":["Rebound","Gash"],"picked":"Thunder Strike","floor":13.0},{"not_picked":["Self Repair","Leap","Reprogram"],"picked":"SKIP","floor":14.0},{"not_picked":["Multi-Cast","Rainbow"],"picked":"Meteor Strike","floor":16.0},{"not_picked":["Turbo"],"picked":"SKIP","floor":18.0},{"not_picked":[],"picked":"Multi-Cast","floor":23.0},{"not_picked":["Barrage"],"picked":"SKIP","floor":24.0},{"not_picked":["Steam+1"],"picked":"SKIP","floor":27.0},{"not_picked":["Beam Cell"],"picked":"SKIP","floor":31.0},{"not_picked":["Coolheaded"],"picked":"SKIP","floor":35.0},{"not_picked":["Ball Lightning"],"picked":"SKIP","floor":36.0},{"not_picked":[],"picked":"Skim","floor":37.0},{"not_picked":["Beam Cell+1"],"picked":"SKIP","floor":39.0}],"player_experience":25185,"relics_obtained":[{"floor":9.0,"key":"Bag of Preparation"},{"floor":13.0,"key":"Strawberry"},{"floor":23.0,"key":"Bronze Scales"},{"floor":26.0,"key":"Orichalcum"}],"event_choices":[{"damage_healed":0.0,"max_hp_gain":0.0,"max_hp_loss":0.0,"gold_gain":0.0,"event_name":"Golden Idol","player_choice":"Take Damage","floor":2.0,"gold_loss":0.0,"damage_taken":18.0,"relics_obtained":["Golden Idol"]},{"damage_healed":0.0,"max_hp_gain":0.0,"max_hp_loss":0.0,"gold_gain":0.0,"event_name":"Match and Keep!","player_choice":"2 cards matched","floor":8.0,"gold_loss":0.0,"damage_taken":0.0,"cards_obtained":["Core Surge","White Noise"]},{"damage_healed":0.0,"max_hp_gain":0.0,"max_hp_loss":0.0,"gold_gain":0.0,"event_name":"Back to Basics","player_choice":"Simplicity","floor":20.0,"gold_loss":0.0,"damage_taken":0.0,"cards_upgraded":["Strike_B","Strike_B","Defend_B","Defend_B","Defend_B"]},{"damage_healed":0.0,"max_hp_gain":0.0,"max_hp_loss":0.0,"gold_gain":0.0,"event_name":"Drug Dealer","player_choice":"Inject Mutagens","floor":21.0,"gold_loss":0.0,"damage_taken":0.0,"relics_obtained":["MutagenicStrength"]},{"damage_healed":0.0,"max_hp_gain":0.0,"max_hp_loss":0.0,"gold_gain":180.0,"event_name":"Knowing Skull","player_choice":"CARD GOLD GOLD ","floor":22.0,"potions_obtained":[],"gold_loss":0.0,"damage_taken":25.0,"cards_obtained":["Bandage Up"]},{"damage_healed":0.0,"max_hp_gain":0.0,"max_hp_loss":0.0,"gold_gain":99.0,"event_name":"Nest","player_choice":"Stole From Cult","floor":25.0,"gold_loss":0.0,"damage_taken":0.0},{"cards_removed":["Strike_B"],"damage_healed":0.0,"max_hp_gain":0.0,"max_hp_loss":0.0,"gold_gain":0.0,"event_name":"Beggar","player_choice":"Gave Gold","floor":28.0,"gold_loss":75.0,"damage_taken":0.0}],"is_beta":false,"boss_relics":[{"not_picked":["Ectoplasm","Velvet Choker"],"picked":"Busted Crown"},{"not_picked":["Calling Bell","Empty Cage"],"picked":"Inserter"}],"items_purged_floors":[3,11,19,30,38],"is_endless":false,"potions_floor_spawned":[4,12,13,14,18,23,24,36],"killed_by":"Reptomancer","ascension_level":0}}