{"host":"gzsdmyo07u314vug","time":1611503070,"event":{"mods":["2.2 Compatiblity","Astrologer","BaseMod","Colored Powertips","GifTheSpireLib","Gremlin Mod","Hermit","Jorbs\u0027s Wanderer Trilogy","Minty Spire (QoL Compilation)","Quick Restart","Rare Cards Sparkle","Relic Stats","Replay The Spire","Robot Space Explorer","Shop Mod","StSLib","The Bug Knight","The Construct","The Cursed","The Elementalist","The Hierophant","The IronCluck","The Marked","The Necromancer","The Runesmith","The Servant 0.9.4","Unceasing Turn Reminder","everything is the same but u backflip on backflip","slay the spire mod where everything is the same but ironclad has a cowboy hat","vexMod"],"gold_per_floor":[119,45,59,59,59,59,22,22,47,76,76,95,108,125,125,227,227,231,36,43,59,59,59,89,108,176,176,193,118,129,139,139,235,235,238,10,26,78,98,98,111,111,158,158,158,158,158,179,179,179],"floor_reached":51,"language":"ENG","playtime":3512,"items_purged":["astrologer:Strike","astrologer:Strike"],"score":625,"play_id":"daca2481-9395-4c78-915c-2b87892d2f96","local_time":"20210124124429","is_ascension_mode":true,"campfire_choices":[{"data":"astrologer:CosmicExpanse","floor":6,"key":"SMITH"},{"data":"astrologer:Nova","floor":8,"key":"SMITH"},{"data":"astrologer:NorthStar","floor":11,"key":"SMITH"},{"floor":15,"key":"REST"},{"floor":23,"key":"REST"},{"floor":32,"key":"REST"},{"floor":40,"key":"REST"},{"floor":42,"key":"REST"},{"data":"astrologer:TheHierophant","floor":44,"key":"SMITH"},{"data":"astrologer:TheHierophant","floor":46,"key":"SMITH"},{"floor":49,"key":"REST"}],"circlet_count":0,"master_deck":["astrologer:Strike","astrologer:Strike+1","astrologer:Defend","astrologer:Defend","astrologer:Defend","astrologer:Defend","astrologer:NorthStar+1","astrologer:TheFool+1","astrologer:Nova+1","astrologer:CosmicExpanse+1","astrologer:Opposition+1","astrologer:ShiningStar+1","astrologer:Starfield","astrologer:TheHierophant+1","astrologer:Justice+1","astrologer:Moonlight","astrologer:Stardust+1","astrologer:TheStar","astrologer:ShootingStar","astrologer:FrozenStar+1","astrologer:FadingStar+1","astrologer:TheChariot","astrologer:SolarFlare+1","astrologer:TheHierophant+1","Impatience","astrologer:Prismatic+1","astrologer:NeutronStar","astrologer:Stardust"],"relics":["astrologer:SkyMirror","ReplayTheSpireMod:Lightbulb","Gremlin Food","vexMod:DeviousBotling","vexMod:Trinoculars","vexMod:MemoryStick","Runesmith:Nanobots","MutagenicStrength","construct:ClawGrip","Lizard Tail","Orichalcum","Art of War"],"acts_visited":["Exordium","TheCity","TheBeyond"],"potions_floor_usage":[16,16,24,30,33,33,37,38],"damage_taken":[{"damage":3.0,"enemies":"Small Slimes","floor":1.0,"turns":3.0},{"damage":2.0,"enemies":"2 Louse","floor":3.0,"turns":2.0},{"damage":25,"enemies":"3 Sentries","floor":10,"turns":7},{"damage":1,"enemies":"Cultist","floor":12,"turns":3},{"damage":12,"enemies":"Lots of Slimes","floor":13,"turns":4},{"damage":9,"enemies":"Blue Slaver","floor":14,"turns":3},{"damage":11,"enemies":"Fading Forest","floor":16,"turns":11},{"damage":29,"enemies":"3 Byrds","floor":18,"turns":4},{"damage":0,"enemies":"Chosen","floor":20,"turns":4},{"damage":28,"enemies":"Snecko","floor":21,"turns":6},{"damage":0,"enemies":"Replay:Snechameleon","floor":24,"turns":5},{"damage":7,"enemies":"Centurion and Healer","floor":25,"turns":4},{"damage":0,"enemies":"3 Cultists","floor":28,"turns":3},{"damage":14,"enemies":"Chosen and Byrds","floor":30,"turns":6},{"damage":7,"enemies":"Centurion and Healer","floor":31,"turns":4},{"damage":7,"enemies":"Collector","floor":33,"turns":6},{"damage":0,"enemies":"3 Shapes","floor":35,"turns":5},{"damage":0,"enemies":"Orb Walker","floor":37,"turns":4},{"damage":28,"enemies":"2 Orb Walkers","floor":38,"turns":5},{"damage":26,"enemies":"Jaw Worm Horde","floor":39,"turns":4},{"damage":12,"enemies":"Writhing Mass","floor":41,"turns":4},{"damage":8,"enemies":"Nemesis","floor":48,"turns":5},{"damage":14,"enemies":"Replay:Hell Engine","floor":50,"turns":7}],"seed_played":"7676953598058948999","potions_obtained":[{"floor":5,"key":"Ancient Potion"},{"floor":5,"key":"SpeedPotion"},{"floor":5,"key":"Death Potion"},{"floor":21,"key":"Swift Potion"},{"floor":24,"key":"SpeedPotion"},{"floor":25,"key":"EssenceOfSteel"},{"floor":35,"key":"Fire Potion"},{"floor":37,"key":"LifebloodPotion"},{"floor":41,"key":"Toxic Potion"},{"floor":48,"key":"SmokeBomb"}],"is_trial":false,"path_per_floor":["M","$","M","?","?","R","$","R","T","E","R","M","M","M","R","B",null,"M","$","M","M","?","R","E","M","T","?","M","$","M","M","R","B",null,"M","$","M","?","M","R","M","R","T","R","?","R","?","E","R","B",null],"character_chosen":"ASTROLOGER","items_purchased":["astrologer:CosmicExpanse","astrologer:ShiningStar","vexMod:Trinoculars","astrologer:Stardust","astrologer:TheHierophant","Impatience"],"campfire_rested":6,"item_purchase_floors":[2,7,19,19,36,36],"current_hp_per_floor":[67,67,65,65,65,65,65,65,65,40,40,39,27,18,39,36,70,41,41,41,13,13,34,34,27,27,27,27,27,13,6,27,20,70,70,70,70,42,16,37,25,46,46,46,46,46,46,38,59,45],"gold":179,"neow_bonus":"ONE_RANDOM_RARE_CARD","is_daily":false,"chose_seed":false,"campfire_upgraded":5,"win_rate":0.0,"timestamp":1611503069,"path_taken":["M","$","M","?","?","R","$","R","T","E","R","M","?","?","R","BOSS","M","$","M","M","?","R","E","M","T","?","M","$","?","M","R","BOSS","M","$","M","?","M","R","M","R","T","R","?","R","?","E","R","BOSS"],"items_purchased_type":["Card","Card","Relic","Card","Card","Card"],"build_version":"2020-12-22","purchased_purges":2,"victory":true,"max_hp_per_floor":[70,70,70,70,70,70,70,70,70,70,70,70,70,70,70,70,70,70,70,70,70,70,70,70,70,70,70,70,70,70,70,70,70,70,70,70,70,70,70,70,70,70,70,70,70,70,70,70,70,70],"relic_stats":{"Lizard Tail":0,"counters":[23,109],"Art of War":[2],"Orichalcum":[0],"obtain_stats":[{"Gremlin Food":10,"vexMod:Trinoculars":19,"vexMod:MemoryStick":24,"Runesmith:Nanobots":26,"construct:ClawGrip":34,"Lizard Tail":38,"MutagenicStrength":27,"astrologer:SkyMirror":0,"vexMod:DeviousBotling":17,"Art of War":48,"Orichalcum":43,"ReplayTheSpireMod:Lightbulb":9},{"Gremlin Food":3,"vexMod:Trinoculars":8,"vexMod:MemoryStick":11,"Runesmith:Nanobots":12,"construct:ClawGrip":16,"Lizard Tail":19,"MutagenicStrength":12,"astrologer:SkyMirror":0,"vexMod:DeviousBotling":7,"Art of War":22,"Orichalcum":21,"ReplayTheSpireMod:Lightbulb":2},{"Gremlin Food":12,"vexMod:Trinoculars":37,"vexMod:MemoryStick":52,"Runesmith:Nanobots":56,"construct:ClawGrip":75,"Lizard Tail":89,"MutagenicStrength":56,"astrologer:SkyMirror":0,"vexMod:DeviousBotling":33,"Art of War":102,"Orichalcum":97,"ReplayTheSpireMod:Lightbulb":5}]},"card_choices":[{"not_picked":["astrologer:Stardust","astrologer:Observe","astrologer:Conjunction"],"picked":"SKIP","floor":1.0},{"not_picked":["astrologer:Moonlight","astrologer:SpaceDust"],"picked":"astrologer:Sunrise","floor":3.0},{"not_picked":["astrologer:Stardust","astrologer:ReadTheStars"],"picked":"astrologer:Starfield","floor":10},{"not_picked":["astrologer:MeteorShower","astrologer:Conjunction"],"picked":"astrologer:TheHierophant","floor":12},{"not_picked":["astrologer:SpaceDust","astrologer:Retelling","astrologer:Radiance"],"picked":"SKIP","floor":13},{"not_picked":["astrologer:Shine","astrologer:Quincunx"],"picked":"astrologer:Justice","floor":14},{"not_picked":["astrologer:Confirmation+1","astrologer:MeteorShower+1"],"picked":"astrologer:Moonlight","floor":18},{"not_picked":["astrologer:StarOfCourage","astrologer:Strength"],"picked":"astrologer:TheStar","floor":20},{"not_picked":["astrologer:StarOfMisfortune","astrologer:CometStrike"],"picked":"astrologer:ShootingStar","floor":21},{"not_picked":["astrologer:Sunrise","astrologer:StarOfChange"],"picked":"astrologer:FrozenStar","floor":24},{"not_picked":["astrologer:Opposition+1","astrologer:Quincunx+1","astrologer:Conjunction+1"],"picked":"SKIP","floor":25},{"not_picked":["astrologer:Justice","astrologer:Opposition","astrologer:Glimpse+1"],"picked":"SKIP","floor":28},{"not_picked":["astrologer:Shine+1","astrologer:Justice","astrologer:Retelling"],"picked":"SKIP","floor":30},{"not_picked":["astrologer:Observe","astrologer:CosmicExpanse+1"],"picked":"astrologer:FadingStar+1","floor":31},{"not_picked":["astrologer:BlackHole","astrologer:TheWorld"],"picked":"astrologer:TheChariot","floor":33},{"not_picked":["astrologer:Still","astrologer:Radiance"],"picked":"astrologer:SolarFlare+1","floor":35},{"not_picked":["astrologer:Radiance+1","astrologer:Still","astrologer:Divination+1"],"picked":"SKIP","floor":37},{"not_picked":["astrologer:Still","astrologer:SpaceDust"],"picked":"astrologer:Prismatic+1","floor":38},{"not_picked":["astrologer:Radiance+1","astrologer:FrozenStar","astrologer:TheStar"],"picked":"SKIP","floor":39},{"not_picked":["astrologer:Eclipse","astrologer:Conjunction","astrologer:CometStrike"],"picked":"SKIP","floor":41},{"not_picked":["astrologer:GlassStar","astrologer:Radiance"],"picked":"astrologer:Stardust","floor":48}],"player_experience":769982,"relics_obtained":[{"floor":9,"key":"ReplayTheSpireMod:Lightbulb"},{"floor":10,"key":"Gremlin Food"},{"floor":24,"key":"vexMod:MemoryStick"},{"floor":26,"key":"Runesmith:Nanobots"},{"floor":38,"key":"Lizard Tail"},{"floor":43,"key":"Orichalcum"},{"floor":48,"key":"Art of War"}],"event_choices":[{"damage_healed":0,"gold_gain":0,"player_choice":"Got Potions","damage_taken":0,"max_hp_gain":0,"max_hp_loss":0,"event_name":"Lab","floor":5,"gold_loss":0},{"damage_healed":0,"gold_gain":0,"player_choice":"Inject Mutagens","damage_taken":0,"relics_obtained":["MutagenicStrength"],"max_hp_gain":0,"max_hp_loss":0,"event_name":"Drug Dealer","floor":27,"gold_loss":0},{"damage_healed":0,"gold_gain":0,"player_choice":"Fight","damage_taken":0,"max_hp_gain":0,"max_hp_loss":0,"event_name":"Mysterious Sphere","floor":38,"gold_loss":0},{"damage_healed":0,"gold_gain":0,"player_choice":"1 cards matched","damage_taken":0,"max_hp_gain":0,"max_hp_loss":0,"event_name":"Match and Keep!","floor":47,"gold_loss":0,"cards_obtained":["astrologer:NeutronStar"]}],"is_beta":false,"boss_relics":[{"not_picked":["vexMod:EndlessSickness","Velvet Choker"],"picked":"vexMod:DeviousBotling"},{"not_picked":["ChewingGum","ReplayTheSpireMod:DimensionalGlitch"],"picked":"construct:ClawGrip"}],"items_purged_floors":[29,36],"is_endless":false,"potions_floor_spawned":[10,12,14,21,24,25,35,37,41,48],"ascension_level":3}}