{"host":"ux8r2oyej5019q8x","time":1611450473,"event":{"mods":["AchievementEnabler","BaseMod","Colored Map","Colored Powertips","GifTheSpireLib","HexUI Lib","Highlight Path","Minty Spire (QoL Compilation)","Rare Cards Sparkle","Relic Stats","StSLib","everything is the same but u backflip on backflip"],"gold_per_floor":[114,114,64,79,79,79,94,109,109,72,102,117,132,147,147,247,247,262,277,287,302,77,77,107,122,122,152,152,167,182,512,512,612,612,627,85,85,100,115,145,145,160,160,160,175,205,235,265,265,265,265],"floor_reached":50,"language":"ENG","playtime":6409,"items_purged":["Strike_R","Normality"],"score":851,"play_id":"e2accb9a-c9a4-4e89-af50-d24fd54e50b6","local_time":"20210124020753","daily_mods":["Cursed Run","Purple Cards","DeadlyEvents"],"is_ascension_mode":false,"campfire_choices":[{"data":"Seeing Red","floor":6.0,"key":"SMITH"},{"data":"DevaForm","floor":15.0,"key":"SMITH"},{"data":"Sentinel","floor":28,"key":"SMITH"},{"data":"TalkToTheHand","floor":32,"key":"SMITH"},{"data":"Juggernaut","floor":41,"key":"SMITH"},{"data":"Normality","floor":44,"key":"PURGE"},{"floor":49,"key":"REST"}],"circlet_count":0,"master_deck":["Strike_R","Strike_R+1","Defend_R","Defend_R","Defend_R","Bash","Thunderclap+1","Metallicize","Seeing Red+1","Flame Barrier+1","Warcry","Clumsy","WheelKick","DevaForm+1","Evolve","JustLucky","Rage","Parasite","Omniscience","CurseOfTheBell","Pommel Strike+1","Juggernaut+1","Sentinel+1","TalkToTheHand+1","Decay","CutThroughFate","Second Wind","Immolate","CutThroughFate+1","Heavy Blade+1","Pain","Double Tap+1","Consecrate+1","Feel No Pain","Pain","Crescendo+1","Inflame","JustLucky+1","MasterReality"],"relics":["Cursed Key","Darkstone Periapt","Du-Vu Doll","InkBottle","Turnip","Calling Bell","Bag of Preparation","Paper Frog","Pocketwatch","Red Mask","Lee\u0027s Waffle","Oddly Smooth Stone","The Courier","Kunai","Old Coin","Busted Crown","Frozen Eye","Dead Branch","WarpedTongs","Toy Ornithopter","Peace Pipe","War Paint","Boot","Whetstone"],"acts_visited":["Exordium","TheCity","TheBeyond"],"potions_floor_usage":[33,50,50],"damage_taken":[{"damage":1.0,"enemies":"Jaw Worm","floor":1.0,"turns":3.0},{"damage":0.0,"enemies":"2 Louse","floor":4.0,"turns":2.0},{"damage":0.0,"enemies":"Cultist","floor":7.0,"turns":3.0},{"damage":2.0,"enemies":"Exordium Thugs","floor":8.0,"turns":6.0},{"damage":8.0,"enemies":"Lagavulin","floor":11.0,"turns":6.0},{"damage":14.0,"enemies":"Exordium Wildlife","floor":12.0,"turns":4.0},{"damage":19.0,"enemies":"3 Louse","floor":13.0,"turns":4.0},{"damage":1.0,"enemies":"Gremlin Gang","floor":14.0,"turns":4.0},{"damage":6,"enemies":"Hexaghost","floor":16,"turns":9},{"damage":12,"enemies":"3 Byrds","floor":18,"turns":4},{"damage":0,"enemies":"Spheric Guardian","floor":19,"turns":3},{"damage":29,"enemies":"Masked Bandits","floor":20,"turns":4},{"damage":3,"enemies":"Snake Plant","floor":21,"turns":3},{"damage":21,"enemies":"Book of Stabbing","floor":24,"turns":4},{"damage":0,"enemies":"Sentry and Sphere","floor":25,"turns":3},{"damage":21,"enemies":"Gremlin Leader","floor":27,"turns":5},{"damage":2,"enemies":"Cultist and Chosen","floor":29,"turns":4},{"damage":9,"enemies":"Snake Plant","floor":30,"turns":3},{"damage":21,"enemies":"Slavers","floor":31,"turns":3},{"damage":33,"enemies":"Automaton","floor":33,"turns":6},{"damage":19,"enemies":"3 Darklings","floor":35,"turns":4},{"damage":10,"enemies":"Orb Walker","floor":38,"turns":2},{"damage":2,"enemies":"Writhing Mass","floor":39,"turns":2},{"damage":8,"enemies":"Nemesis","floor":40,"turns":5},{"damage":8,"enemies":"Transient","floor":42,"turns":5},{"damage":10,"enemies":"4 Shapes","floor":45,"turns":1},{"damage":12,"enemies":"Giant Head","floor":46,"turns":5},{"damage":28,"enemies":"Nemesis","floor":47,"turns":5},{"damage":22,"enemies":"Reptomancer","floor":48,"turns":3},{"damage":82,"enemies":"Time Eater","floor":50,"turns":5}],"seed_played":"-4692305807027556167","potions_obtained":[{"floor":7.0,"key":"ElixirPotion"},{"floor":8.0,"key":"LiquidBronze"},{"floor":12.0,"key":"Fruit Juice"},{"floor":13.0,"key":"Regen Potion"},{"floor":27,"key":"EssenceOfSteel"},{"floor":35,"key":"Strength Potion"}],"is_trial":false,"path_per_floor":["M","?","?","M","?","R","M","M","T","$","E","M","M","M","R","B",null,"M","M","?","M","$","?","E","M","T","E","R","M","M","E","R","B",null,"M","$","?","M","M","E","R","M","T","R","M","E","E","E","R","B"],"character_chosen":"IRONCLAD","items_purchased":["WheelKick","Lee\u0027s Waffle","Feel No Pain","Swift Potion","Frozen Eye","Dead Branch"],"campfire_rested":1,"item_purchase_floors":[10,22,36,36,36,36],"current_hp_per_floor":[79,79,79,79,72,72,72,70,76,76,68,59,40,39,39,39,103,91,91,62,59,110,116,95,95,101,80,80,78,69,48,48,36,128,109,109,115,105,103,95,95,87,93,93,83,71,43,21,63,0,0],"gold":265,"neow_bonus":"","is_daily":true,"chose_seed":false,"campfire_upgraded":5,"win_rate":0.0,"timestamp":1611450473,"path_taken":["M","?","?","M","?","R","M","M","T","$","?","?","M","M","R","BOSS","M","M","?","?","$","?","E","M","T","E","R","M","M","E","R","BOSS","M","$","?","M","M","E","R","M","T","R","M","E","?","E","R","BOSS"],"items_purchased_type":["Card","Relic","Card","Potion","Relic","Relic"],"build_version":"2020-12-22","purchased_purges":2,"victory":false,"max_hp_per_floor":[80,80,80,80,80,80,80,80,86,86,86,91,91,91,91,97,103,103,103,103,103,110,116,116,116,122,122,122,122,122,122,122,128,128,128,128,134,134,134,134,134,134,140,140,140,140,140,140,140,140,140],"relic_stats":{"Darkstone Periapt":48,"Lee\u0027s Waffle":51,"counters":[30,120],"Dead Branch":[56],"Bag of Preparation":[42],"Whetstone":["Thunderclap","Strike_R"],"War Paint":["Flame Barrier","Double Tap"],"Cursed Key":3,"Boot":[0],"WarpedTongs":[33],"Peace Pipe":1,"Busted Crown":18,"Turnip":[9],"Kunai":[18],"obtain_stats":[{"Darkstone Periapt":0,"Lee\u0027s Waffle":22,"Dead Branch":36,"Oddly Smooth Stone":24,"The Courier":26,"Bag of Preparation":17,"Whetstone":48,"War Paint":46,"Cursed Key":0,"Boot":47,"Old Coin":31,"WarpedTongs":37,"Du-Vu Doll":0,"Calling Bell":17,"Peace Pipe":43,"Frozen Eye":36,"Busted Crown":34,"Turnip":11,"Red Mask":20,"Kunai":27,"InkBottle":9,"Toy Ornithopter":40,"Paper Frog":17,"Pocketwatch":17},{"Darkstone Periapt":0,"Lee\u0027s Waffle":13,"Dead Branch":21,"Oddly Smooth Stone":14,"The Courier":15,"Bag of Preparation":9,"Whetstone":29,"War Paint":27,"Cursed Key":0,"Boot":28,"Old Coin":19,"WarpedTongs":21,"Du-Vu Doll":0,"Calling Bell":9,"Peace Pipe":25,"Frozen Eye":21,"Busted Crown":20,"Turnip":5,"Red Mask":12,"Kunai":16,"InkBottle":4,"Toy Ornithopter":24,"Paper Frog":9,"Pocketwatch":9},{"Darkstone Periapt":0,"Lee\u0027s Waffle":55,"Dead Branch":87,"Oddly Smooth Stone":59,"The Courier":62,"Bag of Preparation":41,"Whetstone":115,"War Paint":107,"Cursed Key":0,"Boot":112,"Old Coin":77,"WarpedTongs":87,"Du-Vu Doll":0,"Calling Bell":41,"Peace Pipe":101,"Frozen Eye":87,"Busted Crown":83,"Turnip":20,"Red Mask":52,"Kunai":67,"InkBottle":14,"Toy Ornithopter":96,"Paper Frog":41,"Pocketwatch":41}],"InkBottle":[40],"Toy Ornithopter":10,"Pocketwatch":[75]},"card_choices":[{"not_picked":["CrushJoints","Prostrate"],"picked":"Thunderclap","floor":1.0},{"not_picked":["Flex","Combust"],"picked":"Seeing Red","floor":4.0},{"not_picked":["FollowUp","Clash"],"picked":"Flame Barrier","floor":7.0},{"not_picked":["Halt","True Grit"],"picked":"Warcry","floor":8.0},{"not_picked":["Feel No Pain","Combust"],"picked":"DevaForm","floor":11.0},{"not_picked":["Inflame","Flex"],"picked":"Evolve","floor":12.0},{"not_picked":["EmptyFist","Pommel Strike"],"picked":"JustLucky","floor":13.0},{"not_picked":["Clash","MentalFortress"],"picked":"Rage","floor":14.0},{"not_picked":["Blasphemy","Feed"],"picked":"Omniscience","floor":16},{"not_picked":["Wild Strike","Spot Weakness+1"],"picked":"Pommel Strike+1","floor":18},{"not_picked":["PathToVictory","Feel No Pain"],"picked":"Juggernaut","floor":19},{"not_picked":["Protect","FearNoEvil"],"picked":"Sentinel","floor":20},{"not_picked":["CrushJoints+1","Halt"],"picked":"TalkToTheHand","floor":21},{"not_picked":["Sword Boomerang","Dark Embrace","Halt"],"picked":"SKIP","floor":24},{"not_picked":["Anger","EmptyBody"],"picked":"CutThroughFate","floor":25},{"not_picked":["EmptyFist","BowlingBash"],"picked":"Second Wind","floor":27},{"not_picked":["Reckless Charge","Sanctity"],"picked":"Immolate","floor":29},{"not_picked":["Headbutt","Havoc"],"picked":"CutThroughFate+1","floor":30},{"not_picked":["WreathOfFlame","Protect"],"picked":"Heavy Blade+1","floor":31},{"not_picked":["Berserk","Immolate"],"picked":"Double Tap","floor":33},{"not_picked":[],"picked":"Consecrate+1","floor":35},{"not_picked":["Iron Wave"],"picked":"SKIP","floor":38},{"not_picked":["WaveOfTheHand+1"],"picked":"SKIP","floor":39},{"not_picked":[],"picked":"Crescendo+1","floor":40},{"not_picked":[],"picked":"Inflame","floor":42},{"not_picked":[],"picked":"JustLucky+1","floor":45},{"not_picked":[],"picked":"MasterReality","floor":46},{"not_picked":["Iron Wave"],"picked":"SKIP","floor":47},{"not_picked":["Twin Strike"],"picked":"SKIP","floor":48}],"player_experience":202449,"relics_obtained":[{"floor":9.0,"key":"InkBottle"},{"floor":11.0,"key":"Turnip"},{"floor":17,"key":"Bag of Preparation"},{"floor":17,"key":"Paper Frog"},{"floor":17,"key":"Pocketwatch"},{"floor":20,"key":"Red Mask"},{"floor":24,"key":"Oddly Smooth Stone"},{"floor":26,"key":"The Courier"},{"floor":27,"key":"Kunai"},{"floor":31,"key":"Old Coin"},{"floor":40,"key":"Toy Ornithopter"},{"floor":43,"key":"Peace Pipe"},{"floor":46,"key":"War Paint"},{"floor":47,"key":"Boot"},{"floor":48,"key":"Whetstone"}],"event_choices":[{"damage_healed":0.0,"max_hp_gain":0.0,"max_hp_loss":0.0,"gold_gain":0.0,"cards_transformed":["Strike_R"],"event_name":"Living Wall","player_choice":"Change","floor":2.0,"gold_loss":0.0,"damage_taken":0.0,"cards_obtained":["Metallicize"]},{"cards_removed":["Defend_R"],"damage_healed":0.0,"max_hp_gain":0.0,"max_hp_loss":0.0,"gold_gain":0.0,"event_name":"The Cleric","player_choice":"Card Removal","floor":3.0,"gold_loss":50.0,"damage_taken":0.0},{"cards_removed":["Strike_R"],"damage_healed":0.0,"max_hp_gain":0.0,"max_hp_loss":0.0,"gold_gain":0.0,"event_name":"Golden Wing","player_choice":"Card Removal","floor":5.0,"gold_loss":0.0,"damage_taken":7.0},{"damage_healed":0,"gold_gain":0,"player_choice":"Fought Bandits","damage_taken":0,"max_hp_gain":0,"max_hp_loss":0,"event_name":"Masked Bandits","floor":20,"gold_loss":0},{"damage_healed":0,"gold_gain":0,"player_choice":"Smashed Altar","damage_taken":0,"max_hp_gain":0,"max_hp_loss":0,"event_name":"Forgotten Altar","floor":23,"gold_loss":0,"cards_obtained":["Decay"]},{"damage_healed":0,"gold_gain":0,"player_choice":"Rummage","damage_taken":0,"relics_obtained":["WarpedTongs"],"max_hp_gain":0,"max_hp_loss":0,"event_name":"Accursed Blacksmith","floor":37,"gold_loss":0,"cards_obtained":["Pain"]}],"is_beta":false,"boss_relics":[{"not_picked":["SacredBark","SlaversCollar"],"picked":"Calling Bell"},{"not_picked":["Runic Dome","Velvet Choker"],"picked":"Busted Crown"}],"items_purged_floors":[22,36],"is_endless":false,"potions_floor_spawned":[7,8,12,13,14,19,25,27,35,38,40,48],"killed_by":"Time Eater","ascension_level":0}}