{"host":"1c17lcvl7acx821p","time":1611495079,"event":{"mods":["AchievementEnabler","BaseMod","Colored Map","Minty Spire (QoL Compilation)","StSLib"],"gold_per_floor":[116,116,134,144,6,37,2,2,302,332,332,32,32,48,48,153,153,195,295,61,105,160,249,249,309,309,309,309,27,57,130,130,234,234,283,324,324,424,464,613,613,631,631,631,711,737,811,876,876,876,876,876,497,522,522],"floor_reached":56,"language":"ENG","playtime":3139,"items_purged":["Strike_P","Strike_P","Crescendo+1"],"score":1896,"play_id":"a6ab74ac-2897-4d91-afd6-df0c61c0d156","local_time":"20210124153119","is_ascension_mode":true,"campfire_choices":[{"data":"Tantrum","floor":8.0,"key":"SMITH"},{"data":"DevaForm","floor":11.0,"key":"SMITH"},{"data":"TalkToTheHand","floor":13.0,"key":"SMITH"},{"data":"Vigilance","floor":15.0,"key":"SMITH"},{"floor":24.0,"key":"REST"},{"floor":27.0,"key":"REST"},{"data":"ThirdEye","floor":32.0,"key":"SMITH"},{"data":"Madness","floor":44.0,"key":"SMITH"},{"floor":49.0,"key":"RECALL"},{"floor":52.0,"key":"REST"}],"circlet_count":0,"master_deck":["AscendersBane","Defend_P+1","Defend_P+1","Eruption+1","Vigilance+1","FlyingSleeves+1","Nirvana+1","ThirdEye+1","FearNoEvil+1","Tantrum+1","BowlingBash+1","DevaForm+1","TalkToTheHand+1","ThirdEye+1","Wish+1","LessonLearned+1","Tantrum+1","Wallop+1","Adaptation+1","Master of Strategy+1","Vault+1","Madness+1","Madness+1","Wireheading+1","Wireheading+1","Prostrate"],"relics":["PureWater","NeowsBlessing","White Beast Statue","Old Coin","InkBottle","Strange Spoon","Snecko Eye","Red Mask","Bottled Tornado","Bird Faced Urn","Membership Card","Art of War","Mercury Hourglass","Empty Cage","Oddly Smooth Stone","Shuriken","Du-Vu Doll","Toy Ornithopter","Kunai","ClockworkSouvenir","Damaru","Bottled Lightning","HornCleat"],"acts_visited":["Exordium","TheCity","TheBeyond","TheEnding"],"potions_floor_usage":[55,55,55],"damage_taken":[{"damage":0.0,"enemies":"Cultist","floor":1.0,"turns":1.0},{"damage":0.0,"enemies":"Small Slimes","floor":3.0,"turns":1.0},{"damage":0.0,"enemies":"2 Louse","floor":4.0,"turns":1.0},{"damage":20.0,"enemies":"Lagavulin","floor":6.0,"turns":6.0},{"damage":7.0,"enemies":"3 Sentries","floor":10.0,"turns":4.0},{"damage":8.0,"enemies":"Looter","floor":14.0,"turns":3.0},{"damage":9.0,"enemies":"Slime Boss","floor":16.0,"turns":8.0},{"damage":16.0,"enemies":"Spheric Guardian","floor":18.0,"turns":6.0},{"damage":0.0,"enemies":"3 Byrds","floor":21.0,"turns":5.0},{"damage":12.0,"enemies":"Masked Bandits","floor":22.0,"turns":3.0},{"damage":8.0,"enemies":"Gremlin Leader","floor":23.0,"turns":7.0},{"damage":14.0,"enemies":"Slavers","floor":25.0,"turns":7.0},{"damage":0.0,"enemies":"Book of Stabbing","floor":30.0,"turns":6.0},{"damage":0.0,"enemies":"Automaton","floor":33.0,"turns":8.0},{"damage":3.0,"enemies":"3 Shapes","floor":35.0,"turns":4.0},{"damage":0.0,"enemies":"3 Darklings","floor":36.0,"turns":4.0},{"damage":0.0,"enemies":"Jaw Worm Horde","floor":39.0,"turns":4.0},{"damage":29.0,"enemies":"Reptomancer","floor":40.0,"turns":7.0},{"damage":0.0,"enemies":"Sphere and 2 Shapes","floor":42.0,"turns":4.0},{"damage":0.0,"enemies":"Mind Bloom Boss Battle","floor":45.0,"turns":4.0},{"damage":19.0,"enemies":"Nemesis","floor":46.0,"turns":6.0},{"damage":15.0,"enemies":"4 Shapes","floor":47.0,"turns":4.0},{"damage":9.0,"enemies":"Giant Head","floor":48.0,"turns":5.0},{"damage":27.0,"enemies":"Time Eater","floor":50.0,"turns":6.0},{"damage":11.0,"enemies":"Shield and Spear","floor":54.0,"turns":4.0},{"damage":30,"enemies":"The Heart","floor":55,"turns":7}],"seed_played":"-1680364486347073922","potions_obtained":[{"floor":3.0,"key":"LiquidMemories"},{"floor":4.0,"key":"LiquidMemories"},{"floor":10.0,"key":"Dexterity Potion"},{"floor":14.0,"key":"BlessingOfTheForge"},{"floor":16.0,"key":"DuplicationPotion"},{"floor":21.0,"key":"BlessingOfTheForge"},{"floor":22.0,"key":"EssenceOfSteel"},{"floor":23.0,"key":"Dexterity Potion"},{"floor":25.0,"key":"AttackPotion"},{"floor":30.0,"key":"SteroidPotion"},{"floor":42.0,"key":"Strength Potion"},{"floor":45.0,"key":"Dexterity Potion"},{"floor":46.0,"key":"SteroidPotion"},{"floor":48.0,"key":"CultistPotion"},{"floor":54.0,"key":"PowerPotion"}],"is_trial":false,"path_per_floor":["M","?","M","M","$","E","?","R","T","E","R","$","R","M","R","B",null,"M","?","$","M","?","E","R","E","T","R","?","$","E","T","R","B",null,"M","M","?","?","M","E","?","M","T","R","?","E","M","E","R","B",null,"R","$","E","B",null],"character_chosen":"WATCHER","items_purchased":["FearNoEvil","Tantrum","TalkToTheHand","Strange Spoon","LessonLearned","Tantrum","Membership Card","Master of Strategy","ClockworkSouvenir","Damaru","Bottled Lightning","Dexterity Potion","Prostrate"],"campfire_rested":3,"item_purchase_floors":[5,5,12,12,20,20,29,29,53,53,53,53,53],"current_hp_per_floor":[65,65,65,65,65,45,63,63,63,56,56,56,56,48,48,39,64,48,48,48,48,36,28,49,35,35,56,56,56,62,62,62,68,71,69,72,63,63,69,45,45,53,53,53,61,50,43,38,38,26,61,72,72,63,46],"gold":522,"neow_bonus":"THREE_ENEMY_KILL","is_daily":false,"chose_seed":false,"campfire_upgraded":6,"win_rate":0.0,"timestamp":1611495079,"path_taken":["M","?","?","M","?","E","?","R","T","E","R","$","R","M","R","BOSS","M","?","?","?","?","E","R","E","T","R","?","$","E","?","R","BOSS","M","?","?","?","?","E","?","?","T","R","?","E","M","E","R","BOSS","R","$","E","BOSS"],"items_purchased_type":["Card","Card","Card","Relic","Card","Card","Relic","Card","Relic","Relic","Relic","Potion","Card"],"build_version":"2020-12-22","purchased_purges":3,"victory":true,"max_hp_per_floor":[72,72,72,72,72,72,72,72,72,72,72,72,72,72,72,72,72,72,72,72,72,72,72,72,72,72,72,72,72,72,72,72,72,72,72,72,72,72,72,72,72,72,72,72,72,72,72,72,72,72,72,72,72,72,72],"card_choices":[{"not_picked":["Consecrate","Protect"],"picked":"FlyingSleeves","floor":1.0},{"not_picked":["Vengeance","ThirdEye"],"picked":"Nirvana","floor":3.0},{"not_picked":["Prostrate","EmptyBody"],"picked":"ThirdEye","floor":4.0},{"not_picked":["ClearTheMind","Alpha"],"picked":"BowlingBash","floor":6.0},{"not_picked":["Protect","Fasting2"],"picked":"DevaForm","floor":10.0},{"not_picked":["Wallop","CutThroughFate"],"picked":"ThirdEye","floor":14.0},{"not_picked":["Devotion","Brilliance"],"picked":"Wish","floor":16.0},{"not_picked":["BattleHymn","EmptyBody","PathToVictory+1"],"picked":"SKIP","floor":18.0},{"not_picked":["SignatureMove+1","Adaptation"],"picked":"Wallop+1","floor":21.0},{"not_picked":["Perseverance","Fasting2","SpiritShield"],"picked":"SKIP","floor":23.0},{"not_picked":["Sanctity+1","PathToVictory"],"picked":"Adaptation+1","floor":25.0},{"not_picked":["Halt","PathToVictory","Study"],"picked":"SKIP","floor":30.0},{"not_picked":["Omniscience","ConjureBlade"],"picked":"Vault","floor":33.0},{"not_picked":["Study","CutThroughFate"],"picked":"Crescendo+1","floor":35.0},{"not_picked":["CutThroughFate+1","InnerPeace","Consecrate+1"],"picked":"SKIP","floor":36.0},{"not_picked":["Protect+1","Indignation"],"picked":"Wireheading+1","floor":39.0},{"not_picked":["SandsOfTime+1","FlyingSleeves+1","WreathOfFlame"],"picked":"SKIP","floor":40.0},{"not_picked":["PathToVictory+1","ReachHeaven+1","Wallop+1"],"picked":"SKIP","floor":42.0},{"not_picked":["ReachHeaven+1","CarveReality","ForeignInfluence"],"picked":"SKIP","floor":46.0},{"not_picked":["Protect+1","Consecrate","JustLucky+1"],"picked":"SKIP","floor":47.0},{"not_picked":["Protect+1","Consecrate","JustLucky+1"],"picked":"SKIP","floor":47.0},{"not_picked":["Protect+1","SignatureMove"],"picked":"Wireheading+1","floor":48.0},{"not_picked":["SandsOfTime","ReachHeaven+1","Indignation+1"],"picked":"SKIP","floor":54.0}],"player_experience":190966,"relics_obtained":[{"floor":6.0,"key":"White Beast Statue"},{"floor":9.0,"key":"Old Coin"},{"floor":10.0,"key":"InkBottle"},{"floor":22.0,"key":"Red Mask"},{"floor":23.0,"key":"Bottled Tornado"},{"floor":25.0,"key":"Bird Faced Urn"},{"floor":30.0,"key":"Art of War"},{"floor":31.0,"key":"Mercury Hourglass"},{"floor":40.0,"key":"Oddly Smooth Stone"},{"floor":43.0,"key":"Shuriken"},{"floor":45.0,"key":"Du-Vu Doll"},{"floor":46.0,"key":"Toy Ornithopter"},{"floor":48.0,"key":"Kunai"},{"floor":54.0,"key":"HornCleat"}],"event_choices":[{"cards_removed":["Strike_P"],"damage_healed":0.0,"max_hp_gain":0.0,"max_hp_loss":0.0,"gold_gain":0.0,"event_name":"Bonfire Elementals","player_choice":"Offered Basic","floor":2.0,"gold_loss":0.0,"damage_taken":0.0},{"damage_healed":18.0,"max_hp_gain":0.0,"max_hp_loss":0.0,"gold_gain":0.0,"event_name":"The Cleric","player_choice":"Healed","floor":7.0,"gold_loss":35.0,"damage_taken":0.0},{"damage_healed":0.0,"max_hp_gain":0.0,"max_hp_loss":0.0,"gold_gain":100.0,"event_name":"Golden Shrine","player_choice":"Pray","floor":19.0,"gold_loss":0.0,"damage_taken":0.0},{"damage_healed":0.0,"max_hp_gain":0.0,"max_hp_loss":0.0,"gold_gain":0.0,"event_name":"Masked Bandits","player_choice":"Fought Bandits","floor":22.0,"gold_loss":0.0,"damage_taken":0.0},{"damage_healed":0.0,"max_hp_gain":0.0,"max_hp_loss":0.0,"gold_gain":0.0,"event_name":"Vampires","player_choice":"Ignored","floor":28.0,"gold_loss":0.0,"damage_taken":0.0},{"damage_healed":0.0,"max_hp_gain":0.0,"max_hp_loss":0.0,"gold_gain":0.0,"event_name":"Winding Halls","player_choice":"Embrace Madness","floor":37.0,"gold_loss":0.0,"damage_taken":9.0,"cards_obtained":["Madness","Madness"]},{"damage_healed":0.0,"max_hp_gain":0.0,"max_hp_loss":0.0,"gold_gain":100.0,"event_name":"Golden Shrine","player_choice":"Pray","floor":38.0,"gold_loss":0.0,"damage_taken":0.0},{"cards_removed":["Defend_P"],"damage_healed":0.0,"max_hp_gain":0.0,"max_hp_loss":0.0,"gold_gain":0.0,"event_name":"Purifier","player_choice":"Purged","floor":41.0,"gold_loss":0.0,"damage_taken":0.0},{"damage_healed":0.0,"max_hp_gain":0.0,"max_hp_loss":0.0,"gold_gain":0.0,"event_name":"MindBloom","player_choice":"Fight","floor":45.0,"gold_loss":0.0,"damage_taken":0.0}],"is_beta":false,"boss_relics":[{"not_picked":["Fusion Hammer","Astrolabe"],"picked":"Snecko Eye"},{"not_picked":["Runic Pyramid","Calling Bell"],"picked":"Empty Cage"}],"items_purged_floors":[12,29,53],"is_endless":false,"potions_floor_spawned":[3,4,10,14,16,18,21,22,23,25,30,33,35,36,39,40,42,45,46,47,48,54],"ascension_level":10}}