{"host":"uv5ws9rdk87e8i5k","time":1611514805,"event":{"mods":["AchievementEnabler","BaseMod","Colored Map","Minty Spire (QoL Compilation)","StSLib","SuperFastMode"],"gold_per_floor":[111,127,127,140,67,93,93,122,122,122,188,219,26,53,53,156,156,171,189,208,219,235,262,272,272,272,306,330,342,354,366,378,486,498,529,560,624,17,27,27,27,27],"floor_reached":41,"language":"ENG","playtime":1210,"items_purged":["Grand Finale+1"],"score":741,"play_id":"39cecaad-5671-4ccc-9095-5cf7569b391b","local_time":"20210124130005","is_ascension_mode":true,"campfire_choices":[{"data":"Cloak And Dagger","floor":7.0,"key":"SMITH"},{"data":"After Image","floor":10.0,"key":"SMITH"},{"data":"Infinite Blades","floor":15.0,"key":"SMITH"},{"floor":25,"key":"REST"},{"floor":32,"key":"REST"},{"data":"Venomology","floor":40,"key":"SMITH"}],"circlet_count":0,"master_deck":["Defend_G","Defend_G","Defend_G","Defend_G+1","Survivor","Neutralize","Finisher","After Image+1","Cloak And Dagger+1","Backstab","Dagger Throw","Finisher","Quick Slash","Blade Dance+1","Escape Plan","PiercingWail","Infinite Blades+1","Glass Knife+1","Storm of Steel+1","Dash+1","Blade Dance","Blade Dance","Venomology+1","Backstab+1","Accuracy","Backflip","Escape Plan","Terror+1"],"relics":["Ring of the Snake","Singing Bowl","Sundial","Pantograph","MealTicket","Lantern","Tiny Chest","Astrolabe","War Paint","Orichalcum","MawBank","Black Star","Blood Vial","Bottled Flame","TwistedFunnel"],"acts_visited":["Exordium","TheCity","TheBeyond"],"potions_floor_usage":[22,23,24,27,33,36,41,41],"damage_taken":[{"damage":4.0,"enemies":"Jaw Worm","floor":1.0,"turns":5.0},{"damage":0.0,"enemies":"Cultist","floor":2.0,"turns":5.0},{"damage":0.0,"enemies":"Small Slimes","floor":4.0,"turns":3.0},{"damage":0.0,"enemies":"Gremlin Nob","floor":6.0,"turns":3.0},{"damage":9.0,"enemies":"Lagavulin","floor":8.0,"turns":5.0},{"damage":0.0,"enemies":"Gremlin Nob","floor":12.0,"turns":3.0},{"damage":5.0,"enemies":"3 Sentries","floor":14.0,"turns":5.0},{"damage":44,"enemies":"Slime Boss","floor":16,"turns":10},{"damage":0,"enemies":"2 Thieves","floor":18,"turns":3},{"damage":0,"enemies":"Chosen","floor":19,"turns":3},{"damage":14,"enemies":"Centurion and Healer","floor":20,"turns":5},{"damage":20,"enemies":"Snake Plant","floor":21,"turns":7},{"damage":0,"enemies":"Sentry and Sphere","floor":22,"turns":3},{"damage":10,"enemies":"Book of Stabbing","floor":23,"turns":4},{"damage":0,"enemies":"Cultist and Chosen","floor":24,"turns":4},{"damage":18,"enemies":"Slavers","floor":27,"turns":7},{"damage":19,"enemies":"Snake Plant","floor":28,"turns":5},{"damage":62,"enemies":"Champ","floor":33,"turns":10},{"damage":4,"enemies":"Orb Walker","floor":35,"turns":3},{"damage":10,"enemies":"3 Darklings","floor":36,"turns":10},{"damage":27,"enemies":"4 Shapes","floor":39,"turns":4},{"damage":47,"enemies":"Nemesis","floor":41,"turns":5}],"seed_played":"6382683001630929534","potions_obtained":[{"floor":1.0,"key":"DistilledChaos"},{"floor":6.0,"key":"EssenceOfSteel"},{"floor":8.0,"key":"Swift Potion"},{"floor":16,"key":"Block Potion"},{"floor":21,"key":"Fire Potion"},{"floor":22,"key":"SteroidPotion"},{"floor":23,"key":"SkillPotion"},{"floor":28,"key":"Poison Potion"},{"floor":33,"key":"Swift Potion"}],"is_trial":false,"path_per_floor":["M","M","?","M","$","E","R","E","T","R","?","E","$","E","R","B",null,"M","M","M","M","M","E","M","R","T","E","M","?","?","?","R","B",null,"M","M","T","$","M","R","E"],"character_chosen":"THE_SILENT","items_purchased":["Finisher","Lantern","PiercingWail","Bottled Flame","TwistedFunnel","Backflip","Escape Plan"],"campfire_rested":2,"item_purchase_floors":[5,13,13,38,38,38,38],"current_hp_per_floor":[41,41,41,41,41,41,41,32,32,32,32,32,47,42,42,23,58,60,62,50,32,32,24,24,48,48,32,15,15,15,15,40,3,64,60,50,50,65,40,40,0,0],"gold":27,"neow_bonus":"TRANSFORM_TWO_CARDS","is_daily":false,"chose_seed":false,"campfire_upgraded":4,"win_rate":0.0,"timestamp":1611514805,"path_taken":["M","M","?","M","?","E","R","E","T","R","?","E","$","E","R","BOSS","M","M","M","M","M","E","M","R","T","E","M","?","?","?","R","BOSS","M","M","?","$","M","R","E"],"items_purchased_type":["Card","Relic","Card","Relic","Relic","Card","Card"],"build_version":"2020-12-22","purchased_purges":1,"victory":false,"max_hp_per_floor":[70,70,70,70,70,70,70,70,70,70,70,70,70,70,70,70,70,72,74,76,78,78,80,80,80,80,82,84,84,84,84,84,84,84,84,84,84,84,84,84,84,84],"card_choices":[{"not_picked":["Accuracy","Deflect"],"picked":"Cloak And Dagger","floor":1.0},{"not_picked":["Setup","Poisoned Stab"],"picked":"Backstab","floor":2.0},{"not_picked":["Catalyst","Endless Agony"],"picked":"Dagger Throw","floor":4.0},{"not_picked":["Wraith Form v2","Skewer"],"picked":"Quick Slash","floor":6.0},{"not_picked":["Reflex","Dash"],"picked":"Blade Dance","floor":8.0},{"not_picked":["PiercingWail","All Out Attack"],"picked":"Escape Plan","floor":12.0},{"not_picked":["Dagger Spray","Malaise"],"picked":"Infinite Blades","floor":14.0},{"not_picked":["Burst","Corpse Explosion"],"picked":"Glass Knife","floor":16},{"not_picked":["Quick Slash","Dodge and Roll+1","PiercingWail"],"picked":"Singing Bowl","floor":18},{"not_picked":["Deadly Poison","Underhanded Strike","Sucker Punch"],"picked":"Singing Bowl","floor":19},{"not_picked":["Dagger Throw","Poisoned Stab+1","Deadly Poison"],"picked":"Singing Bowl","floor":20},{"not_picked":["Riddle With Holes","Escape Plan","PiercingWail+1"],"picked":"Singing Bowl","floor":21},{"not_picked":["Wraith Form v2","Quick Slash"],"picked":"Blade Dance","floor":22},{"not_picked":["Flying Knee","Terror","Setup"],"picked":"Singing Bowl","floor":23},{"not_picked":["Prepared","Quick Slash"],"picked":"Blade Dance","floor":24},{"not_picked":["Dodge and Roll","Poisoned Stab","Dagger Spray"],"picked":"Singing Bowl","floor":27},{"not_picked":["Well Laid Plans","Outmaneuver","Noxious Fumes"],"picked":"Singing Bowl","floor":28},{"not_picked":["Unload","Bullet Time"],"picked":"Venomology","floor":33},{"not_picked":["Cloak And Dagger+1","Catalyst"],"picked":"Backstab+1","floor":35},{"not_picked":["Tactician","Deflect+1"],"picked":"Accuracy","floor":36},{"not_picked":["Underhanded Strike","Dash"],"picked":"Terror+1","floor":39}],"player_experience":232902,"relics_obtained":[{"floor":6.0,"key":"Singing Bowl"},{"floor":8.0,"key":"Sundial"},{"floor":9.0,"key":"Pantograph"},{"floor":12.0,"key":"MealTicket"},{"floor":14.0,"key":"Tiny Chest"},{"floor":23,"key":"War Paint"},{"floor":26,"key":"Orichalcum"},{"floor":27,"key":"MawBank"},{"floor":37,"key":"Blood Vial"}],"event_choices":[{"cards_removed":["Strike_G"],"damage_healed":0.0,"max_hp_gain":0.0,"max_hp_loss":0.0,"gold_gain":0.0,"event_name":"Bonfire Elementals","player_choice":"Offered Basic","floor":3.0,"gold_loss":0.0,"damage_taken":0.0},{"damage_healed":0.0,"max_hp_gain":0.0,"max_hp_loss":0.0,"gold_gain":66.0,"event_name":"Golden Wing","player_choice":"Gained Gold","floor":11.0,"gold_loss":0.0,"damage_taken":0.0},{"damage_healed":0,"gold_gain":0,"player_choice":"Ignored","damage_taken":0,"max_hp_gain":0,"max_hp_loss":0,"event_name":"Vampires","floor":29,"gold_loss":0},{"damage_healed":0,"gold_gain":0,"player_choice":"Ignored","damage_taken":0,"max_hp_gain":0,"max_hp_loss":0,"event_name":"Ghosts","floor":30,"gold_loss":0},{"damage_healed":0,"gold_gain":0,"player_choice":"Upgraded","damage_taken":0,"max_hp_gain":0,"max_hp_loss":0,"event_name":"Upgrade Shrine","floor":31,"gold_loss":0,"cards_upgraded":["Glass Knife"]}],"is_beta":false,"boss_relics":[{"not_picked":["Snecko Eye","Runic Pyramid"],"picked":"Astrolabe"},{"not_picked":["HoveringKite","Empty Cage"],"picked":"Black Star"}],"items_purged_floors":[38],"is_endless":false,"potions_floor_spawned":[1,6,8,16,21,22,23,28,33],"killed_by":"Nemesis","ascension_level":9}}