{"host":"qfskrnw3pl1q86j0","time":1611523532,"event":{"mods":["BaseMod","Block Reminder","Hermit","Marisa????????","Minty Spire (QoL Compilation)","Quick Restart","Random Character Button","Relic Stats","StSLib","The Poker Player","slay the spire mod where everything is the same but ironclad has a cowboy hat"],"gold_per_floor":[113,32,44,56,68,68,127,127,152,132,162,162,178,195,195,294,294,314,239,255,266,65,65,83,83,136,148,148,148,148,1,1,102,102,119,119,119],"floor_reached":36,"language":"ENG","playtime":1172,"items_purged":["Defend_MRS","Defend_MRS"],"score":389,"play_id":"4cc1e866-dd22-4aca-81cd-d976f8560fba","local_time":"20210124222532","is_ascension_mode":false,"campfire_choices":[{"data":"MasterSpark","floor":6.0,"key":"SMITH"},{"data":"OortCloud","floor":8,"key":"SMITH"},{"data":"OortCloud","floor":12,"key":"SMITH"},{"data":"SporeBomb","floor":15,"key":"SMITH"},{"data":"MilkyWay","floor":23,"key":"SMITH"},{"data":"DeepEcoloBomb","floor":25,"key":"SMITH"},{"data":"UpSweep","floor":30,"key":"SMITH"},{"data":"MilkyWay","floor":32,"key":"SMITH"}],"circlet_count":0,"master_deck":["MasterSpark+1","UpSweep+1","SporeBomb+1","OortCloud+1","PulseMagic","OortCloud+1","MilkyWay+1","DeepEcoloBomb+1","PowerUp","MilkyWay+1","ChargingUp","PulseMagic","GalacticHalo","PulseMagic","EnergyRecoil"],"relics":["MiniHakkero","Bag of Marbles","Centennial Puzzle","Boot","Meat on the Bone","Busted Crown","Tiny Chest","MutagenicStrength","Pandora\u0027s Box"],"acts_visited":["Exordium","TheCity","TheBeyond"],"potions_floor_usage":[27,33,33],"damage_taken":[{"damage":1.0,"enemies":"Jaw Worm","floor":1.0,"turns":3.0},{"damage":0.0,"enemies":"Cultist","floor":3.0,"turns":3.0},{"damage":1.0,"enemies":"2 Louse","floor":4.0,"turns":3.0},{"damage":2.0,"enemies":"2 Fungi Beasts","floor":5.0,"turns":3.0},{"damage":11,"enemies":"3 Sentries","floor":7,"turns":6},{"damage":0,"enemies":"Gremlin Nob","floor":11,"turns":3},{"damage":1,"enemies":"3 Louse","floor":13,"turns":3},{"damage":0,"enemies":"Blue Slaver","floor":14,"turns":4},{"damage":39,"enemies":"Slime Boss","floor":16,"turns":9},{"damage":0,"enemies":"Chosen","floor":18,"turns":4},{"damage":4,"enemies":"Spheric Guardian","floor":20,"turns":4},{"damage":10,"enemies":"Centurion and Healer","floor":21,"turns":6},{"damage":0,"enemies":"Snecko","floor":24,"turns":5},{"damage":0,"enemies":"3 Cultists","floor":27,"turns":4},{"damage":4,"enemies":"Champ","floor":33,"turns":6},{"damage":1,"enemies":"3 Shapes","floor":35,"turns":3},{"damage":20,"enemies":"Orin","floor":36,"turns":7}],"seed_played":"-943986547662337369","potions_obtained":[{"floor":1.0,"key":"Energy Potion"},{"floor":7,"key":"DistilledChaos"},{"floor":10,"key":"CultistPotion"},{"floor":11,"key":"Weak Potion"}],"is_trial":false,"path_per_floor":["M","$","M","M","M","R","?","R","T","?","E","R","M","M","R","B",null,"M","?","M","M","$","R","M","R","T","M","?","?","R","$","R","B",null,"M","?"],"character_chosen":"MARISA","items_purchased":["OortCloud","MilkyWay","DeepEcoloBomb","MilkyWay"],"campfire_rested":0,"item_purchase_floors":[2,22,22,31],"current_hp_per_floor":[74,74,74,73,71,71,60,60,60,60,60,60,59,59,59,32,75,75,75,71,61,61,61,61,61,61,61,61,61,61,61,61,57,75,74,54,54],"gold":119,"neow_bonus":"RANDOM_COMMON_RELIC","is_daily":false,"chose_seed":false,"campfire_upgraded":8,"win_rate":0.0,"timestamp":1611523532,"path_taken":["M","$","M","M","M","R","?","R","T","?","E","R","?","M","R","BOSS","M","?","M","M","$","R","M","R","T","M","?","?","R","$","R","BOSS","M","?"],"items_purchased_type":["Card","Card","Card","Card"],"build_version":"2020-12-22","purchased_purges":2,"victory":false,"max_hp_per_floor":[75,75,75,75,75,75,75,75,75,75,75,75,75,75,75,75,75,75,75,75,75,75,75,75,75,75,75,75,75,75,75,75,75,75,75,75,75],"relic_stats":{"Centennial Puzzle":[21],"Busted Crown":14,"counters":[17,76],"Tiny Chest":0,"Pandora\u0027s Box":["ChargingUp","PulseMagic","GalacticHalo","PulseMagic","EnergyRecoil"],"Boot":[10],"obtain_stats":[{"Centennial Puzzle":7,"Busted Crown":17,"MutagenicStrength":28,"Tiny Chest":26,"Pandora\u0027s Box":34,"Bag of Marbles":0,"MiniHakkero":0,"Boot":9,"Meat on the Bone":11},{"Centennial Puzzle":5,"Busted Crown":9,"MutagenicStrength":14,"Tiny Chest":13,"Pandora\u0027s Box":15,"Bag of Marbles":0,"MiniHakkero":0,"Boot":5,"Meat on the Bone":6},{"Centennial Puzzle":18,"Busted Crown":37,"MutagenicStrength":60,"Tiny Chest":56,"Pandora\u0027s Box":66,"Bag of Marbles":0,"MiniHakkero":0,"Boot":18,"Meat on the Bone":21}],"Meat on the Bone":12},"card_choices":[{"not_picked":["GravityBeat","GalacticHalo"],"picked":"SporeBomb","floor":1.0},{"not_picked":["EnergyRecoil","BlazeAway","WitchLeyline"],"picked":"SKIP","floor":3.0},{"not_picked":["DeepEcoloBomb","MysteriousBeam"],"picked":"PulseMagic","floor":4.0},{"not_picked":["PropBag","LuminesStrike","DC"],"picked":"SKIP","floor":5.0},{"not_picked":["FairyDestructionRay","BlazeAway"],"picked":"OortCloud","floor":7},{"not_picked":["ManaRampage","IllusionStar","DarkMatter"],"picked":"SKIP","floor":11},{"not_picked":["StarlightTyphoon","UnstableBomb","SporeBomb"],"picked":"SKIP","floor":13},{"not_picked":["ManaConvection","Acceleration","6A"],"picked":"SKIP","floor":14},{"not_picked":["StarlightTyphoon"],"picked":"SKIP","floor":18},{"not_picked":["ShootingEcho"],"picked":"SKIP","floor":20},{"not_picked":["GravityBeat"],"picked":"SKIP","floor":21},{"not_picked":["MysteriousBeam"],"picked":"SKIP","floor":24},{"not_picked":[],"picked":"PowerUp","floor":27},{"not_picked":["OpenUniverse+1"],"picked":"SKIP","floor":35}],"player_experience":1004337,"relics_obtained":[{"floor":7,"key":"Centennial Puzzle"},{"floor":9,"key":"Boot"},{"floor":11,"key":"Meat on the Bone"},{"floor":26,"key":"Tiny Chest"}],"event_choices":[{"damage_healed":0,"gold_gain":0,"player_choice":"Searched \u00271\u0027 times","damage_taken":0,"max_hp_gain":0,"max_hp_loss":0,"event_name":"Dead Adventurer","floor":7,"gold_loss":0},{"damage_healed":0,"gold_gain":0,"player_choice":"Bought 1 Potion","damage_taken":0,"max_hp_gain":0,"max_hp_loss":0,"event_name":"The Woman in Blue","floor":10,"gold_loss":0},{"cards_removed":["Strike_MRS"],"damage_healed":0,"gold_gain":0,"player_choice":"Gave Gold","damage_taken":0,"max_hp_gain":0,"max_hp_loss":0,"event_name":"Beggar","floor":19,"gold_loss":75},{"damage_healed":0,"gold_gain":0,"player_choice":"Inject Mutagens","damage_taken":0,"relics_obtained":["MutagenicStrength"],"max_hp_gain":0,"max_hp_loss":0,"event_name":"Drug Dealer","floor":28,"gold_loss":0},{"damage_healed":0,"gold_gain":0,"player_choice":"Ignored","damage_taken":0,"max_hp_gain":0,"max_hp_loss":0,"event_name":"Ghosts","floor":29,"gold_loss":0},{"damage_healed":0,"gold_gain":0,"player_choice":"Fight","damage_taken":0,"max_hp_gain":0,"max_hp_loss":0,"event_name":"OrinTheCat","floor":36,"gold_loss":0}],"is_beta":false,"boss_relics":[{"not_picked":["Cursed Key","Black Star"],"picked":"Busted Crown"},{"not_picked":["RampagingMagicTools","ExperimentalFamiliar"],"picked":"Pandora\u0027s Box"}],"items_purged_floors":[22,31],"is_endless":false,"potions_floor_spawned":[1,7,11,16,20,21,24],"killed_by":"Orin","ascension_level":0}}