{"host":"ba8edsagfc7m13s2","time":1611446605,"event":{"mods":["BaseMod","Colored Map","Downfall","GifTheSpireLib","Hubris","Infinite Spire","Jedi Mod","Minty Spire (QoL Compilation)","Permanent Neow","READ ME - Guardian Mod","Replay The Spire","Shop Mod","StSLib","The Jungle"],"gold_per_floor":[99,99,99,119,171,79,158,168,168,198,218,218,234,248,259,357,357,357,369,381,400,171,171,171,171,245,245,265,298,223,128,145,249,249,249,262,262,274,294,394,394,394,422,422,422,434,434,444,459,556,556,556,32,51,51,62,237,237,272,272,290,323,323,333,431,431,431,448,448,448,458,486,486,486,486,506,506,518,79,93,188,288,213,233,233,174,194,229,279,279,379,391,401,413,413],"floor_reached":102,"language":"FRA","playtime":29243,"items_purged":[],"score":2052,"play_id":"6f191ce2-4f93-4b2a-a53b-828edc560135","local_time":"20210124010325","is_ascension_mode":false,"campfire_choices":[{"data":"Slimebound:MassFeed","floor":9.0,"key":"SMITH"},{"data":"Slimebound:FormOfPuddle","floor":12.0,"key":"SMITH"},{"data":"Slimebound:WasteNot","floor":18.0,"key":"SMITH"},{"data":"Slimebound:Split","floor":25.0,"key":"SMITH"},{"data":"hubris:DuctTapeCard","floor":27.0,"key":"SMITH"},{"data":"Slimebound:LeadByExample","floor":30.0,"key":"SMITH"},{"data":"Slimebound:DuplicatedForm","floor":35.0,"key":"SMITH"},{"data":"Slimebound:SpikyOuterGoop","floor":45.0,"key":"SMITH"},{"data":"Slimebound:AcidTongue","floor":47.0,"key":"SMITH"},{"floor":52.0,"key":"DIG"},{"data":"Slimebound:SlimeSlap","floor":76.0,"key":"SMITH"},{"floor":78.0,"key":"RECALL"},{"floor":80.0,"key":"DIG"},{"data":"Slimebound:MassFeed","floor":86.0,"key":"SMITH"},{"floor":95.0,"key":"DIG"}],"circlet_count":0,"master_deck":["Slimebound:Strike_Slimebound","Slimebound:Strike_Slimebound","Slimebound:Tackle","Slimebound:Defend_Slimebound","Slimebound:Defend_Slimebound","Slimebound:Defend_Slimebound","Slimebound:Defend_Slimebound","Slimebound:Split+1","Slimebound:SamplingLick","Slimebound:GoopSpray","Slimebound:MassFeed+1","Slimebound:FormOfPuddle+1","Slimebound:HauntingLick","Slimebound:Repurpose","Slimebound:WasteNot+1","Slimebound:HauntingLick+1","Slimebound:LeechingTouch","Slimebound:SlimeSlap+1","Slimebound:Teamwork+1","Slimebound:MegaLick+1","Slimebound:SlimeSpikes","Slimebound:SplitAcid+1","Slimebound:LeadByExample+1","Slimebound:LivingWall+1","hubris:Fate+1","Slimebound:DivideAndConquer+1","Slimebound:SpikyOuterGoop+1","Slimebound:SpikyOuterGoop+1","Slimebound:LevelUp","Slimebound:MassRepurpose+1","Slimebound:DouseInSlime+1","Slimebound:FirmFortitude","Slimebound:SlimeTap+1","Slimebound:DuplicatedForm+1","Slimebound:ServeAndProtect+1","Pain","Slimebound:SplitMire+1","Slimebound:SplitLeeching+1","infinitespire:Fortify+1","Slimebound:SplitSpecialist+1","Slimebound:WasteNot+1","hubris:Wrath","Injury","Slimebound:AcidTongue+1","Slimebound:SplitLeeching+1","Slimebound:HauntingLick+1","Slimebound:Teamwork+1","Injury","ReplayTheSpireMod:Faulty Equipment","Parasite","Slimebound:SplitSpecialist+1","Slimebound:LeadByExample+1","jedi:thedog","Slimebound:SlimeSlap+1","Doubt","Slimebound:RollThrough","Slimebound:ComboTackle","Pain","Slimebound:RollThrough","Slimebound:MassFeed+1","Slimebound:BestDefense","infinitespire:SealOfDarkness+","Slimebound:ComboTackle+1","Slimebound:SlimeTap+1","Slimebound:LevelUp","Slimebound:SamplingLick+1","Slimebound:LeechLife","Slimebound:DouseInSlime+1","Slimebound:Equalize+1","Slimebound:LivingWall+1","Slimebound:MegaLick+1","Slimebound:Schlurp+1","Slimebound:SplitSpecialist+1","hubris:DuctTapeCard","Slimebound:SplitSpecialist+1","Slimebound:MassFeed","Slimebound:TongueLash+1"],"relics":["Slimebound:AbsorbEndCombat","PreservedInsect","hubris:Icosahedron","White Beast Statue","hubris:ToyBattleship","infinitespire:EmpoweringShard","Nunchaku","hubris:ScarierMask","Guide Book","TungstenRod","Honey Jar","The Courier","hubris:DuctTape","Toxic Egg 2","downfall:HeartBlessingGreen","ChewingGum","WarpedTongs","hubris:Teleporter","Letter Opener","infinitespire:Bottled Soul","Replay:Ancient Bell","Vajra","jedi:heavyjacket","Du-Vu Doll","War Paint","ReplayTheSpireMod:CursedCoin","jedi:matchstick","Replay:Multitool","Anchor","Bronze Scales","Potion Belt","Black Star","MutagenicStrength","Enchiridion","ReplayTheSpireMod:Ninjato","Lee\u0027s Waffle","ReplayTheSpireMod:Shallot","Art of War","Replay:Wanted Poster","downfall:HeartBlessingRed","infinitespire:CheckeredPen","Strawberry","jedi:firstaidkit","hubris:FunFungus","downfall:GremlinWheel"],"acts_visited":["Exordium","TheCity","TheBeyond","Exordium","TheCity","TheBeyond"],"potions_floor_usage":[],"damage_taken":[{"damage":4.0,"enemies":"Small Slimes","floor":4.0,"turns":3.0},{"damage":4.0,"enemies":"downfall:FleeingMerchant","floor":6.0,"turns":4.0},{"damage":0.0,"enemies":"Cultist","floor":8.0,"turns":3.0},{"damage":13.0,"enemies":"3 Sentries","floor":10.0,"turns":3.0},{"damage":1.0,"enemies":"2 Louse","floor":11.0,"turns":2.0},{"damage":14.0,"enemies":"Blue Slaver","floor":13.0,"turns":6.0},{"damage":3.0,"enemies":"Lots of Slimes","floor":14.0,"turns":2.0},{"damage":18.0,"enemies":"Exordium Thugs","floor":15.0,"turns":2.0},{"damage":30.0,"enemies":"downfall:Ironclad","floor":16.0,"turns":6.0},{"damage":12.0,"enemies":"3 Byrds","floor":19.0,"turns":5.0},{"damage":29.0,"enemies":"Snecko","floor":20.0,"turns":7.0},{"damage":26.0,"enemies":"Centurion and Healer","floor":21.0,"turns":6.0},{"damage":8.0,"enemies":"downfall:FleeingMerchant","floor":22.0,"turns":4.0},{"damage":9.0,"enemies":"Shelled Parasite and Fungi","floor":28.0,"turns":2.0},{"damage":27.0,"enemies":"Nightmare","floor":29.0,"turns":7.0},{"damage":25.0,"enemies":"downfall:FleeingMerchant","floor":31.0,"turns":4.0},{"damage":0.0,"enemies":"Sentry and Sphere","floor":32.0,"turns":3.0},{"damage":9.0,"enemies":"downfall:Silent","floor":33.0,"turns":6.0},{"damage":13.0,"enemies":"Orb Walker","floor":36.0,"turns":3.0},{"damage":3.0,"enemies":"3 Darklings","floor":38.0,"turns":3.0},{"damage":3.0,"enemies":"4 Shapes","floor":39.0,"turns":5.0},{"damage":3.0,"enemies":"infinitespire:Three Voidlings","floor":40.0,"turns":2.0},{"damage":78.0,"enemies":"Nightmare_Alpha","floor":40.0,"turns":7.0},{"damage":0.0,"enemies":"Giant Head","floor":43.0,"turns":2.0},{"damage":14.0,"enemies":"Jaw Worm Horde","floor":46.0,"turns":4.0},{"damage":15.0,"enemies":"Transient","floor":48.0,"turns":3.0},{"damage":20.0,"enemies":"Writhing Mass","floor":49.0,"turns":4.0},{"damage":8.0,"enemies":"downfall:Defect","floor":50.0,"turns":2.0},{"damage":20.0,"enemies":"Cultist","floor":54.0,"turns":5.0},{"damage":6.0,"enemies":"Jaw Worm","floor":56.0,"turns":6.0},{"damage":0.0,"enemies":"Gremlin Nob","floor":60.0,"turns":2.0},{"damage":3.0,"enemies":"Small Slimes","floor":62.0,"turns":6.0},{"damage":9.0,"enemies":"Lagavulin","floor":63.0,"turns":5.0},{"damage":3.0,"enemies":"Red Slaver","floor":66.0,"turns":5.0},{"damage":49.0,"enemies":"Fading Forest","floor":67.0,"turns":7.0},{"damage":15.0,"enemies":"3 Byrds","floor":70.0,"turns":2.0},{"damage":9.0,"enemies":"Centurion and Healer","floor":73.0,"turns":4.0},{"damage":0.0,"enemies":"Slavers","floor":75.0,"turns":1.0},{"damage":0.0,"enemies":"Cultist and Chosen","floor":79.0,"turns":2.0},{"damage":3.0,"enemies":"3 Cultists","floor":81.0,"turns":3.0},{"damage":0.0,"enemies":"Sentry and Sphere","floor":83.0,"turns":4.0},{"damage":23.0,"enemies":"Automaton","floor":84.0,"turns":4.0},{"damage":20.0,"enemies":"3 Shapes","floor":87.0,"turns":3.0},{"damage":14.0,"enemies":"3 Darklings","floor":90.0,"turns":2.0},{"damage":14.0,"enemies":"R_Hoarder","floor":92.0,"turns":4.0},{"damage":0.0,"enemies":"R_Hoarder","floor":94.0,"turns":4.0},{"damage":0,"enemies":"R_Hoarder","floor":96,"turns":2},{"damage":0,"enemies":"Jaw Worm Horde","floor":97,"turns":2},{"damage":8,"enemies":"4 Shapes","floor":98,"turns":6},{"damage":1,"enemies":"Sphere and 2 Shapes","floor":100,"turns":2},{"damage":16,"enemies":"infinitespire:MassOfShapes","floor":101,"turns":6}],"seed_played":"1905582228904625192","potions_obtained":[{"floor":4.0,"key":"Flashbang"},{"floor":5.0,"key":"Weak Potion"},{"floor":6.0,"key":"GamblersBrew"},{"floor":10.0,"key":"LiquidMemories"},{"floor":11.0,"key":"jedi:tentaclejuice"},{"floor":13.0,"key":"Doom Potion"},{"floor":14.0,"key":"BlessingOfTheForge"},{"floor":16.0,"key":"SteroidPotion"},{"floor":19.0,"key":"Toxic Potion"},{"floor":20.0,"key":"jedi:wingpotion"},{"floor":21.0,"key":"CultistPotion"},{"floor":28.0,"key":"Slimebound:SpawnSlimePotion"},{"floor":29.0,"key":"hexamod:EctoCoolerPotion"},{"floor":31.0,"key":"Weak Potion"},{"floor":32.0,"key":"CultistPotion"},{"floor":33.0,"key":"Elixir"},{"floor":36.0,"key":"Explosive Potion"},{"floor":38.0,"key":"Elixir"},{"floor":39.0,"key":"Energy Potion"},{"floor":40.0,"key":"BlessingOfTheForge"},{"floor":43.0,"key":"Explosive Potion"},{"floor":46.0,"key":"SmokeBomb"},{"floor":48.0,"key":"Elixir"},{"floor":49.0,"key":"FearPotion"},{"floor":50.0,"key":"Explosive Potion"},{"floor":54.0,"key":"Elixir"},{"floor":56.0,"key":"Strength Potion"},{"floor":60.0,"key":"Dexterity Potion"},{"floor":62.0,"key":"Swift Potion"},{"floor":63.0,"key":"AttackPotion"},{"floor":66.0,"key":"Energy Potion"},{"floor":67.0,"key":"Fire Potion"},{"floor":70.0,"key":"Explosive Potion"},{"floor":73.0,"key":"sneckomod:MuddlingPotion"},{"floor":75.0,"key":"BlessingOfTheForge"},{"floor":79.0,"key":"GamblersBrew"},{"floor":81.0,"key":"Adrenaline Potion"},{"floor":83.0,"key":"SneckoOil"},{"floor":84.0,"key":"jedi:StrikingPotion"},{"floor":87.0,"key":"SkillPotion"},{"floor":90.0,"key":"FearPotion"},{"floor":92.0,"key":"Milkshake"},{"floor":94.0,"key":"hexamod:SoulburnPotion"},{"floor":96,"key":"FearPotion"},{"floor":97,"key":"hexamod:SoulburnPotion"},{"floor":98,"key":"Dexterity Potion"},{"floor":100,"key":"sneckomod:MuddlingPotion"}],"is_trial":false,"path_per_floor":["R_BF","?","?","M","?","$","T","M","R","E","M","R","M","M","M","B",null,"R_BF","M","M","M","$","AVR","T","R","T","R","M","NM","R","$","M","B",null,"R_BF","M","?","M","M","?","T","?","E","?","R","M","R","M","M","B",null,"R_BF","$","M","?","M","?","AVR","E","?","M","E","R","M","B",null,"R","M","?","?","M","E","R","?","R","M","R","M","$","M","B",null,"R","M","?","$","M","E","?","R","?","M","M","M","B",null],"character_chosen":"SLIMEBOUND","items_purchased":["Slimebound:FormOfPuddle","Guide Book","Slimebound:LeadByExample","Slimebound:SpikyOuterGoop","Slimebound:LevelUp","Slimebound:MassRepurpose+1","Slimebound:DouseInSlime+1","Slimebound:FirmFortitude","ReplayTheSpireMod:CursedCoin","jedi:matchstick","Replay:Multitool","Slimebound:SplitSpecialist+1","Anchor","Lee\u0027s Waffle","ReplayTheSpireMod:Shallot","Art of War","Slimebound:LivingWall+1"],"campfire_rested":0,"item_purchase_floors":[6,22,22,31,31,31,31,31,53,53,53,53,53,82,82,82,89],"current_hp_per_floor":[60,53,58,65,65,65,65,65,65,70,77,77,75,97,95,103,109,109,113,100,96,112,112,112,112,112,112,121,119,119,125,133,137,137,137,137,137,141,149,114,114,114,118,118,118,151,151,157,157,153,161,161,161,163,163,167,167,167,167,167,171,171,171,171,171,171,171,174,174,174,174,174,174,159,159,166,166,181,190,194,198,198,198,206,206,206,206,213,213,213,217,217,221,229,233],"gold":413,"neow_bonus":"RANDOM_COMMON_RELIC","is_daily":false,"chose_seed":false,"campfire_upgraded":11,"win_rate":0.0,"timestamp":1611446605,"path_taken":["R_BF","?","?","M","?","$","T","M","R","E","M","R","?","M","M","BOSS","R_BF","M","M","?","$","AVR","T","R","?","R","M","NM","R","$","M","BOSS","R_BF","M","?","?","M","?","T","?","E","?","R","M","R","M","M","BOSS","R_BF","$","M","?","M","?","AVR","E","?","?","E","R","M","BOSS","R","M","?","?","?","E","R","?","R","M","R","M","$","M","BOSS","R","M","?","$","M","E","?","R","?","M","?","M","BOSS"],"items_purchased_type":["Card","Relic","Card","Card","Card","Card","Card","Card","Relic","Relic","Relic","Card","Relic","Relic","Relic","Relic","Card"],"build_version":"2020-12-22","purchased_purges":0,"victory":true,"max_hp_per_floor":[60,60,65,65,65,65,65,65,65,73,77,77,81,97,105,109,109,109,113,117,117,117,117,117,117,117,117,121,125,125,129,133,137,137,137,137,137,141,149,157,157,157,157,157,157,157,157,157,161,161,161,161,161,163,163,167,167,167,167,167,171,171,171,171,171,171,171,174,174,174,174,174,174,174,174,177,177,183,190,194,198,198,198,206,206,206,206,213,213,213,217,217,221,229,233],"card_choices":[{"not_picked":["Slimebound:PressTheAttack","Slimebound:ItLooksTasty"],"picked":"Slimebound:SamplingLick","floor":4.0},{"not_picked":["Slimebound:ComboTackle","Slimebound:GrowthPunch"],"picked":"Slimebound:GoopSpray","floor":5.0},{"not_picked":["Slimebound:DivideAndConquer","Slimebound:SplitAcid"],"picked":"Slimebound:RainOfGoop","floor":5.0},{"not_picked":["Slimebound:SamplingLick","Slimebound:SplitLeeching"],"picked":"Slimebound:MassFeed","floor":6.0},{"not_picked":["Slimebound:SlimeBrawl","Slimebound:LeechEnergy"],"picked":"Slimebound:HauntingLick","floor":8.0},{"not_picked":["Slimebound:SamplingLick","Slimebound:SplitBruiser"],"picked":"Slimebound:Repurpose","floor":10.0},{"not_picked":["Slimebound:ServeAndProtect","Slimebound:RollThrough"],"picked":"Slimebound:WasteNot","floor":11.0},{"not_picked":["Slimebound:Grow","Slimebound:SamplingLick"],"picked":"Slimebound:HauntingLick","floor":13.0},{"not_picked":["Slimebound:Schlurp","Slimebound:PressTheAttack"],"picked":"Slimebound:LeechingTouch","floor":14.0},{"not_picked":["Slimebound:Grow","Slimebound:PressTheAttack"],"picked":"Slimebound:SlimeSlap","floor":15.0},{"not_picked":["Slimebound:MassRepurpose","Slimebound:WasteNot"],"picked":"Slimebound:Teamwork","floor":16.0},{"not_picked":["Slimebound:PressTheAttack","Slimebound:Schlurp+1"],"picked":"Slimebound:MegaLick","floor":19.0},{"not_picked":["Slimebound:GoopSpray","Slimebound:SlimeBarrage","Slimebound:ForwardTackle"],"picked":"SKIP","floor":20.0},{"not_picked":["Slimebound:GrowthPunch+1","Slimebound:DivideAndConquer"],"picked":"Slimebound:SlimeSpikes","floor":21.0},{"not_picked":["Slimebound:MassFeed","Slimebound:SplitBruiser"],"picked":"Slimebound:SplitAcid+1","floor":22.0},{"not_picked":["Slimebound:ServeAndProtect","Slimebound:FormOfPuddle","Slimebound:RollThrough"],"picked":"Slimebound:LivingWall+1","floor":28.0},{"not_picked":["infinitespire:Menacing+1","hubris:Rewind+1"],"picked":"hubris:Fate+1","floor":29.0},{"not_picked":["Slimebound:ViciousTackle","Slimebound:ItLooksTasty","Slimebound:ComboTackle+1"],"picked":"Slimebound:DivideAndConquer+1","floor":29.0},{"not_picked":["Slimebound:Schlurp+1","Slimebound:RollThrough","Slimebound:SplitMire+1"],"picked":"Slimebound:SpikyOuterGoop","floor":31.0},{"not_picked":["Slimebound:SplitBruiser+1","Slimebound:SlimeSpikes+1","Slimebound:FinishingTackle"],"picked":"Slimebound:SlimeTap+1","floor":32.0},{"not_picked":["Slimebound:LeechLife","Slimebound:SlimeSlap","Slimebound:MinionMaster"],"picked":"Slimebound:DuplicatedForm","floor":33.0},{"not_picked":["Slimebound:DivideAndConquer+1","Slimebound:SplitBruiser+1","Slimebound:FinishingTackle"],"picked":"Slimebound:ServeAndProtect+1","floor":36.0},{"not_picked":["Slimebound:ComboTackle","Slimebound:Gluttony+1","Slimebound:MassRepurpose+1"],"picked":"Slimebound:SplitMire+1","floor":38.0},{"not_picked":["Slimebound:ItLooksTasty+1","Slimebound:SplitMire+1","Slimebound:SplitBruiser+1"],"picked":"Slimebound:SplitLeeching+1","floor":39.0},{"not_picked":["ReplayTheSpireMod:Chaos Vortex","infinitespire:NeuralNetwork"],"picked":"infinitespire:Fortify","floor":40.0},{"not_picked":["Slimebound:SpikyOuterGoop+1","Slimebound:Darklings+1","Slimebound:SamplingLick+1"],"picked":"Slimebound:SplitSpecialist+1","floor":40.0},{"not_picked":["Slimebound:Repurpose+1","Slimebound:DivideAndConquer+1","Slimebound:FinishingTackle+1"],"picked":"Slimebound:WasteNot+1","floor":43.0},{"not_picked":["infinitespire:Oblivion","ReplayTheSpireMod:Echoes of Time"],"picked":"infinitespire:SealOfDarkness+","floor":44.0},{"not_picked":["Slimebound:LevelUp+1","Slimebound:Repurpose+1","Slimebound:Grow"],"picked":"Slimebound:AcidTongue","floor":46.0},{"not_picked":["Slimebound:ViciousTackle+1","Slimebound:LeechEnergy+1","Slimebound:GrowthPunch"],"picked":"Slimebound:SplitLeeching+1","floor":48.0},{"not_picked":["Slimebound:SamplingLick+1","Slimebound:Dissolve+1","Slimebound:Schlurp+1"],"picked":"Slimebound:HauntingLick+1","floor":49.0},{"not_picked":["Slimebound:TagTeam","Slimebound:MassRepurpose+1","Slimebound:SlimeSlap"],"picked":"Slimebound:Teamwork+1","floor":50.0},{"not_picked":["hubris:Sloth","Looming Evil","Replay:UnknownCurse"],"picked":"Injury","floor":51.0},{"not_picked":["ReplayTheSpireMod:Doomed","Replay:UnknownCurse","Normality"],"picked":"Voices","floor":51.0},{"not_picked":["hubris:Lust","Doubt","CurseOfTheBell"],"picked":"ReplayTheSpireMod:Faulty Equipment","floor":51.0},{"not_picked":["Slimebound:GrowthPunch","Slimebound:ComboTackle","Slimebound:FinishingTackle"],"picked":"Slimebound:LeadByExample","floor":54.0},{"not_picked":["Slimebound:Schlurp+1","Slimebound:SplitAcid+1","Slimebound:ViciousTackle"],"picked":"Slimebound:SlimeSlap","floor":56.0},{"not_picked":["Slimebound:SlimeBrawl+1","Slimebound:FinishingTackle","Slimebound:ProtectTheBoss"],"picked":"Slimebound:RollThrough","floor":60.0},{"not_picked":["Slimebound:RollThrough","Slimebound:SamplingLick+1","Slimebound:FinishingTackle"],"picked":"Slimebound:ComboTackle","floor":62.0},{"not_picked":["Slimebound:SplitLeeching+1","Slimebound:PressTheAttack","Slimebound:GoopTackle"],"picked":"Slimebound:TongueLash","floor":63.0},{"not_picked":["Slimebound:SlimeBrawl+1","Slimebound:LeadByExample","Slimebound:SplitLeeching+1"],"picked":"Slimebound:RollThrough","floor":66.0},{"not_picked":["Slimebound:CheckThePlaybook+1","Slimebound:PrepareCrush+1","Slimebound:SlimeSlap"],"picked":"Slimebound:MassFeed","floor":67.0},{"not_picked":["Slimebound:ServeAndProtect+1","Slimebound:GoopSpray+1","Slimebound:SplitMire+1"],"picked":"Slimebound:BestDefense","floor":70.0},{"not_picked":["ReplayTheSpireMod:??????????????????????","ReplayTheSpireMod:Book of Names"],"picked":"infinitespire:SealOfDarkness+","floor":73.0},{"not_picked":["Slimebound:Dissolve+1","Slimebound:SelfFormingGoo","Slimebound:SlimeSpikes+1"],"picked":"Slimebound:ComboTackle+1","floor":73.0},{"not_picked":["Slimebound:TongueLash","Slimebound:Nibble","Slimebound:PrepareCrush+1"],"picked":"Slimebound:SlimeTap+1","floor":75.0},{"not_picked":["Slimebound:SplitAcid+1","Slimebound:LeechingTouch","Slimebound:Dissolve+1"],"picked":"Slimebound:LevelUp","floor":79.0},{"not_picked":["Slimebound:Schlurp+1","Slimebound:ProtectTheBoss","Slimebound:SplitBruiser+1"],"picked":"Slimebound:SamplingLick+1","floor":81.0},{"not_picked":["Slimebound:ProtectTheBoss+1","Slimebound:GrowthPunch+1","Slimebound:Schlurp+1"],"picked":"Slimebound:LeechLife","floor":83.0},{"not_picked":["Slimebound:CheckThePlaybook+1","Slimebound:DuplicatedForm","Slimebound:PrepareCrush+1"],"picked":"Slimebound:DouseInSlime+1","floor":84.0},{"not_picked":["Slimebound:SplitBruiser+1","Slimebound:ItLooksTasty+1","Slimebound:GoopSpray+1"],"picked":"Slimebound:Equalize+1","floor":87.0},{"not_picked":["Slimebound:HauntingLick+1","Slimebound:SlimeBarrage","Slimebound:SplitBruiser+1"],"picked":"Slimebound:MegaLick+1","floor":90.0},{"not_picked":["Slimebound:SplitAcid+1","Slimebound:GoopTackle","Slimebound:GrowthPunch"],"picked":"Slimebound:Schlurp+1","floor":92.0},{"not_picked":["Slimebound:SlimeBarrage+1","Slimebound:ViciousTackle","Slimebound:Schlurp+1"],"picked":"Slimebound:SplitSpecialist+1","floor":94.0},{"not_picked":["Slimebound:LeechingTouch+1","Slimebound:Gluttony","Slimebound:HauntingLick+1"],"picked":"Slimebound:SplitSpecialist+1","floor":97},{"not_picked":["Slimebound:SlimeBarrage+1","Slimebound:ServeAndProtect+1","Slimebound:GoopTackle"],"picked":"Slimebound:MassFeed","floor":98},{"not_picked":["Slimebound:HauntingLick+1","Slimebound:GrowthPunch","Slimebound:LeadByExample+1"],"picked":"Slimebound:TongueLash+1","floor":100}],"player_experience":3226606,"relics_obtained":[{"floor":5.0,"key":"hubris:ToyBattleship"},{"floor":7.0,"key":"infinitespire:EmpoweringShard"},{"floor":10.0,"key":"Nunchaku"},{"floor":24.0,"key":"The Courier"},{"floor":26.0,"key":"hubris:DuctTape"},{"floor":29.0,"key":"Toxic Egg 2"},{"floor":40.0,"key":"hubris:Teleporter"},{"floor":41.0,"key":"Letter Opener"},{"floor":43.0,"key":"infinitespire:Bottled Soul"},{"floor":52.0,"key":"War Paint"},{"floor":77.0,"key":"Enchiridion"},{"floor":80.0,"key":"ReplayTheSpireMod:Ninjato"},{"floor":92.0,"key":"infinitespire:CheckeredPen"},{"floor":92.0,"key":"Strawberry"},{"floor":94.0,"key":"jedi:firstaidkit"},{"floor":95.0,"key":"hubris:FunFungus"},{"floor":96,"key":"downfall:GremlinWheel"}],"event_choices":[{"damage_healed":0.0,"max_hp_gain":0.0,"max_hp_loss":0.0,"gold_gain":0.0,"event_name":"Scrap Ooze","player_choice":"Success","floor":2.0,"gold_loss":0.0,"damage_taken":7.0,"relics_obtained":["White Beast Statue"]},{"damage_healed":0.0,"max_hp_gain":5.0,"max_hp_loss":0.0,"gold_gain":0.0,"event_name":"Big Fish","player_choice":"Donut","floor":3.0,"gold_loss":0.0,"damage_taken":0.0},{"damage_healed":0.0,"max_hp_gain":0.0,"max_hp_loss":0.0,"gold_gain":0.0,"event_name":"Accursed Blacksmith","player_choice":"Rummage","floor":37.0,"gold_loss":0.0,"damage_taken":0.0,"relics_obtained":["WarpedTongs"],"cards_obtained":["Pain"]},{"cards_removed":["Slimebound:Strike_Slimebound"],"damage_healed":0.0,"max_hp_gain":0.0,"max_hp_loss":0.0,"gold_gain":0.0,"event_name":"Falling","player_choice":"Removed Attack","floor":42.0,"gold_loss":0.0,"damage_taken":0.0},{"damage_healed":0.0,"max_hp_gain":0.0,"max_hp_loss":0.0,"gold_gain":0.0,"event_name":"Drug Dealer","player_choice":"Inject Mutagens","floor":69.0,"gold_loss":0.0,"damage_taken":0.0,"relics_obtained":["MutagenicStrength"]},{"damage_healed":0.0,"max_hp_gain":0.0,"max_hp_loss":0.0,"gold_gain":0.0,"event_name":"Ghosts","player_choice":"Ignored","floor":71.0,"gold_loss":0.0,"damage_taken":0.0},{"damage_healed":0.0,"max_hp_gain":0.0,"max_hp_loss":0.0,"gold_gain":0.0,"event_name":"Upgrade Shrine","player_choice":"Upgraded","floor":72.0,"gold_loss":0.0,"damage_taken":0.0,"cards_upgraded":["Slimebound:LeadByExample"]},{"cards_removed":["Slimebound:TongueLash"],"damage_healed":0.0,"max_hp_gain":0.0,"max_hp_loss":0.0,"gold_gain":0.0,"event_name":"Falling","player_choice":"Removed Attack","floor":88.0,"gold_loss":0.0,"damage_taken":0.0}],"is_beta":false,"boss_relics":[{"not_picked":["Replay:Bronze Core","jedi:hotpepper"],"picked":"hubris:ScarierMask"},{"not_picked":["Velvet Choker","jedi:battlestandard"],"picked":"ChewingGum"},{"not_picked":["Pandora\u0027s Box","Runic Dome"],"picked":"Replay:Ancient Bell"},{"not_picked":["Replay:Wax Seal","Art of War"],"picked":"Vajra"},{"not_picked":["hubris:Metronome","Replay:Accelerometer"],"picked":"jedi:heavyjacket"},{"not_picked":["Prayer Wheel","jedi:purplefairy"],"picked":"Du-Vu Doll"},{"not_picked":["Kintsugi","SlaversCollar"],"picked":"Black Star"},{"not_picked":["infinitespire:Cupcake","Empty Cage"],"picked":"Replay:Wanted Poster"}],"items_purged_floors":[],"is_endless":false,"potions_floor_spawned":[4,6,8,10,11,13,14,15,16,19,20,21,22,28,29,31,32,33,36,38,39,40,40,43,46,48,49,50,54,56,60,62,63,66,67,70,73,75,79,81,83,84,87,90,92,94,96,97,98,100],"ascension_level":0}}