{"host":"zj59u6rib3fz4c79","time":1611517841,"event":{"mods":["AchievementEnabler","BaseMod","Bestiary","Colored Map","Colored Powertips","Highlight Path","Minty Spire (QoL Compilation)","StSLib"],"gold_per_floor":[115,115,132,148,148,148,164,192,192,192,210,210,210,224,224,326,326,326,326,326,326,326,326,326],"floor_reached":23,"language":"ENG","playtime":1831,"items_purged":[],"score":212,"play_id":"8f8fae5c-ef3a-48bc-a0c8-818b4d0554ff","local_time":"20210124135041","is_ascension_mode":true,"campfire_choices":[{"floor":6,"key":"RECALL"},{"floor":10,"key":"REST"},{"data":"Armaments","floor":12,"key":"SMITH"},{"data":"Seeing Red","floor":15,"key":"SMITH"}],"circlet_count":0,"master_deck":["Strike_R","Strike_R","Strike_R","Strike_R","Strike_R","Defend_R+1","Defend_R","Bash+1","Armaments+1","Entrench+1","Shrug It Off","Seeing Red+1","Limit Break","Battle Trance"],"relics":["Burning Blood","FossilizedHelix","Matryoshka","Ectoplasm"],"acts_visited":["Exordium","TheCity"],"potions_floor_usage":[8,16,19,22,22],"damage_taken":[{"damage":7,"enemies":"2 Louse","floor":1,"turns":3},{"damage":5,"enemies":"Cultist","floor":3,"turns":4},{"damage":9,"enemies":"Jaw Worm","floor":4,"turns":3},{"damage":12,"enemies":"Exordium Wildlife","floor":7,"turns":5},{"damage":23,"enemies":"Gremlin Nob","floor":8,"turns":5},{"damage":0,"enemies":"2 Fungi Beasts","floor":11,"turns":4},{"damage":1,"enemies":"Red Slaver","floor":14,"turns":3},{"damage":40,"enemies":"Slime Boss","floor":16,"turns":17},{"damage":24,"enemies":"Shell Parasite","floor":18,"turns":7},{"damage":7,"enemies":"3 Byrds","floor":19,"turns":7},{"damage":47,"enemies":"Shelled Parasite and Fungi","floor":22,"turns":8},{"damage":23,"enemies":"Gremlin Leader","floor":23,"turns":6}],"seed_played":"6154663232573482789","potions_obtained":[{"floor":1,"key":"SpeedPotion"},{"floor":11,"key":"GamblersBrew"},{"floor":14,"key":"Ancient Potion"},{"floor":16,"key":"DuplicationPotion"},{"floor":18,"key":"DuplicationPotion"}],"is_trial":false,"path_per_floor":["M","?","M","M","?","R","M","E","T","R","M","R","T","M","R","B",null,"M","M","$","?","M","E"],"character_chosen":"IRONCLAD","items_purchased":[],"campfire_rested":1,"item_purchase_floors":[],"current_hp_per_floor":[79,79,80,77,61,61,55,38,38,62,68,68,68,73,73,39,80,62,61,61,61,20,0,0],"gold":326,"neow_bonus":"REMOVE_CARD","is_daily":false,"chose_seed":false,"campfire_upgraded":2,"win_rate":0.0,"timestamp":1611517841,"path_taken":["M","?","?","M","?","R","M","E","T","R","M","R","?","M","R","BOSS","M","M","$","?","M","E"],"items_purchased_type":[],"build_version":"2020-12-22","purchased_purges":0,"victory":false,"max_hp_per_floor":[80,80,80,80,80,80,80,80,80,80,80,80,80,80,80,80,80,80,80,80,80,80,80,80],"card_choices":[{"not_picked":["Intimidate","Body Slam"],"picked":"Armaments","floor":1},{"not_picked":["Sword Boomerang","Warcry","True Grit"],"picked":"SKIP","floor":3},{"not_picked":["Offering","Perfected Strike"],"picked":"Shrug It Off","floor":4},{"not_picked":["Perfected Strike","Thunderclap","Clash"],"picked":"SKIP","floor":7},{"not_picked":["Double Tap","Anger","Uppercut"],"picked":"SKIP","floor":8},{"not_picked":["Flex","Blood for Blood","Flame Barrier"],"picked":"SKIP","floor":11},{"not_picked":["Ghostly Armor","Dropkick"],"picked":"Seeing Red","floor":14},{"not_picked":["Bludgeon","Brutality"],"picked":"Limit Break","floor":16},{"not_picked":["Flex","Sword Boomerang","Entrench"],"picked":"SKIP","floor":18},{"not_picked":["Rage","Headbutt","Second Wind"],"picked":"SKIP","floor":19},{"not_picked":["Warcry","Sever Soul"],"picked":"Battle Trance","floor":22}],"player_experience":58264,"relics_obtained":[{"floor":8,"key":"FossilizedHelix"},{"floor":13,"key":"Matryoshka"}],"event_choices":[{"damage_healed":0,"gold_gain":0,"cards_transformed":["Defend_R"],"player_choice":"Transformed","damage_taken":0,"max_hp_gain":0,"max_hp_loss":0,"event_name":"Transmorgrifier","floor":2,"gold_loss":0,"cards_obtained":["Entrench"]},{"damage_healed":0,"gold_gain":0,"player_choice":"Entered Light","damage_taken":16,"max_hp_gain":0,"max_hp_loss":0,"event_name":"Shining Light","floor":5,"gold_loss":0,"cards_upgraded":["Entrench","Defend_R"]},{"damage_healed":0,"gold_gain":0,"player_choice":"Upgraded","damage_taken":0,"max_hp_gain":0,"max_hp_loss":0,"event_name":"Upgrade Shrine","floor":21,"gold_loss":0,"cards_upgraded":["Bash"]}],"is_beta":false,"boss_relics":[{"not_picked":["Cursed Key","Mark of Pain"],"picked":"Ectoplasm"}],"items_purged_floors":[],"is_endless":false,"potions_floor_spawned":[1,11,14,16,18],"killed_by":"Gremlin Leader","ascension_level":2}}