{"host":"l15sdf2mmi0nobpi","time":1611497912,"event":{"mods":["BaseMod","Highlight Path","Minty Spire (QoL Compilation)","Prisma Mod","Quick Restart","StSLib","¡¾¹¦ÄÜMod¡¿Neow½±Àø"],"gold_per_floor":[115,135,135,64,79,106,106,140,140,240,240,275,288,304,304,399,399,417,516,441,461,248,248,82,119,119,131,68,96,110,110,110,211,211,225,150,150,169,179,179,232,232,232,242,277,277,310,326,326,326,326,326,116,150,150],"floor_reached":56,"language":"ZHS","playtime":2775,"items_purged":["PrismaMod:ChloeCommonAttack","PrismaMod:ChloeCommonAttack","PrismaMod:ChloeCommonAttack","PrismaMod:ChloeCommonAttack","PrismaMod:ChloeCommonDefend"],"score":1640,"play_id":"b7a20408-f19a-4deb-b15c-deb0a812b2b5","local_time":"20210124221832","is_ascension_mode":true,"campfire_choices":[{"data":"PrismaMod:ChloeCaladbolg","floor":7.0,"key":"SMITH"},{"data":"PrismaMod:ChloeGaeBolg","floor":11.0,"key":"SMITH"},{"floor":15.0,"key":"RECALL"},{"floor":23.0,"key":"REST"},{"floor":32.0,"key":"REST"},{"floor":40,"key":"REST"},{"floor":46,"key":"REST"},{"floor":49,"key":"REST"},{"floor":52,"key":"REST"}],"circlet_count":0,"master_deck":["PrismaMod:ChloeCommonDefend","PrismaMod:ChloeCommonDefend","PrismaMod:ChloeCheapAttack","PrismaMod:ChloeCheapDefend","PrismaMod:ChloeGaeBolg+1","PrismaMod:ChloeCaladbolg+1","PrismaMod:ChloeMordred+1","PrismaMod:ChloeRitsuka+1","PrismaMod:ChloeMaid+1","PrismaMod:ChloeMordred+1","PrismaMod:ChloeAnyAttackTrace+1","PrismaMod:ChloeExhaustOne+1","PrismaMod:ChloeDiscardRecovery+1","Deep Breath+1","PrismaMod:ChloeUnlimitedBladeWorks+1","PrismaMod:ChloeCheapDefend+1","PrismaMod:ChloeReshuffleDiscard+1","PrismaMod:ChloeChristmas+1","Master of Strategy+1"],"relics":["PrismaMod:PrismaTraceOn","Ice Cream","Toxic Egg 2","Calipers","Bird Faced Urn","Mercury Hourglass","Fusion Hammer","Membership Card","OrangePellets","Toy Ornithopter","Black Star","Darkstone Periapt","Happy Flower","Kunai","Mummified Hand","InkBottle","White Beast Statue","Gambling Chip","Strawberry","Pen Nib"],"acts_visited":["TheBeyond","TheEnding"],"potions_floor_usage":[47,55,55],"damage_taken":[{"damage":0.0,"enemies":"Jaw Worm","floor":1.0,"turns":4.0},{"damage":0.0,"enemies":"2 Louse","floor":2.0,"turns":2.0},{"damage":0.0,"enemies":"Cultist","floor":5.0,"turns":5.0},{"damage":6.0,"enemies":"3 Sentries","floor":6.0,"turns":5.0},{"damage":4.0,"enemies":"Lagavulin","floor":8.0,"turns":5.0},{"damage":9.0,"enemies":"3 Sentries","floor":12.0,"turns":4.0},{"damage":1.0,"enemies":"Blue Slaver","floor":13.0,"turns":2.0},{"damage":2.0,"enemies":"3 Louse","floor":14.0,"turns":2.0},{"damage":0.0,"enemies":"Hexaghost","floor":16.0,"turns":6.0},{"damage":9.0,"enemies":"2 Thieves","floor":18.0,"turns":3.0},{"damage":1.0,"enemies":"Shell Parasite","floor":21.0,"turns":2.0},{"damage":9.0,"enemies":"Snake Plant","floor":25.0,"turns":2.0},{"damage":0.0,"enemies":"3 Cultists","floor":27.0,"turns":2.0},{"damage":0.0,"enemies":"Book of Stabbing","floor":29.0,"turns":4.0},{"damage":5.0,"enemies":"Shelled Parasite and Fungi","floor":30.0,"turns":3.0},{"damage":0.0,"enemies":"Champ","floor":33.0,"turns":4.0},{"damage":9.0,"enemies":"Orb Walker","floor":35.0,"turns":3.0},{"damage":1,"enemies":"3 Darklings","floor":38,"turns":3},{"damage":8,"enemies":"4 Shapes","floor":39,"turns":6},{"damage":0,"enemies":"Reptomancer","floor":41,"turns":3},{"damage":0,"enemies":"Transient","floor":44,"turns":5},{"damage":0,"enemies":"Giant Head","floor":45,"turns":4},{"damage":0,"enemies":"Reptomancer","floor":47,"turns":3},{"damage":0,"enemies":"Jaw Worm Horde","floor":48,"turns":1},{"damage":0,"enemies":"Time Eater","floor":50,"turns":5},{"damage":0,"enemies":"Shield and Spear","floor":54,"turns":4},{"damage":4,"enemies":"The Heart","floor":55,"turns":4}],"seed_played":"3633045384278363985","potions_obtained":[{"floor":6.0,"key":"EssenceOfSteel"},{"floor":8.0,"key":"FairyPotion"},{"floor":13.0,"key":"PowerPotion"},{"floor":27.0,"key":"ColorlessPotion"},{"floor":35.0,"key":"DistilledChaos"},{"floor":47,"key":"Fruit Juice"},{"floor":48,"key":"SteroidPotion"}],"is_trial":false,"path_per_floor":["M","M","?","$","M","E","R","E","T","?","R","E","M","M","R","B",null,"M","?","?","M","$","R","$","M","T","M","$","E","M","?","R","B",null,"M","$","?","M","M","R","E","?","T","M","E","R","E","M","R","B",null,"R","$","E","B",null],"character_chosen":"CHLOE","items_purchased":["PrismaMod:ChloeGaeBolg","Membership Card","PrismaMod:ChloeDiscardRecovery+1","OrangePellets","Deep Breath+1","PrismaMod:ChloeChristmas+1","Master of Strategy+1"],"campfire_rested":6,"item_purchase_floors":[4,22,22,24,24,53,53],"current_hp_per_floor":[75,75,68,68,68,62,62,58,58,58,58,51,50,48,48,48,75,66,66,66,65,65,75,75,66,66,66,66,69,64,64,75,75,75,66,66,66,70,70,75,75,75,75,75,75,75,80,80,80,80,80,80,80,87,87],"gold":150,"neow_bonus":"ONE_RARE_RELIC","is_daily":false,"chose_seed":false,"campfire_upgraded":2,"win_rate":0.0,"timestamp":1611497912,"path_taken":["M","M","?","$","M","E","R","E","T","?","R","E","M","?","R","BOSS","M","?","?","M","$","R","?","M","T","?","$","E","M","?","R","BOSS","M","$","?","?","M","R","E","?","T","?","E","R","E","M","R","BOSS","R","$","E","BOSS"],"items_purchased_type":["Card","Relic","Card","Relic","Card","Card","Card"],"build_version":"2020-12-22","purchased_purges":5,"victory":true,"max_hp_per_floor":[75,75,75,75,75,75,75,75,75,75,75,75,75,75,75,75,75,75,75,75,75,75,75,75,75,75,75,75,75,75,75,75,75,75,75,75,75,75,75,75,75,75,75,75,75,75,80,80,80,80,80,80,80,87,87],"card_choices":[{"not_picked":["PrismaMod:ChloeCommonAOEAttack","PrismaMod:ChloeDiscardRecovery","PrismaMod:ChloeCheapAttack"],"picked":"SKIP","floor":1.0},{"not_picked":["PrismaMod:ChloeCommonAOEAttack","PrismaMod:ChloeDiscardRecovery","PrismaMod:ChloeUncommonAOEAttack"],"picked":"SKIP","floor":2.0},{"not_picked":["PrismaMod:ChloeCheapDefendTwo","PrismaMod:ChloeCheapAttackTwo"],"picked":"PrismaMod:ChloeCaladbolg","floor":5.0},{"not_picked":["PrismaMod:ChloeExcalibur","PrismaMod:ChloeExhaustOne+1"],"picked":"PrismaMod:ChloeMordred+1","floor":6.0},{"not_picked":["PrismaMod:ChloeCheapAttackTwo","PrismaMod:ChloeExhaustTwo+1"],"picked":"PrismaMod:ChloeRitsuka+1","floor":8.0},{"not_picked":["PrismaMod:ChloeGaeBolg","PrismaMod:ChloeCheapAttack","PrismaMod:ChloeMaid+1"],"picked":"SKIP","floor":12.0},{"not_picked":["PrismaMod:ChloeGaeBolg","PrismaMod:ChloeCheapAttack"],"picked":"PrismaMod:ChloeMaid+1","floor":12.0},{"not_picked":["PrismaMod:ChloeExcalibur","PrismaMod:ChloeRitsuka+1","PrismaMod:ChloeCheapDefend+1"],"picked":"SKIP","floor":13.0},{"not_picked":["PrismaMod:ChloeCheapDefend+1","PrismaMod:ChloeBetterTracePools"],"picked":"PrismaMod:ChloeMordred+1","floor":14.0},{"not_picked":["PrismaMod:ChloeDoubleRelicSpeed","PrismaMod:ChloeAnySkillTrace+1"],"picked":"PrismaMod:ChloeAnyAttackTrace+1","floor":16.0},{"not_picked":["PrismaMod:ChloeBetterTracePools","PrismaMod:ChloeCheapAttack"],"picked":"PrismaMod:ChloeExhaustOne+1","floor":18.0},{"not_picked":["PrismaMod:ChloeCheapDefendTwo+1","PrismaMod:ChloeCheapDefend+1","PrismaMod:ChloeCheapAttackTwo+1"],"picked":"SKIP","floor":21.0},{"not_picked":["PrismaMod:ChloeCheapAttackTwo","PrismaMod:ChloeCommonAOEAttack","PrismaMod:ChloeCheapDefend+1"],"picked":"SKIP","floor":25.0},{"not_picked":["PrismaMod:ChloeCheapDefendTwo+1","PrismaMod:ChloeCommonAOEAttack","PrismaMod:ChloeExhaustTwo+1"],"picked":"SKIP","floor":27.0},{"not_picked":["PrismaMod:ChloeExhaustOne+1","PrismaMod:ChloeCheapDefendTwo+1","PrismaMod:ChloeCheapAttackTwo"],"picked":"SKIP","floor":29.0},{"not_picked":["PrismaMod:ChloeDevil","PrismaMod:ChloeDiscardRecovery+1","PrismaMod:ChloeExhaustOne+1"],"picked":"SKIP","floor":30.0},{"not_picked":["PrismaMod:ChloeGreatTracePools","PrismaMod:ChloeAnyCommonTrace+1"],"picked":"PrismaMod:ChloeUnlimitedBladeWorks+1","floor":33.0},{"not_picked":["PrismaMod:ChloeCheapDefendTwo+1","PrismaMod:ChloeExhaustOne+1"],"picked":"PrismaMod:ChloeCheapDefend+1","floor":35.0},{"not_picked":["PrismaMod:ChloeMaid+1","PrismaMod:ChloeCheapDefendTwo+1","PrismaMod:ChloeCommonAOEAttack+1"],"picked":"SKIP","floor":38},{"not_picked":["PrismaMod:ChloeCaladbolg+1","PrismaMod:ChloeCommonAOEAttack+1","PrismaMod:ChloeUncommonAttack+1"],"picked":"SKIP","floor":39},{"not_picked":["PrismaMod:ChloeDoubleRelicSpeed","PrismaMod:ChloeDiscardRecovery+1","PrismaMod:ChloeMordred+1"],"picked":"SKIP","floor":41},{"not_picked":["PrismaMod:ChloeRhongomyniad","PrismaMod:ChloeCheapAttack","PrismaMod:ChloeCommonAOEAttack+1"],"picked":"SKIP","floor":44},{"not_picked":["PrismaMod:ChloeCarnivalAOEAttack","PrismaMod:ChloeExhaustOne+1","PrismaMod:ChloeCheapAttackTwo"],"picked":"SKIP","floor":45},{"not_picked":["PrismaMod:ChloeCommonAOEAttack","PrismaMod:ChloeUncommonAttack+1","PrismaMod:ChloeCheapAttack+1"],"picked":"SKIP","floor":47},{"not_picked":["PrismaMod:ChloeExhaustOne+1","PrismaMod:ChloeBetterTracePools","PrismaMod:ChloeCommonAOEAttack+1"],"picked":"SKIP","floor":48},{"not_picked":["PrismaMod:ChloeCaladbolg","PrismaMod:ChloeMordred+1","PrismaMod:ChloeHalloween+1"],"picked":"SKIP","floor":54}],"player_experience":506134,"relics_obtained":[{"floor":6.0,"key":"Toxic Egg 2"},{"floor":8.0,"key":"Calipers"},{"floor":9.0,"key":"Bird Faced Urn"},{"floor":12.0,"key":"Mercury Hourglass"},{"floor":29.0,"key":"Toy Ornithopter"},{"floor":41,"key":"Darkstone Periapt"},{"floor":41,"key":"Happy Flower"},{"floor":43,"key":"Kunai"},{"floor":45,"key":"Mummified Hand"},{"floor":45,"key":"InkBottle"},{"floor":47,"key":"White Beast Statue"},{"floor":47,"key":"Gambling Chip"},{"floor":54,"key":"Strawberry"},{"floor":54,"key":"Pen Nib"}],"event_choices":[{"cards_removed":["Writhe"],"damage_healed":0.0,"max_hp_gain":0.0,"max_hp_loss":0.0,"gold_gain":0.0,"event_name":"Golden Wing","player_choice":"Card Removal","floor":3.0,"gold_loss":0.0,"damage_taken":7.0},{"damage_healed":0.0,"max_hp_gain":0.0,"max_hp_loss":0.0,"gold_gain":100.0,"event_name":"Golden Shrine","player_choice":"Pray","floor":10.0,"gold_loss":0.0,"damage_taken":0.0},{"damage_healed":0.0,"max_hp_gain":0.0,"max_hp_loss":0.0,"gold_gain":99.0,"event_name":"Nest","player_choice":"Stole From Cult","floor":19.0,"gold_loss":0.0,"damage_taken":0.0},{"cards_removed":["PrismaMod:ChloeCommonAttack"],"damage_healed":0.0,"max_hp_gain":0.0,"max_hp_loss":0.0,"gold_gain":0.0,"event_name":"Beggar","player_choice":"Gave Gold","floor":20.0,"gold_loss":75.0,"damage_taken":0.0},{"damage_healed":0.0,"max_hp_gain":0.0,"max_hp_loss":0.0,"gold_gain":0.0,"event_name":"Ghosts","player_choice":"Ignored","floor":31.0,"gold_loss":0.0,"damage_taken":0.0},{"cards_removed":["PrismaMod:ChloeCommonDefend"],"damage_healed":0.0,"max_hp_gain":0.0,"max_hp_loss":0.0,"gold_gain":0.0,"event_name":"Purifier","player_choice":"Purged","floor":37.0,"gold_loss":0.0,"damage_taken":0.0},{"damage_healed":0,"gold_gain":0,"cards_transformed":["PrismaMod:ChloeCommonDefend"],"player_choice":"Transformed","damage_taken":0,"max_hp_gain":0,"max_hp_loss":0,"event_name":"Transmorgrifier","floor":42,"gold_loss":0,"cards_obtained":["PrismaMod:ChloeReshuffleDiscard"]}],"is_beta":false,"boss_relics":[{"not_picked":["Cursed Key","Calling Bell"],"picked":"Fusion Hammer"},{"not_picked":["Tiny House","Velvet Choker"],"picked":"Black Star"}],"items_purged_floors":[22,24,28,36,53],"is_endless":false,"potions_floor_spawned":[6,8,13,16,18,25,27,29,35,39,44,47,48,54],"ascension_level":1}}