{"host":"qxt9611uhnemh1bn","time":1611448321,"event":{"mods":["BaseMod","Hermit","Marisa（霧雨　魔理沙）","Minty Spire (QoL Compilation)","Remilia（蕾米莉?）","StSLib","The Bug Knight","The Cursed","The Hierophant","The Servant 0.9.4"],"gold_per_floor":[112,62,81,92,105,105,105,105,105,120,139,149,161,176,176,176,176],"floor_reached":16,"language":"ENG","playtime":788,"items_purged":[],"score":98,"play_id":"f13d5741-426d-4a4b-a7af-efb9a63db722","local_time":"20210123183201","is_ascension_mode":false,"campfire_choices":[{"data":"TheCursedMod:Torture","floor":6,"key":"SMITH"},{"data":"TheCursedMod:Stigma","floor":8,"key":"SMITH"},{"floor":15,"key":"REST"}],"circlet_count":0,"master_deck":["TheCursedMod:Strike_TheCursed","TheCursedMod:Strike_TheCursed","TheCursedMod:Strike_TheCursed","TheCursedMod:Defend_TheCursed","TheCursedMod:Defend_TheCursed","TheCursedMod:Defend_TheCursed","TheCursedMod:Defend_TheCursed","TheCursedMod:CursedWand","TheCursedMod:CleanUpWorkshop","TheCursedMod:Dregs","TheCursedMod:Stigma+1","TheCursedMod:TacticalStrike","TheCursedMod:Torture+1","TheCursedMod:SmokeScreen","TheCursedMod:CollectTribute","TheCursedMod:CircleOfBlood","TheCursedMod:Obscuration","TheCursedMod:Obscuration"],"relics":["TheCursedMod:BlackMagic101","MealTicket","TheCursedMod:BloodyHarpoon","HornCleat"],"acts_visited":["Exordium"],"potions_floor_usage":[13,16,16],"damage_taken":[{"damage":0,"enemies":"2 Louse","floor":1,"turns":2},{"damage":10,"enemies":"Jaw Worm","floor":3,"turns":3},{"damage":0,"enemies":"Cultist","floor":4,"turns":3},{"damage":39,"enemies":"Gremlin Gang","floor":5,"turns":6},{"damage":5,"enemies":"Exordium Thugs","floor":10,"turns":6},{"damage":0,"enemies":"Exordium Wildlife","floor":11,"turns":3},{"damage":19,"enemies":"Large Slime","floor":12,"turns":7},{"damage":3,"enemies":"Looter","floor":13,"turns":3},{"damage":7,"enemies":"Exordium Thugs","floor":14,"turns":7},{"damage":39,"enemies":"Slime Boss","floor":16,"turns":10}],"seed_played":"730664198851357347","potions_obtained":[{"floor":10,"key":"SkillPotion"},{"floor":12,"key":"Fruit Juice"},{"floor":13,"key":"Strength Potion"}],"is_trial":false,"path_per_floor":["M","?","M","M","M","R","T","R","T","M","M","M","M","M","R","B"],"character_chosen":"THE_CURSED","items_purchased":[],"campfire_rested":1,"item_purchase_floors":[],"current_hp_per_floor":[75,75,65,65,26,26,26,26,26,21,21,6,8,5,29,0,0],"gold":176,"neow_bonus":"RANDOM_COMMON_RELIC","is_daily":false,"chose_seed":false,"campfire_upgraded":2,"win_rate":0.0,"timestamp":1611448321,"path_taken":["M","?","M","M","M","R","?","R","T","M","?","?","M","M","R","BOSS"],"items_purchased_type":[],"build_version":"2020-12-22","purchased_purges":0,"victory":false,"max_hp_per_floor":[75,75,75,75,75,75,75,75,75,75,75,75,80,80,80,80,80],"card_choices":[{"not_picked":["TheCursedMod:CursedAmulet","TheCursedMod:Wield"],"picked":"TheCursedMod:Stigma","floor":1},{"not_picked":["TheCursedMod:CursedBlade","TheCursedMod:EmpowerCircles"],"picked":"TheCursedMod:TacticalStrike","floor":3},{"not_picked":["TheCursedMod:Stretching","TheCursedMod:RavingStaff"],"picked":"TheCursedMod:Torture","floor":4},{"not_picked":["TheCursedMod:TacticalStrike","TheCursedMod:Stigma"],"picked":"TheCursedMod:SmokeScreen","floor":5},{"not_picked":["TheCursedMod:TacticalStrike","TheCursedMod:CursedAmulet"],"picked":"TheCursedMod:CollectTribute","floor":10},{"not_picked":["TheCursedMod:Torture","TheCursedMod:HellsGateOpen"],"picked":"TheCursedMod:CircleOfBlood","floor":11},{"not_picked":["TheCursedMod:ManaBullet","TheCursedMod:Stigma"],"picked":"TheCursedMod:Obscuration","floor":12},{"not_picked":["TheCursedMod:SpitefulPray","TheCursedMod:SurpriseAttack","TheCursedMod:VoidForm"],"picked":"SKIP","floor":13},{"not_picked":["TheCursedMod:HellsGateOpen","TheCursedMod:CursedBlade"],"picked":"TheCursedMod:Obscuration","floor":14}],"player_experience":216607,"relics_obtained":[{"floor":7,"key":"TheCursedMod:BloodyHarpoon"},{"floor":9,"key":"HornCleat"}],"event_choices":[{"cards_removed":["TheCursedMod:Strike_TheCursed"],"damage_healed":0,"gold_gain":0,"player_choice":"Card Removal","damage_taken":0,"max_hp_gain":0,"max_hp_loss":0,"event_name":"The Cleric","floor":2,"gold_loss":50}],"is_beta":false,"boss_relics":[],"items_purged_floors":[],"is_endless":false,"potions_floor_spawned":[10,12,13],"killed_by":"Slime Boss","ascension_level":0}}