{"host":"978e30ws7ao5zzzo","time":1611530337,"event":{"mods":["A Penny For Your Troubles","AchievementEnabler","AlwaysNeverKeys","Aspiration","Bard","BaseMod","Bestiary","Better Altar","Better Debug","Better Match","Better Note","Better Sensory Stone","Better Skull","Better Third Choice","Better Vampires","BetterRewards","Conspire","Curses Come First","Custom Start","Displayed Cursed Tome","Grow up Mod","Hermit","Hubris","Hunter ??","Infinite Spire","Ironclad Rager","Marisa????????","Minty Spire (QoL Compilation)","Permanent Neow","Quick Restart","Random Character Button","Relic Stats","Remove Card Discount Mod","Replay The Spire","Retaliation","Shade Mod","Spicy Shops","Spikes Relics","Spire Arcade","StS++","StSLib","The Bug Knight","The Cursed","The Disciple","The Florist","The Gatherer","The Hierophant","The Marked","The Necromancer","The Servant 0.9.4","The Spell Scribe","TheBandit","TheSwordswoman","TheVacant","Transform Curses","Treasure Hunter","[GremlinLeader]The Maniac","vexMod","????"],"gold_per_floor":[116,116,126,126,49,75,75,94,94,119,135,155,155,68,68,199,199,218,232,89,114,128,164,164,184,209,209,248,248,266,281,281,410,410,435,435,498,17,33,33,33,48,48,48,63,82,32,32,32,40,40,40,414,892,892],"floor_reached":56,"language":"ENG","playtime":5269,"items_purged":["TH:EnergyPotion+1"],"score":1366,"play_id":"4d6e9512-b359-4b82-b35f-61d18ea262cf","local_time":"20210124151857","is_ascension_mode":false,"campfire_choices":[{"data":"Shade:Bonestorm","floor":15.0,"key":"SMITH"},{"data":"Shade:SensePrey","floor":24.0,"key":"SMITH"},{"data":"Shade:Coordination","floor":27.0,"key":"SMITH"},{"data":"Shade:CarefulCut","floor":29.0,"key":"SMITH"},{"floor":32.0,"key":"DIG"},{"data":"TH:ArmorSpikes","floor":40.0,"key":"SMITH"},{"data":"Shade:Patience","floor":49.0,"key":"SMITH"},{"data":"Shade:AnimateDead","floor":52.0,"key":"SMITH"}],"circlet_count":1,"master_deck":["Shade:Strike_Shade","Shade:Strike_Shade","Shade:Strike_Shade","Shade:Strike_Shade","Shade:Defend_Shade","Shade:Defend_Shade","Shade:Defend_Shade","Shade:Defend_Shade","Shade:AnimateDead+1","Shade:CarefulCut+1","Shade:Frenzy","Shade:Brains","Shade:FingerOfDeath","TH:ArmorSpikes+1","Shade:CommandSoldier","Shade:ClawBack","TH:TreasureMap","Shade:Bonestorm+1","Shade:Coordination+1","Shade:PoundOfFlesh","Shade:CommandSoldier+1","Shade:SkeletonHug+1","Shade:Tombstone+1","Sharp Hide+1","Replay:Dark Deal+1","Shade:SoulToxin+1","Shade:TouchOfTheGrave+1","Shade:TouchOfTheGrave+1","TH:CopperCoins+1","Shade:LichForm+1","Shade:CommandSoldier","Shade:ExtraLimbs+1","Shade:SensePrey+1","Shade:CommandSoldier","TH:ArmorSpikes+1","Shade:Bite_Shade+1","Shade:UnbarTheGrave+1","TH:TreasureMap+1","TH:ArmorSpikes+1","Shade:LyeBath","Shade:Premonition","Shade:ClawBack","TH:DeckOfManyThings+1","Shade:OfferingToTheBeyond+1","Shade:FleshOffering+1","Shade:GreaterAnimation+1","Shade:WallOfFlesh+1","Shade:OpenGraves+1","Shade:FleshLikeOak+1","Shade:GreyBargain+1","TH:ElvenBoots+1","Shade:CallOfTheGrave","Shade:Patience+1","conspire:SpireCoStock","Shade:Putrefaction+1","Shade:SkeletonHug+1","Shade:Bonestorm+1","Shade:FuneraryArmor+1","Shade:GraveStillness+1","Shade:StitchTogether+1","ReplayTheSpireMod:Private Reserves+1","Replay:Dark Deal+1","Shade:BoneShards+1","TH:DeckOfManyThings+1"],"relics":["Shade:YorickSkull","hubris:Towel","Lee\u0027s Waffle","StSpp:TwinEgg","Golden Idol","BicycleWheel","Golden Egg","BargainBundle","vexMod:Cooldron","aspiration:SecretTechniqueScroll","conspire:TreasureMap","infinitespire:CursedDice","infinitespire:EmpoweringShard","conspire:Dentures","Juzu Bracelet","conspire:RoyalGoblet","conspire:GiftBox","TH:Anvil","Circlet","Pantograph","hubris:Icosahedron","infinitespire:EvilPickle","hubris:NiceRug","Gambling Chip","ReplayTheSpireMod:TigerMarble","hubris:EmptyBottle","Replay:WaspNest","Blood Vial","OrangePellets","LugNut"],"acts_visited":["Exordium","TheCity","TheBeyond","TheEnding"],"potions_floor_usage":[53,53,54,54,54,54,54,54,54,54,54,54,54,54,54,54,54,54,54,54,55,55,55,55],"damage_taken":[{"damage":0.0,"enemies":"Small Slimes","floor":1.0,"turns":3.0},{"damage":0.0,"enemies":"2 Louse","floor":3.0,"turns":2.0},{"damage":48.0,"enemies":"Lagavulin","floor":6.0,"turns":11.0},{"damage":0.0,"enemies":"conspire:RoseBush","floor":8.0,"turns":2.0},{"damage":13.0,"enemies":"Lots of Slimes","floor":10.0,"turns":4.0},{"damage":0.0,"enemies":"Red Slaver","floor":11.0,"turns":4.0},{"damage":0.0,"enemies":"Gremlin Gang","floor":12.0,"turns":4.0},{"damage":41.0,"enemies":"The Guardian","floor":16.0,"turns":11.0},{"damage":2.0,"enemies":"conspire:FuzzyDice","floor":18.0,"turns":5.0},{"damage":40.0,"enemies":"3 Byrds","floor":19.0,"turns":5.0},{"damage":24.0,"enemies":"Cultist and Chosen","floor":21.0,"turns":5.0},{"damage":12.0,"enemies":"Shelled Parasite and Fungi","floor":22.0,"turns":3.0},{"damage":4.0,"enemies":"conspire:Head Lice","floor":23.0,"turns":4.0},{"damage":0.0,"enemies":"Centurion and Healer","floor":25.0,"turns":1.0},{"damage":40.0,"enemies":"Slavers","floor":28.0,"turns":4.0},{"damage":14.0,"enemies":"conspire:HollyBat","floor":30.0,"turns":8.0},{"damage":18.0,"enemies":"Shelled Parasite and Fungi","floor":31.0,"turns":6.0},{"damage":62.0,"enemies":"Pondfish","floor":33.0,"turns":10.0},{"damage":0.0,"enemies":"Orb Walker","floor":35.0,"turns":2.0},{"damage":48.0,"enemies":"2 Orb Walkers","floor":37.0,"turns":4.0},{"damage":6.0,"enemies":"3 Darklings","floor":39.0,"turns":3.0},{"damage":10.0,"enemies":"Transient","floor":42.0,"turns":5.0},{"damage":3.0,"enemies":"Writhing Mass","floor":45.0,"turns":2.0},{"damage":4.0,"enemies":"3 Darklings","floor":46.0,"turns":3.0},{"damage":102.0,"enemies":"Donu and Deca","floor":50.0,"turns":8.0},{"damage":48,"enemies":"hubris:Merchant","floor":53,"turns":6},{"damage":146,"enemies":"Shield and Spear","floor":54,"turns":12},{"damage":21,"enemies":"The Heart","floor":55,"turns":6}],"seed_played":"-6549864270103589380","potions_obtained":[{"floor":6.0,"key":"Ancient Potion"},{"floor":8.0,"key":"FearPotion"},{"floor":10.0,"key":"SpeedPotion"},{"floor":12.0,"key":"Block Potion"},{"floor":19.0,"key":"EntropicBrew"},{"floor":23.0,"key":"EntropicBrew"},{"floor":25.0,"key":"EntropicBrew"},{"floor":30.0,"key":"EntropicBrew"},{"floor":31.0,"key":"EntropicBrew"},{"floor":36.0,"key":"SpeedPotion"},{"floor":36.0,"key":"Strength Potion"},{"floor":36.0,"key":"SkillPotion"},{"floor":37.0,"key":"EntropicBrew"},{"floor":42.0,"key":"EntropicBrew"},{"floor":45.0,"key":"EntropicBrew"},{"floor":53,"key":"EntropicBrew"},{"floor":53,"key":"EntropicBrew"},{"floor":54,"key":"EntropicBrew"}],"is_trial":false,"path_per_floor":["M","?","M","?","$","E","?","M","T","M","M","M","T","$","R","B",null,"M","M","$","M","M","E","R","M","T","R","E","R","M","M","R","B",null,"M","?","?","$","M","R","$","M","T","?","M","M","?","?","R","B",null,"R","$","E","B",null],"character_chosen":"SHADE","items_purchased":["Lee\u0027s Waffle","BargainBundle","Shade:CommandSoldier","Shade:SkeletonHug","Shade:Tombstone","Sharp Hide","Replay:Dark Deal","Shade:SoulToxin","Shade:TouchOfTheGrave","Adrenaline Potion","CultistPotion","vexMod:Cooldron","conspire:TreasureMap","Dead Branch","TH:Anvil","Shade:OpenGraves"],"campfire_rested":0,"item_purchase_floors":[5,14,14,14,14,14,14,14,14,14,14,14,20,38,38,38],"current_hp_per_floor":[90,100,110,120,137,99,73,83,93,90,100,110,120,130,140,119,257,265,235,245,231,229,235,245,255,265,275,248,258,257,252,262,210,427,437,447,409,419,423,433,443,458,468,478,485,494,504,514,524,472,597,607,569,451,470],"gold":892,"neow_bonus":"RANDOM_EVENT","is_daily":false,"chose_seed":false,"campfire_upgraded":7,"win_rate":0.0,"timestamp":1611530337,"path_taken":["M","?","M","?","$","E","?","M","T","M","M","M","?","?","R","BOSS","M","M","?","M","M","E","R","M","T","R","E","R","M","?","R","BOSS","M","?","?","$","M","R","?","M","T","?","M","M","?","?","R","BOSS","R","$","E","BOSS"],"items_purchased_type":["Relic","Relic","Card","Card","Card","Card","Card","Card","Card","Potion","Potion","Relic","Relic","Relic","Relic","Card"],"build_version":"2020-12-22","purchased_purges":1,"victory":true,"max_hp_per_floor":[90,100,110,120,137,147,157,167,177,187,197,207,217,227,237,247,257,267,277,287,297,307,317,327,337,347,357,367,377,387,397,407,417,427,437,447,457,467,477,487,497,507,517,527,537,547,557,567,577,587,597,607,617,627,637],"relic_stats":{"Blood Vial":4,"OrangePellets":[6],"Lee\u0027s Waffle":7,"counters":[28,143],"Golden Idol":246,"Pantograph":50,"Gambling Chip":[2],"Juzu Bracelet":2,"obtain_stats":[{"Golden Egg":13,"TH:Anvil":38,"conspire:RoyalGoblet":34,"Shade:YorickSkull":0,"Juzu Bracelet":32,"hubris:EmptyBottle":53,"Blood Vial":53,"BranchBurnRelic":40,"hubris:Icosahedron":44,"Pantograph":43,"Gambling Chip":53,"StSpp:TwinEgg":6,"BicycleWheel":9,"LugNut":54,"conspire:Dentures":28,"Lee\u0027s Waffle":5,"BargainBundle":14,"conspire:TreasureMap":20,"Golden Idol":7,"infinitespire:CursedDice":23,"Dead Branch":38,"Circlet":0,"Replay:WaspNest":53,"aspiration:SecretTechniqueScroll":17,"hubris:Towel":4,"infinitespire:EvilPickle":50,"OrangePellets":53,"vexMod:Cooldron":14,"conspire:GiftBox":37,"infinitespire:EmpoweringShard":26,"ReplayTheSpireMod:TigerMarble":53,"hubris:NiceRug":53},{"Golden Egg":7,"TH:Anvil":20,"conspire:RoyalGoblet":18,"Shade:YorickSkull":0,"Juzu Bracelet":17,"hubris:EmptyBottle":26,"Blood Vial":26,"BranchBurnRelic":21,"hubris:Icosahedron":22,"Pantograph":22,"Gambling Chip":26,"StSpp:TwinEgg":3,"BicycleWheel":4,"LugNut":27,"conspire:Dentures":15,"Lee\u0027s Waffle":2,"BargainBundle":7,"conspire:TreasureMap":10,"Golden Idol":3,"infinitespire:CursedDice":13,"Dead Branch":20,"Circlet":0,"Replay:WaspNest":26,"aspiration:SecretTechniqueScroll":8,"hubris:Towel":2,"infinitespire:EvilPickle":25,"OrangePellets":26,"vexMod:Cooldron":7,"conspire:GiftBox":20,"infinitespire:EmpoweringShard":14,"ReplayTheSpireMod:TigerMarble":26,"hubris:NiceRug":26},{"Golden Egg":30,"TH:Anvil":98,"conspire:RoyalGoblet":92,"Shade:YorickSkull":0,"Juzu Bracelet":82,"hubris:EmptyBottle":125,"Blood Vial":125,"BranchBurnRelic":101,"hubris:Icosahedron":106,"Pantograph":106,"Gambling Chip":125,"StSpp:TwinEgg":16,"BicycleWheel":18,"LugNut":137,"conspire:Dentures":68,"Lee\u0027s Waffle":5,"BargainBundle":30,"conspire:TreasureMap":51,"Golden Idol":16,"infinitespire:CursedDice":63,"Dead Branch":98,"Circlet":0,"Replay:WaspNest":125,"aspiration:SecretTechniqueScroll":41,"hubris:Towel":5,"infinitespire:EvilPickle":116,"OrangePellets":125,"vexMod:Cooldron":30,"conspire:GiftBox":98,"infinitespire:EmpoweringShard":64,"ReplayTheSpireMod:TigerMarble":125,"hubris:NiceRug":125}]},"card_choices":[{"not_picked":["Shade:FuneraryArmor","Shade:ExtraLimbs"],"picked":"Shade:Frenzy","floor":1.0},{"not_picked":["Shade:Carnophage","Shade:FuneraryArmor"],"picked":"Shade:Brains","floor":2.0},{"not_picked":["Shade:BoneShards","Shade:GoDigging"],"picked":"Shade:FingerOfDeath","floor":3.0},{"not_picked":["TH:TreasureMap"],"picked":"TH:ArmorSpikes","floor":6.0},{"not_picked":["Shade:FreshBones","Shade:ClawBack"],"picked":"Shade:CommandSoldier","floor":6.0},{"not_picked":["Shade:FingerOfDeath","Shade:Frenzy"],"picked":"Shade:ClawBack","floor":8.0},{"not_picked":["TH:PixieDust"],"picked":"TH:TreasureMap","floor":9.0},{"not_picked":["Shade:FingerOfDeath","Shade:GoDigging"],"picked":"Shade:Bonestorm","floor":10.0},{"not_picked":["Shade:ClawBack","Shade:FingerOfDeath"],"picked":"Shade:Coordination","floor":11.0},{"not_picked":["Shade:FingerOfDeath","Shade:PotionOfRestlessness"],"picked":"Shade:PoundOfFlesh","floor":12.0},{"not_picked":["TH:ArmorSpikes"],"picked":"TH:EnergyPotion","floor":13.0},{"not_picked":["TH:CursedSword"],"picked":"TH:CopperCoins","floor":16.0},{"not_picked":["Shade:OminousRitual","Shade:LoseControl"],"picked":"Shade:LichForm","floor":16.0},{"not_picked":["Shade:Bonestorm","Shade:AncientSpear"],"picked":"Shade:CommandSoldier","floor":18.0},{"not_picked":["Shade:GraveStillness+1","Shade:AncientSpear+1"],"picked":"Shade:ExtraLimbs+1","floor":19.0},{"not_picked":["Shade:MadHubris","Shade:ClawBack"],"picked":"Shade:SensePrey","floor":21.0},{"not_picked":["Shade:Bonestorm","Shade:FuneraryArmor"],"picked":"Shade:CommandSoldier","floor":22.0},{"not_picked":["TH:EnergyPotion"],"picked":"TH:ArmorSpikes","floor":23.0},{"not_picked":["Shade:ExtraLimbs","Shade:Trample"],"picked":"Shade:Bite_Shade+1","floor":23.0},{"not_picked":["Shade:GraveStillness","Shade:DangerousRitual"],"picked":"Shade:UnbarTheGrave","floor":25.0},{"not_picked":["TH:CursedSword"],"picked":"TH:TreasureMap","floor":26.0},{"not_picked":["TH:CursedSword"],"picked":"TH:ArmorSpikes","floor":28.0},{"not_picked":["Shade:Bonestorm","Shade:GraveStillness"],"picked":"Shade:LyeBath","floor":28.0},{"not_picked":["Shade:BoneShards","Shade:AblativeArmor"],"picked":"Shade:Premonition","floor":30.0},{"not_picked":["Shade:OneIsEnough","Shade:Asphyxiate"],"picked":"Shade:ClawBack","floor":31.0},{"not_picked":["TH:CursedSword"],"picked":"TH:DeckOfManyThings","floor":33.0},{"not_picked":["Shade:SoulPierce","Shade:LoseControl"],"picked":"Shade:OfferingToTheBeyond","floor":33.0},{"not_picked":["Shade:FeralStrike","Shade:BoneShards"],"picked":"Shade:FleshOffering+1","floor":35.0},{"not_picked":["Shade:LichForm","Shade:MadHubris"],"picked":"Shade:GreaterAnimation","floor":37.0},{"not_picked":["Shade:BoneShards+1","Shade:GraveStillness"],"picked":"Shade:WallOfFlesh+1","floor":37.0},{"not_picked":["Shade:ScuttlingHand","Shade:Excise+1"],"picked":"Shade:FleshLikeOak+1","floor":39.0},{"not_picked":["Shade:SkeletonHug","Shade:TouchOfTheGrave"],"picked":"Shade:GreyBargain+1","floor":42.0},{"not_picked":["TH:EnergyPotion"],"picked":"TH:ElvenBoots","floor":43.0},{"not_picked":["Shade:PotionOfRestlessness+1","Shade:WallOfFlesh"],"picked":"Shade:CallOfTheGrave","floor":45.0},{"not_picked":["Shade:FleshToFlesh+1","Shade:Trample+1"],"picked":"Shade:Patience","floor":46.0},{"not_picked":[],"picked":"Shade:SkeletonHug","floor":53},{"not_picked":[],"picked":"Shade:Bonestorm","floor":53},{"not_picked":[],"picked":"Shade:FuneraryArmor","floor":53},{"not_picked":[],"picked":"Shade:GraveStillness","floor":53},{"not_picked":[],"picked":"Shade:StitchTogether","floor":53},{"not_picked":[],"picked":"ReplayTheSpireMod:Private Reserves","floor":53},{"not_picked":[],"picked":"Replay:Dark Deal","floor":53},{"not_picked":["Shade:PotionOfRestlessness+1","Shade:FuneraryArmor+1"],"picked":"Shade:BoneShards+1","floor":54},{"not_picked":["TH:CursedSword"],"picked":"TH:DeckOfManyThings","floor":54}],"player_experience":367694,"relics_obtained":[{"floor":6.0,"key":"StSpp:TwinEgg"},{"floor":9.0,"key":"BicycleWheel"},{"floor":13.0,"key":"Golden Egg"},{"floor":23.0,"key":"infinitespire:CursedDice"},{"floor":26.0,"key":"infinitespire:EmpoweringShard"},{"floor":28.0,"key":"conspire:Dentures"},{"floor":32.0,"key":"Juzu Bracelet"},{"floor":37.0,"key":"conspire:GiftBox"},{"floor":43.0,"key":"Pantograph"},{"floor":53,"key":"Gambling Chip"},{"floor":53,"key":"ReplayTheSpireMod:TigerMarble"},{"floor":53,"key":"hubris:EmptyBottle"},{"floor":53,"key":"Replay:WaspNest"},{"floor":53,"key":"Blood Vial"},{"floor":53,"key":"OrangePellets"},{"floor":54,"key":"LugNut"}],"event_choices":[{"damage_healed":0.0,"max_hp_gain":5.0,"max_hp_loss":0.0,"gold_gain":0.0,"event_name":"Big Fish","player_choice":"Donut","floor":0.0,"gold_loss":0.0,"damage_taken":0.0},{"damage_healed":0.0,"max_hp_gain":0.0,"max_hp_loss":0.0,"gold_gain":0.0,"event_name":"Golden Idol","player_choice":"Take Damage","floor":7.0,"gold_loss":0.0,"damage_taken":36.0,"relics_obtained":["Golden Idol"]},{"damage_healed":0.0,"max_hp_gain":0.0,"max_hp_loss":0.0,"gold_gain":0.0,"event_name":"Lab","player_choice":"Got Potions","floor":36.0,"gold_loss":0.0,"damage_taken":0.0},{"damage_healed":0.0,"max_hp_gain":0.0,"max_hp_loss":0.0,"gold_gain":0.0,"event_name":"Mysterious Sphere","player_choice":"Fight","floor":37.0,"gold_loss":0.0,"damage_taken":0.0},{"damage_healed":0.0,"max_hp_gain":0.0,"max_hp_loss":0.0,"gold_gain":0.0,"event_name":"conspire:Investor","player_choice":"Invest 1","floor":47.0,"gold_loss":0.0,"damage_taken":0.0}],"is_beta":false,"boss_relics":[{"not_picked":["StSpp:CrystalBall","StSpp:PileOfSugar"],"picked":"aspiration:SecretTechniqueScroll"},{"not_picked":["aspiration:MarisaSkillbook","Replay:Grab Bag"],"picked":"conspire:RoyalGoblet"}],"items_purged_floors":[14],"is_endless":false,"potions_floor_spawned":[6,8,10,12,19,21,23,25,30,31,37,42,45,54],"ascension_level":0}}