{"host":"aqym1xxr3lb31d9m","time":1611484747,"event":{"mods":["BaseMod","Block Reminder","Colored Map","Colored Powertips","DeckTracker","Highlight Path","Minty Spire (QoL Compilation)","Quick Restart","Random Character Button","StSLib","SuperFastMode","UnlockEverythingMod"],"gold_per_floor":[109,161,236,79,90,90,124,135,135,135,170,170,170,204,204,204,204],"floor_reached":16,"language":"JPN","playtime":457,"items_purged":[],"score":232,"play_id":"7e9698f6-1166-4909-8a2a-56355d6c95a5","local_time":"20210124193907","is_ascension_mode":true,"campfire_choices":[{"data":"Streamline","floor":6,"key":"SMITH"},{"data":"Beam Cell","floor":10,"key":"SMITH"},{"data":"Recycle","floor":15,"key":"SMITH"}],"circlet_count":0,"master_deck":["AscendersBane","Strike_B","Strike_B","Defend_B","Defend_B","Defend_B","Defend_B","Zap","Dualcast","Capacitor","Rebound","Streamline+1","Steam Power","Beam Cell+1","Cold Snap","Recycle+1","FTL"],"relics":["Cracked Core","Oddly Smooth Stone","Mercury Hourglass","White Beast Statue","Pear","Blood Vial","Happy Flower"],"acts_visited":["Exordium"],"potions_floor_usage":[7,11,11,16,16],"damage_taken":[{"damage":1,"enemies":"Cultist","floor":1,"turns":3},{"damage":0,"enemies":"2 Louse","floor":5,"turns":2},{"damage":8,"enemies":"Gremlin Nob","floor":7,"turns":3},{"damage":0,"enemies":"Jaw Worm","floor":8,"turns":2},{"damage":10,"enemies":"3 Sentries","floor":11,"turns":4},{"damage":24,"enemies":"Lagavulin","floor":14,"turns":5},{"damage":34,"enemies":"Slime Boss","floor":16,"turns":4}],"seed_played":"-6581612781578562561","potions_obtained":[{"floor":1,"key":"EntropicBrew"},{"floor":5,"key":"GamblersBrew"},{"floor":11,"key":"Explosive Potion"}],"is_trial":false,"path_per_floor":["M","?","?","$","M","R","E","M","T","R","E","?","T","E","R","B"],"character_chosen":"DEFECT","items_purchased":["Oddly Smooth Stone"],"campfire_rested":0,"item_purchase_floors":[4],"current_hp_per_floor":[63,63,52,52,52,52,44,44,44,44,44,44,44,22,22,0,0],"gold":204,"neow_bonus":"TRANSFORM_TWO_CARDS","is_daily":false,"chose_seed":false,"campfire_upgraded":3,"win_rate":0.0,"timestamp":1611484747,"path_taken":["M","?","?","?","?","R","E","M","T","R","E","?","?","E","R","BOSS"],"items_purchased_type":["Relic"],"build_version":"2020-12-22","purchased_purges":0,"victory":false,"max_hp_per_floor":[64,64,64,64,64,64,64,64,64,64,74,74,74,74,74,74,74],"card_choices":[{"not_picked":["Darkness","Conserve Battery"],"picked":"Streamline","floor":1},{"not_picked":["Barrage","Turbo"],"picked":"Steam Power","floor":5},{"not_picked":["Chaos","Leap"],"picked":"Beam Cell","floor":7},{"not_picked":["Genetic Algorithm","Storm"],"picked":"Cold Snap","floor":8},{"not_picked":["Double Energy","Streamline"],"picked":"Recycle","floor":11},{"not_picked":["Rebound","Redo"],"picked":"FTL","floor":14}],"player_experience":4011829,"relics_obtained":[{"floor":7,"key":"Mercury Hourglass"},{"floor":9,"key":"White Beast Statue"},{"floor":11,"key":"Pear"},{"floor":13,"key":"Blood Vial"},{"floor":14,"key":"Happy Flower"}],"event_choices":[{"damage_healed":0,"gold_gain":52,"player_choice":"Gained Gold","damage_taken":0,"max_hp_gain":0,"max_hp_loss":0,"event_name":"Golden Wing","floor":2,"gold_loss":0},{"damage_healed":0,"gold_gain":75,"player_choice":"Gather Gold","damage_taken":11,"max_hp_gain":0,"max_hp_loss":0,"event_name":"World of Goop","floor":3,"gold_loss":0},{"damage_healed":0,"gold_gain":0,"player_choice":"Ignored","damage_taken":0,"max_hp_gain":0,"max_hp_loss":0,"event_name":"Shining Light","floor":12,"gold_loss":0}],"is_beta":false,"boss_relics":[],"items_purged_floors":[],"is_endless":false,"potions_floor_spawned":[1,5,11,14],"killed_by":"Slime Boss","ascension_level":20}}