{"host":"gobyjzz6xbwq9f9i","time":1611532531,"event":{"mods":["AchievementEnabler","BaseMod","Bestiary","Colored Map","Minty Spire (QoL Compilation)"],"gold_per_floor":[113,113,131,144,109,137,194,194,194,45,73,73,73,90,90,187,187,206,206,223,243,259,259,289,289,289,82,98,117,137,169,169,270,270,284,284,284,294,2,2,31,45,45,73,73,23,73,89,89,89],"floor_reached":51,"language":"ENG","playtime":2484,"items_purged":["Strike_R","Strike_R","Strike_R","Strike_R"],"score":1345,"play_id":"7b5a154c-298c-4ffc-99d0-f736e351ae2f","local_time":"20210124155531","is_ascension_mode":true,"campfire_choices":[{"data":"Bash","floor":8.0,"key":"SMITH"},{"data":"Pommel Strike","floor":13.0,"key":"SMITH"},{"data":"Cleave","floor":15.0,"key":"SMITH"},{"data":"Offering","floor":23,"key":"SMITH"},{"data":"Shrug It Off","floor":25,"key":"SMITH"},{"data":"Shockwave","floor":32,"key":"SMITH"},{"data":"Body Slam","floor":40,"key":"SMITH"},{"data":"Shrug It Off","floor":45,"key":"SMITH"},{"data":"Headbutt","floor":49,"key":"SMITH"}],"circlet_count":0,"master_deck":["AscendersBane","Defend_R+1","Defend_R+1","Defend_R+1","Defend_R+1","Bash+1","Cleave+1","Shrug It Off+1","Headbutt+1","Shrug It Off+1","Pommel Strike+1","Offering+1","Bloodletting+1","Clothesline+1","Combust+1","Body Slam+1","Shockwave+1","Limit Break+1","Secret Weapon+1","Offering+1","Shrug It Off+1","Shrug It Off+1","Entrench+1","Flame Barrier+1","Flex+1","Body Slam+1"],"relics":["Burning Blood","War Paint","Torii","Mercury Hourglass","Blue Candle","Bag of Marbles","Coffee Dripper","Smiling Mask","Blood Vial","PreservedInsect","Toxic Egg 2","SlaversCollar","Sling","Eternal Feather","Pocketwatch","Self Forming Clay","Prayer Wheel"],"acts_visited":["Exordium","TheCity","TheBeyond"],"potions_floor_usage":[33,50,50],"damage_taken":[{"damage":7.0,"enemies":"Small Slimes","floor":1.0,"turns":4.0},{"damage":9.0,"enemies":"Jaw Worm","floor":3.0,"turns":4.0},{"damage":5.0,"enemies":"2 Louse","floor":4.0,"turns":4.0},{"damage":14.0,"enemies":"3 Sentries","floor":6.0,"turns":6.0},{"damage":36.0,"enemies":"3 Sentries","floor":7.0,"turns":9.0},{"damage":16.0,"enemies":"Gremlin Nob","floor":11.0,"turns":3.0},{"damage":1.0,"enemies":"Exordium Wildlife","floor":14.0,"turns":4.0},{"damage":7.0,"enemies":"Hexaghost","floor":16.0,"turns":9.0},{"damage":7,"enemies":"2 Thieves","floor":18,"turns":2},{"damage":7,"enemies":"Shell Parasite","floor":20,"turns":4},{"damage":9,"enemies":"Snake Plant","floor":21,"turns":2},{"damage":8,"enemies":"Centurion and Healer","floor":22,"turns":5},{"damage":16,"enemies":"Book of Stabbing","floor":24,"turns":4},{"damage":10,"enemies":"Shelled Parasite and Fungi","floor":28,"turns":2},{"damage":1,"enemies":"3 Cultists","floor":29,"turns":4},{"damage":6,"enemies":"Snecko","floor":30,"turns":4},{"damage":12,"enemies":"Gremlin Leader","floor":31,"turns":3},{"damage":58,"enemies":"Collector","floor":33,"turns":7},{"damage":6,"enemies":"Orb Walker","floor":35,"turns":3},{"damage":11,"enemies":"3 Shapes","floor":38,"turns":4},{"damage":12,"enemies":"Nemesis","floor":41,"turns":5},{"damage":15,"enemies":"3 Darklings","floor":42,"turns":5},{"damage":12,"enemies":"Giant Head","floor":44,"turns":4},{"damage":12,"enemies":"Mind Bloom Boss Battle","floor":47,"turns":3},{"damage":6,"enemies":"Jaw Worm Horde","floor":48,"turns":3},{"damage":19,"enemies":"Donu and Deca","floor":50,"turns":3}],"seed_played":"1933632896911921326","potions_obtained":[{"floor":1.0,"key":"PowerPotion"},{"floor":6.0,"key":"CultistPotion"},{"floor":16.0,"key":"Strength Potion"},{"floor":18,"key":"Fire Potion"},{"floor":28,"key":"Explosive Potion"},{"floor":33,"key":"PowerPotion"},{"floor":41,"key":"LiquidMemories"},{"floor":48,"key":"Strength Potion"}],"is_trial":false,"path_per_floor":["M","?","M","M","?","E","?","R","T","$","E","?","R","M","R","B",null,"M","?","M","M","M","R","E","R","T","$","M","M","M","E","R","B",null,"M","?","?","M","$","R","E","M","T","E","R","$","?","M","R","B",null],"character_chosen":"IRONCLAD","items_purchased":["DuplicationPotion","PreservedInsect","Sling","Shrug It Off+1","Entrench+1"],"campfire_rested":0,"item_purchase_floors":[10,27,39,39,39],"current_hp_per_floor":[66,47,44,45,69,61,31,31,31,31,21,18,18,23,23,22,78,77,77,76,73,71,71,61,61,61,61,59,66,68,64,64,14,76,78,78,78,75,75,75,71,64,64,60,75,75,71,73,88,77],"gold":89,"neow_bonus":"TWENTY_PERCENT_HP_BONUS","is_daily":false,"chose_seed":false,"campfire_upgraded":9,"win_rate":0.0,"timestamp":1611532531,"path_taken":["M","?","M","M","?","E","?","R","T","$","E","?","R","M","R","BOSS","M","?","?","M","M","R","E","R","T","$","M","M","M","E","R","BOSS","M","?","?","?","$","R","E","M","T","E","R","$","?","M","R","BOSS"],"items_purchased_type":["Potion","Relic","Relic","Card","Card"],"build_version":"2020-12-22","purchased_purges":4,"victory":true,"max_hp_per_floor":[96,96,96,96,96,96,96,96,96,96,96,96,96,96,96,96,96,96,96,96,96,96,96,96,96,96,96,96,96,96,96,96,96,96,96,96,96,96,96,96,96,96,96,96,96,96,96,96,96,96],"card_choices":[{"not_picked":["Heavy Blade","Sword Boomerang"],"picked":"Cleave","floor":1.0},{"not_picked":["Dropkick","Perfected Strike"],"picked":"Shrug It Off","floor":3.0},{"not_picked":["Warcry","Iron Wave"],"picked":"Headbutt","floor":4.0},{"not_picked":["Power Through","Dark Embrace"],"picked":"Shrug It Off","floor":6.0},{"not_picked":["Seeing Red","Wild Strike"],"picked":"Pommel Strike","floor":11.0},{"not_picked":["Headbutt","Blood for Blood","Exhume"],"picked":"SKIP","floor":14.0},{"not_picked":["Berserk","Feed"],"picked":"Offering","floor":16.0},{"not_picked":["Flex","Havoc"],"picked":"Bloodletting+1","floor":18},{"not_picked":["Thunderclap","Perfected Strike"],"picked":"Clothesline+1","floor":20},{"not_picked":["Clash","Clothesline","Blood for Blood"],"picked":"SKIP","floor":21},{"not_picked":["Berserk","Uppercut"],"picked":"Combust+1","floor":22},{"not_picked":["Sword Boomerang","Dual Wield","Dark Embrace+1"],"picked":"SKIP","floor":24},{"not_picked":["Havoc","Clash"],"picked":"Body Slam","floor":28},{"not_picked":["Armaments","Iron Wave","Ghostly Armor"],"picked":"SKIP","floor":29},{"not_picked":["Armaments","Wild Strike"],"picked":"Shockwave","floor":30},{"not_picked":["Dark Embrace+1","Uppercut","Iron Wave+1"],"picked":"SKIP","floor":31},{"not_picked":["Brutality","Berserk"],"picked":"Limit Break+1","floor":33},{"not_picked":["Heavy Blade+1","Thunderclap+1","Clothesline"],"picked":"SKIP","floor":35},{"not_picked":["Magnetism","Forethought+1"],"picked":"Secret Weapon+1","floor":36},{"not_picked":["Evolve","Thunderclap"],"picked":"Shrug It Off+1","floor":38},{"not_picked":["Twin Strike+1","Clothesline"],"picked":"Flame Barrier+1","floor":41},{"not_picked":["Sword Boomerang+1","Havoc+1","Hemokinesis+1"],"picked":"SKIP","floor":42},{"not_picked":["Second Wind+1","Ghostly Armor+1","Sword Boomerang"],"picked":"SKIP","floor":44},{"not_picked":["Iron Wave","Dark Embrace+1"],"picked":"Flex+1","floor":47},{"not_picked":["Cleave+1","Feel No Pain+1"],"picked":"Body Slam+1","floor":48},{"not_picked":["Feel No Pain","Perfected Strike","Havoc+1"],"picked":"SKIP","floor":48}],"player_experience":1151909,"relics_obtained":[{"floor":6.0,"key":"War Paint"},{"floor":7.0,"key":"Torii"},{"floor":9.0,"key":"Mercury Hourglass"},{"floor":11.0,"key":"Blue Candle"},{"floor":24,"key":"Smiling Mask"},{"floor":26,"key":"Blood Vial"},{"floor":31,"key":"Toxic Egg 2"},{"floor":41,"key":"Eternal Feather"},{"floor":43,"key":"Pocketwatch"},{"floor":44,"key":"Self Forming Clay"},{"floor":47,"key":"Prayer Wheel"}],"event_choices":[{"damage_healed":0.0,"max_hp_gain":0.0,"max_hp_loss":0.0,"gold_gain":0.0,"event_name":"Shining Light","player_choice":"Entered Light","floor":2.0,"gold_loss":0.0,"damage_taken":19.0,"cards_upgraded":["Defend_R","Defend_R"]},{"damage_healed":24.0,"max_hp_gain":0.0,"max_hp_loss":0.0,"gold_gain":0.0,"event_name":"The Cleric","player_choice":"Healed","floor":5.0,"gold_loss":35.0,"damage_taken":0.0},{"damage_healed":0.0,"max_hp_gain":0.0,"max_hp_loss":0.0,"gold_gain":0.0,"event_name":"Dead Adventurer","player_choice":"Searched \u00271\u0027 times","floor":7.0,"gold_loss":0.0,"damage_taken":0.0},{"damage_healed":0.0,"max_hp_gain":0.0,"max_hp_loss":0.0,"gold_gain":0.0,"event_name":"Scrap Ooze","player_choice":"Success","floor":12.0,"gold_loss":0.0,"damage_taken":3.0,"relics_obtained":["Bag of Marbles"]},{"cards_removed":["Strike_R"],"damage_healed":0,"gold_gain":0,"player_choice":"Purged","damage_taken":0,"max_hp_gain":0,"max_hp_loss":0,"event_name":"Purifier","floor":19,"gold_loss":0},{"damage_healed":0,"gold_gain":0,"player_choice":"Memory 1","damage_taken":0,"max_hp_gain":0,"max_hp_loss":0,"event_name":"SensoryStone","floor":36,"gold_loss":0},{"damage_healed":0,"gold_gain":0,"player_choice":"Copied","damage_taken":0,"max_hp_gain":0,"max_hp_loss":0,"event_name":"Duplicator","floor":37,"gold_loss":0,"cards_obtained":["Offering"]},{"damage_healed":0,"gold_gain":0,"player_choice":"Fight","damage_taken":0,"max_hp_gain":0,"max_hp_loss":0,"event_name":"MindBloom","floor":47,"gold_loss":0}],"is_beta":false,"boss_relics":[{"not_picked":["Runic Cube","Black Blood"],"picked":"Coffee Dripper"},{"not_picked":["Empty Cage","Busted Crown"],"picked":"SlaversCollar"}],"items_purged_floors":[10,27,39,46],"is_endless":false,"potions_floor_spawned":[1,6,16,18,28,29,31,33,41,48],"ascension_level":10}}