{"host":"6p0attdrtjqaih7v","time":1611462369,"event":{"mods":["2.2 Compatiblity","AchievementEnabler","Bard","BaseMod","Better Skull","Better Third Choice","Colored Powertips","Hermit","Highlight Path","Jorbs\u0027s Wanderer Trilogy","Key Reminder","Minty Spire (QoL Compilation)","Permanent Neow","Quick Restart","Random Character Button","Relic Stats","Replay The Spire","Robot Space Explorer","StSLib"],"gold_per_floor":[116,129,139,139,10,26,26,39,114,141,153,153,185,195,195,272,272,285,304,319,42,42,76,76,94,94,120,120,120,191,205,205,277,277,296,307,152,170,170,170,195,212,212,232,1,1,19,19,19,19],"floor_reached":51,"language":"ENG","playtime":2642,"items_purged":["Bite"],"score":1461,"play_id":"445fef7f-efd4-4cba-a9aa-0f04f19adc8b","local_time":"20210123232609","is_ascension_mode":true,"campfire_choices":[{"data":"RobotSpaceExplorer:StarLightning","floor":12,"key":"SMITH"},{"data":"RobotSpaceExplorer:Blitz","floor":12,"key":"SMITH"},{"data":"RobotSpaceExplorer:MiniLasers","floor":15,"key":"SMITH"},{"data":"RobotSpaceExplorer:SurgingShield","floor":15,"key":"SMITH"},{"data":"RobotSpaceExplorer:Asteroid","floor":24,"key":"SMITH"},{"data":"RobotSpaceExplorer:JunkDive","floor":24,"key":"SMITH"},{"data":"RobotSpaceExplorer:SurgingStrike","floor":29,"key":"SMITH"},{"data":"RobotSpaceExplorer:Jetpack","floor":29,"key":"SMITH"},{"data":"RobotSpaceExplorer:SurgingStrike","floor":32,"key":"SMITH"},{"data":"RobotSpaceExplorer:Scan","floor":32,"key":"SMITH"},{"data":"RobotSpaceExplorer:DroneSwarm","floor":40,"key":"SMITH"},{"data":"RobotSpaceExplorer:ExhaustFan","floor":40,"key":"SMITH"},{"data":"Bite","floor":46,"key":"SMITH"},{"data":"Bite","floor":46,"key":"SMITH"},{"data":"Bite","floor":49,"key":"SMITH"},{"data":"Bite","floor":49,"key":"SMITH"}],"circlet_count":0,"master_deck":["AscendersBane","RobotSpaceExplorer:Defend","RobotSpaceExplorer:Defend","RobotSpaceExplorer:Defend","RobotSpaceExplorer:Defend","RobotSpaceExplorer:Scan+1","RobotSpaceExplorer:MiniLasers+1","RobotSpaceExplorer:Probe","RobotSpaceExplorer:StunGrenade","RobotSpaceExplorer:StarLightning+1","RobotSpaceExplorer:SurgingStrike+1","RobotSpaceExplorer:JunkDive+1","RobotSpaceExplorer:Blitz+1","RobotSpaceExplorer:ScrapToss","RobotSpaceExplorer:SurgingShield+1","RobotSpaceExplorer:Asteroid+1","RobotSpaceExplorer:ScrapToss","RobotSpaceExplorer:PowerGlove+1","RobotSpaceExplorer:IronShell+1","RobotSpaceExplorer:Jetpack+1","RobotSpaceExplorer:SurgingStrike+1","Bite+1","Bite+1","Bite+1","Bite+1","RobotSpaceExplorer:ScrapToss","RobotSpaceExplorer:DroneSwarm+1","RobotSpaceExplorer:GlueSpray+1","RobotSpaceExplorer:ExhaustFan+1","RobotSpaceExplorer:SwiftStep+1","RobotSpaceExplorer:DroneSwarm","RobotSpaceExplorer:ScrapToss","RobotSpaceExplorer:ShovelStrike+1"],"relics":["RobotSpaceExplorer:TurboCore","Thread and Needle","Pantograph","Replay:Arrowhead","Potion Belt","Sozu","Snack Pack","Calipers","Blue Candle","Unceasing Top","InkBottle","Mercury Hourglass","Orichalcum"],"acts_visited":["Exordium","TheCity","TheBeyond"],"potions_floor_usage":[10,16,19,50],"damage_taken":[{"damage":0,"enemies":"Cultist","floor":1,"turns":4},{"damage":0,"enemies":"Jaw Worm","floor":2,"turns":3},{"damage":0,"enemies":"2 Louse","floor":3,"turns":3},{"damage":0,"enemies":"Gremlin Gang","floor":6,"turns":5},{"damage":0,"enemies":"Looter","floor":8,"turns":3},{"damage":15,"enemies":"Lagavulin","floor":10,"turns":6},{"damage":0,"enemies":"Blue Slaver","floor":11,"turns":3},{"damage":1,"enemies":"Gremlin Nob","floor":13,"turns":3},{"damage":1,"enemies":"Gremlin Gang","floor":14,"turns":4},{"damage":12,"enemies":"The Guardian","floor":16,"turns":9},{"damage":0,"enemies":"3 Byrds","floor":18,"turns":5},{"damage":0,"enemies":"Chosen","floor":19,"turns":4},{"damage":2,"enemies":"Shelled Parasite and Fungi","floor":20,"turns":3},{"damage":0,"enemies":"Replay:Snechameleon","floor":23,"turns":5},{"damage":6,"enemies":"Snecko","floor":25,"turns":3},{"damage":3,"enemies":"Slavers","floor":27,"turns":5},{"damage":0,"enemies":"Centurion and Healer","floor":31,"turns":6},{"damage":35,"enemies":"Automaton","floor":33,"turns":10},{"damage":0,"enemies":"Orb Walker","floor":35,"turns":3},{"damage":0,"enemies":"3 Shapes","floor":36,"turns":4},{"damage":0,"enemies":"Writhing Mass","floor":38,"turns":9},{"damage":31,"enemies":"Nemesis","floor":41,"turns":5},{"damage":0,"enemies":"3 Darklings","floor":42,"turns":6},{"damage":3,"enemies":"Transient","floor":44,"turns":5},{"damage":0,"enemies":"Writhing Mass","floor":47,"turns":6},{"damage":12,"enemies":"Awakened One","floor":50,"turns":12}],"seed_played":"7057770281097563217","potions_obtained":[{"floor":2,"key":"Death Potion"},{"floor":8,"key":"ColorlessPotion"},{"floor":13,"key":"Reflective Coating"},{"floor":16,"key":"DuplicationPotion"}],"is_trial":false,"path_per_floor":["M","M","M","?","$","M","?","M","T","E","M","R","E","M","R","B",null,"M","M","M","$","?","E","R","M","T","E","?","R","T","M","R","B",null,"M","M","$","M","?","R","E","M","T","M","$","R","M","$","R","B",null],"character_chosen":"RobotSpaceExplorer","items_purchased":["RobotSpaceExplorer:StarLightning","RobotSpaceExplorer:SurgingStrike","Snack Pack","RobotSpaceExplorer:ExhaustFan","RobotSpaceExplorer:DroneSwarm","RobotSpaceExplorer:ScrapToss"],"campfire_rested":0,"item_purchase_floors":[5,5,21,37,45,45],"current_hp_per_floor":[46,46,46,51,51,51,76,76,76,61,61,61,60,59,59,64,73,73,73,71,71,76,76,76,70,70,73,53,53,53,53,53,40,50,53,53,53,53,53,53,30,53,53,53,53,53,53,53,53,53],"gold":19,"neow_bonus":"ONE_RARE_RELIC","is_daily":false,"chose_seed":false,"campfire_upgraded":16,"win_rate":0.0,"timestamp":1611462369,"path_taken":["M","?","M","?","$","M","?","M","T","E","?","R","E","M","R","BOSS","M","M","?","$","?","E","R","?","T","E","?","R","?","M","R","BOSS","M","?","$","M","?","R","E","M","T","M","$","R","M","?","R","BOSS"],"items_purchased_type":["Card","Card","Relic","Card","Card","Card"],"build_version":"2020-12-22","purchased_purges":1,"victory":true,"max_hp_per_floor":[71,71,71,76,76,76,76,76,76,76,76,76,76,76,76,76,76,76,76,76,76,76,76,76,76,76,76,53,53,53,53,53,53,53,53,53,53,53,53,53,53,53,53,53,53,53,53,53,53,53],"relic_stats":{"Sozu":9,"counters":[26,134],"Pantograph":17,"Blue Candle":[2],"Orichalcum":[6],"obtain_stats":[{"Potion Belt":13,"Calipers":23,"Blue Candle":26,"RobotSpaceExplorer:RoboCore":0,"Thread and Needle":0,"Orichalcum":43,"Replay:Arrowhead":10,"RobotSpaceExplorer:TurboCore":34,"Mercury Hourglass":41,"Sozu":17,"Pantograph":9,"Snack Pack":21,"Unceasing Top":27,"InkBottle":30},{"Potion Belt":8,"Calipers":14,"Blue Candle":15,"RobotSpaceExplorer:RoboCore":0,"Thread and Needle":0,"Orichalcum":23,"Replay:Arrowhead":6,"RobotSpaceExplorer:TurboCore":18,"Mercury Hourglass":22,"Sozu":10,"Pantograph":5,"Snack Pack":13,"Unceasing Top":16,"InkBottle":16},{"Potion Belt":30,"Calipers":60,"Blue Candle":63,"RobotSpaceExplorer:RoboCore":0,"Thread and Needle":0,"Orichalcum":111,"Replay:Arrowhead":24,"RobotSpaceExplorer:TurboCore":84,"Mercury Hourglass":105,"Sozu":43,"Pantograph":18,"Snack Pack":55,"Unceasing Top":68,"InkBottle":68}],"Unceasing Top":[4],"InkBottle":[35],"Mercury Hourglass":[108]},"card_choices":[{"not_picked":["RobotSpaceExplorer:GlueShot","RobotSpaceExplorer:Calculate","RobotSpaceExplorer:DoubleFind"],"picked":"SKIP","floor":1},{"not_picked":["RobotSpaceExplorer:ShockKick","RobotSpaceExplorer:StunGrenade"],"picked":"RobotSpaceExplorer:Probe","floor":2},{"not_picked":["RobotSpaceExplorer:FreezeRay","RobotSpaceExplorer:FrostMissile"],"picked":"RobotSpaceExplorer:StunGrenade","floor":3},{"not_picked":["RobotSpaceExplorer:Discharger","RobotSpaceExplorer:SurgingShield"],"picked":"RobotSpaceExplorer:JunkDive","floor":6},{"not_picked":["RobotSpaceExplorer:MiniDrones","RobotSpaceExplorer:Ammunition"],"picked":"RobotSpaceExplorer:Blitz","floor":8},{"not_picked":["RobotSpaceExplorer:ScrapMissile","RobotSpaceExplorer:Autoloader"],"picked":"RobotSpaceExplorer:ScrapToss","floor":10},{"not_picked":["RobotSpaceExplorer:FranticSearch","RobotSpaceExplorer:GlueShot","RobotSpaceExplorer:ImprovisedAttack"],"picked":"SKIP","floor":11},{"not_picked":["RobotSpaceExplorer:ShockKick","RobotSpaceExplorer:SelfCleaning","RobotSpaceExplorer:ScrapMissile"],"picked":"SKIP","floor":13},{"not_picked":["RobotSpaceExplorer:ImprovisedAttack","RobotSpaceExplorer:StunGrenade"],"picked":"RobotSpaceExplorer:SurgingShield","floor":14},{"not_picked":["RobotSpaceExplorer:Autoloader","RobotSpaceExplorer:Wormhole"],"picked":"RobotSpaceExplorer:Asteroid","floor":16},{"not_picked":["RobotSpaceExplorer:Probe","RobotSpaceExplorer:SlimeMissile","RobotSpaceExplorer:ImprovisedAttack"],"picked":"SKIP","floor":18},{"not_picked":["RobotSpaceExplorer:PowerCollector","RobotSpaceExplorer:MiniDrones"],"picked":"RobotSpaceExplorer:ScrapToss","floor":19},{"not_picked":["RobotSpaceExplorer:ScrapMissile","RobotSpaceExplorer:SlimeMissile"],"picked":"RobotSpaceExplorer:PowerGlove+1","floor":20},{"not_picked":["RobotSpaceExplorer:MiniDrones","RobotSpaceExplorer:Autoloader"],"picked":"RobotSpaceExplorer:IronShell+1","floor":23},{"not_picked":["RobotSpaceExplorer:FreezeRay","RobotSpaceExplorer:GlueSpray"],"picked":"RobotSpaceExplorer:Jetpack","floor":25},{"not_picked":["RobotSpaceExplorer:Ammunition","RobotSpaceExplorer:GlueShot"],"picked":"RobotSpaceExplorer:SurgingStrike","floor":27},{"not_picked":["RobotSpaceExplorer:MakeshiftVolley","RobotSpaceExplorer:SurgingShield"],"picked":"RobotSpaceExplorer:ScrapToss","floor":31},{"not_picked":["RobotSpaceExplorer:BlastShield","RobotSpaceExplorer:Multitool"],"picked":"RobotSpaceExplorer:DroneSwarm","floor":33},{"not_picked":["RobotSpaceExplorer:SurgingShield","RobotSpaceExplorer:SurgingStrike+1"],"picked":"RobotSpaceExplorer:GlueSpray+1","floor":35},{"not_picked":["RobotSpaceExplorer:ScrapMissile","RobotSpaceExplorer:PowerCollector","RobotSpaceExplorer:GlueSpray"],"picked":"SKIP","floor":36},{"not_picked":["RobotSpaceExplorer:DoubleFind+1","RobotSpaceExplorer:SwiftStep","RobotSpaceExplorer:GlueShot"],"picked":"SKIP","floor":38},{"not_picked":["RobotSpaceExplorer:StunGrenade","RobotSpaceExplorer:Explosion"],"picked":"RobotSpaceExplorer:SwiftStep+1","floor":41},{"not_picked":["RobotSpaceExplorer:Pulsar","RobotSpaceExplorer:Discharger","RobotSpaceExplorer:MiniDrones"],"picked":"SKIP","floor":42},{"not_picked":["RobotSpaceExplorer:MetalStrike","RobotSpaceExplorer:ToxicBomb","RobotSpaceExplorer:SurgingShield"],"picked":"SKIP","floor":44},{"not_picked":["RobotSpaceExplorer:Exploration","RobotSpaceExplorer:GlueShot"],"picked":"RobotSpaceExplorer:ShovelStrike+1","floor":47}],"player_experience":929957,"relics_obtained":[{"floor":9,"key":"Pantograph"},{"floor":10,"key":"Replay:Arrowhead"},{"floor":13,"key":"Potion Belt"},{"floor":23,"key":"Calipers"},{"floor":26,"key":"Blue Candle"},{"floor":27,"key":"Unceasing Top"},{"floor":30,"key":"InkBottle"},{"floor":41,"key":"Mercury Hourglass"},{"floor":43,"key":"Orichalcum"}],"event_choices":[{"damage_healed":0,"gold_gain":0,"player_choice":"Donut","damage_taken":0,"max_hp_gain":5,"max_hp_loss":0,"event_name":"Big Fish","floor":4,"gold_loss":0},{"damage_healed":25,"gold_gain":0,"player_choice":"Full Heal","damage_taken":0,"max_hp_gain":0,"max_hp_loss":0,"event_name":"Wheel of Change","floor":7,"gold_loss":0},{"damage_healed":5,"gold_gain":0,"player_choice":"Full Heal","damage_taken":0,"max_hp_gain":0,"max_hp_loss":0,"event_name":"Wheel of Change","floor":22,"gold_loss":0},{"damage_healed":0,"gold_gain":0,"player_choice":"Became a vampire","damage_taken":0,"max_hp_gain":0,"max_hp_loss":23,"event_name":"Vampires","floor":28,"gold_loss":0,"cards_obtained":["Bite","Bite","Bite","Bite","Bite"]},{"damage_healed":0,"gold_gain":0,"player_choice":"Got Potions","damage_taken":0,"max_hp_gain":0,"max_hp_loss":0,"event_name":"Lab","floor":39,"gold_loss":0}],"is_beta":false,"boss_relics":[{"not_picked":["Kintsugi","Empty Cage"],"picked":"Sozu"},{"not_picked":["Snecko Eye","Replay:Grab Bag"],"picked":"RobotSpaceExplorer:TurboCore"}],"items_purged_floors":[37],"is_endless":false,"potions_floor_spawned":[2,8,13,16,18,19,27,31,33,36,42],"ascension_level":16}}