{"host":"ox77rn1xcurm2t5a","time":1611516489,"event":{"mods":["2.2 Compatiblity","AchievementEnabler","Act Like it!","Aspiration","BaseMod","Best Route Mod","Better Match","Better Note","Better Sensory Stone","Block Reminder","Colored Map","Colored Powertips","Conjunction","Conspire","Custom Start","Energized Spire","GifTheSpireLib","Gold Saver","Gremlin Skip","Halation","Highlight Path","Hubris","Infinite Spire","Minty Spire (QoL Compilation)","Pale of the Ancients","Quick Restart","Replay The Spire","Reworked Bosses","ShortenTheSpire","Spire Exporter","StSLib","Stuff the Spire","Wandering Minibosses","vexMod"],"gold_per_floor":[110,110,110,110,110,110,137,137,214,242,255,323,338,349,349,349,349],"floor_reached":16,"language":"ENG","playtime":182,"items_purged":[],"score":269,"play_id":"9396a273-f4ec-4635-9396-df63c16d5751","local_time":"20210124212809","is_ascension_mode":true,"campfire_choices":[{"floor":6,"key":"RECALL"},{"data":"Zap","floor":8,"key":"SMITH"},{"data":"Dualcast","floor":15,"key":"SMITH"}],"circlet_count":0,"master_deck":["AscendersBane","Strike_B","Strike_B","Strike_B","Strike_B","Defend_B","Defend_B","Defend_B","Defend_B","Zap+1","Dualcast+1","hubris:Despair","Ball Lightning","Gash"],"relics":["Cracked Core","NeowsBlessing","Frozen Egg 2","Orichalcum","Vajra","conspire:Dentures"],"acts_visited":["Exordium"],"potions_floor_usage":[14,16],"damage_taken":[{"damage":0,"enemies":"Small Slimes","floor":1,"turns":1},{"damage":0,"enemies":"Lagavulin","floor":7,"turns":1},{"damage":0,"enemies":"3 Sentries","floor":10,"turns":1},{"damage":7,"enemies":"Jaw Worm","floor":11,"turns":2},{"damage":2,"enemies":"2 Louse","floor":13,"turns":2},{"damage":0,"enemies":"Large Slime","floor":14,"turns":2},{"damage":58,"enemies":"Slime Boss","floor":16,"turns":7}],"seed_played":"-9073543478093838625","potions_obtained":[{"floor":11,"key":"Fire Potion"},{"floor":13,"key":"CultistPotion"}],"is_trial":false,"path_per_floor":["M","?","?","?","?","R","E","R","T","E","M","T","M","M","R","B"],"character_chosen":"DEFECT","items_purchased":[],"campfire_rested":0,"item_purchase_floors":[],"current_hp_per_floor":[64,64,64,64,64,64,64,64,64,64,57,57,55,55,55,0,0],"gold":349,"neow_bonus":"THREE_ENEMY_KILL","is_daily":false,"chose_seed":false,"campfire_upgraded":2,"win_rate":0.0,"timestamp":1611516489,"path_taken":["M","?","?","?","?","R","E","R","T","E","M","?","M","M","R","BOSS"],"items_purchased_type":[],"build_version":"2020-12-22","purchased_purges":0,"victory":false,"max_hp_per_floor":[71,71,71,71,71,71,71,71,71,71,71,71,71,71,71,71,71],"card_choices":[{"not_picked":["Aggregate","Steam","Beam Cell"],"picked":"SKIP","floor":1},{"not_picked":["StuffTheSpire:Rend","Tempest","Panic Button"],"picked":"SKIP","floor":7},{"not_picked":["Fusion","Recycle"],"picked":"Ball Lightning","floor":10},{"not_picked":["Leap","Rebound","Scrape"],"picked":"SKIP","floor":11},{"not_picked":["Streamline","Sunder"],"picked":"Gash","floor":13},{"not_picked":["Meteor Strike","Leap","ReplaySolidLightProjector"],"picked":"SKIP","floor":14}],"player_experience":2988233,"relics_obtained":[{"floor":7,"key":"Orichalcum"},{"floor":10,"key":"Vajra"},{"floor":12,"key":"conspire:Dentures"}],"event_choices":[{"damage_healed":0,"gold_gain":0,"player_choice":"Ignored","damage_taken":0,"max_hp_gain":0,"max_hp_loss":0,"event_name":"Liars Game","floor":3,"gold_loss":0}],"is_beta":false,"boss_relics":[],"items_purged_floors":[],"is_endless":false,"potions_floor_spawned":[11,13],"killed_by":"Slime Boss","ascension_level":14}}