{"host":"skvwuvqqk8x6jusd","time":1611527322,"event":{"mods":["AchievementEnabler","BaseMod","Colored Map","Colored Powertips","Highlight Path","Minty Spire (QoL Compilation)","Relic Stats","Slay-I"],"gold_per_floor":[109,40,40,55,71,71,86,86,113,113,145,220,220,233,233,336,336,346,361,361,361,361,361,276,276,276,293,218,218,237,90,90,190,190,208,208,86,86,99,99,99,111,135,63,63,0,0,12,12,12,12],"floor_reached":50,"language":"ENG","playtime":853,"items_purged":["Defend_R+1"],"score":486,"play_id":"a5fc1bae-1144-4491-bbdf-295cc3adcbd3","local_time":"20210124222842","is_ascension_mode":false,"campfire_choices":[{"data":"Flex","floor":6,"key":"SMITH"},{"data":"Whirlwind","floor":8,"key":"SMITH"},{"data":"Rampage","floor":10,"key":"SMITH"},{"data":"Clash","floor":13,"key":"SMITH"},{"data":"Bash","floor":15,"key":"SMITH"},{"data":"Double Tap","floor":23,"key":"SMITH"},{"data":"Flex","floor":25,"key":"SMITH"},{"data":"Whirlwind","floor":32,"key":"SMITH"},{"data":"Flex","floor":40,"key":"SMITH"},{"data":"Whirlwind","floor":47,"key":"SMITH"},{"data":"Spot Weakness","floor":49,"key":"SMITH"}],"circlet_count":0,"master_deck":["Strike_R+1","Strike_R+1","Strike_R+1","Strike_R+1","Strike_R+1","Bash+1","Clash+1","Flex+1","Rage","Whirlwind+1","Headbutt","Double Tap+1","RitualDagger","Flex+1","Whirlwind+1","Whirlwind+1","Flex+1","Sword Boomerang+1","Spot Weakness+1"],"relics":["Black Blood","Art of War","Akabeko","Oddly Smooth Stone","Busted Crown","Self Forming Clay","Nunchaku","StrikeDummy","Lantern","Red Mask"],"acts_visited":["Exordium","TheCity","TheBeyond"],"potions_floor_usage":[4,16,33,33,50,50,50],"damage_taken":[{"damage":6,"enemies":"Cultist","floor":1,"turns":3},{"damage":0,"enemies":"Small Slimes","floor":4,"turns":2},{"damage":0,"enemies":"2 Louse","floor":5,"turns":2},{"damage":20,"enemies":"Exordium Thugs","floor":7,"turns":4},{"damage":0,"enemies":"3 Sentries","floor":11,"turns":1},{"damage":0,"enemies":"2 Fungi Beasts","floor":14,"turns":2},{"damage":30,"enemies":"The Guardian","floor":16,"turns":7},{"damage":10,"enemies":"Chosen","floor":18,"turns":2},{"damage":12,"enemies":"Shell Parasite","floor":19,"turns":2},{"damage":0,"enemies":"Shelled Parasite and Fungi","floor":27,"turns":1},{"damage":0,"enemies":"Snecko","floor":30,"turns":2},{"damage":25,"enemies":"Champ","floor":33,"turns":4},{"damage":0,"enemies":"3 Darklings","floor":35,"turns":1},{"damage":9,"enemies":"3 Shapes","floor":39,"turns":1},{"damage":0,"enemies":"Sphere and 2 Shapes","floor":42,"turns":2},{"damage":21,"enemies":"4 Shapes","floor":48,"turns":1},{"damage":65,"enemies":"Awakened One","floor":50,"turns":5}],"seed_played":"-3627170299034353376","potions_obtained":[{"floor":1,"key":"Fruit Juice"},{"floor":7,"key":"Block Potion"},{"floor":14,"key":"PowerPotion"},{"floor":27,"key":"SpeedPotion"},{"floor":30,"key":"Block Potion"},{"floor":33,"key":"SteroidPotion"},{"floor":42,"key":"EssenceOfSteel"}],"is_trial":false,"path_per_floor":["M","$","?","M","M","R","M","R","T","R","E","?","R","M","R","B",null,"M","M","?","?","?","R","?","R","T","M","?","?","M","$","R","B",null,"M","?","$","?","M","R","?","M","T","$","?","?","R","M","R","B"],"character_chosen":"IRONCLAD","items_purchased":["Rampage","Whirlwind","Whirlwind","Flex","LiquidBronze"],"campfire_rested":0,"item_purchase_floors":[2,31,37,37,44],"current_hp_per_floor":[72,72,65,76,77,77,63,63,63,63,69,58,58,64,64,40,77,73,67,61,61,61,61,61,61,61,67,67,67,73,73,73,54,77,77,77,77,77,77,77,77,77,77,77,73,73,73,64,64,0,0],"gold":12,"neow_bonus":"REMOVE_TWO","is_daily":false,"chose_seed":false,"campfire_upgraded":11,"win_rate":0.0,"timestamp":1611527322,"path_taken":["M","?","?","M","M","R","M","R","T","R","E","?","R","M","R","BOSS","M","M","?","?","?","R","?","R","T","M","?","?","M","$","R","BOSS","M","?","$","?","M","R","?","?","T","$","?","?","R","M","R","BOSS"],"items_purchased_type":["Card","Card","Card","Card","Potion"],"build_version":"2020-12-22","purchased_purges":1,"victory":false,"max_hp_per_floor":[72,72,72,77,77,77,77,77,77,77,77,77,77,77,77,77,77,77,77,77,77,77,77,77,77,77,77,77,77,77,77,77,77,77,77,77,77,77,77,77,77,77,77,77,73,73,73,73,73,73,73],"relic_stats":{"Nunchaku":[4],"Busted Crown":20,"counters":[17,42],"Self Forming Clay":[27],"Black Blood":88,"Art of War":[0],"obtain_stats":[{"Nunchaku":26,"Lantern":43,"Busted Crown":17,"Self Forming Clay":24,"Oddly Smooth Stone":11,"Black Blood":34,"Art of War":3,"Red Mask":46,"StrikeDummy":29,"Burning Blood":0,"Akabeko":9},{"Nunchaku":9,"Lantern":15,"Busted Crown":7,"Self Forming Clay":9,"Oddly Smooth Stone":5,"Black Blood":12,"Art of War":1,"Red Mask":15,"StrikeDummy":10,"Burning Blood":0,"Akabeko":4},{"Nunchaku":25,"Lantern":36,"Busted Crown":21,"Self Forming Clay":25,"Oddly Smooth Stone":12,"Black Blood":32,"Art of War":3,"Red Mask":36,"StrikeDummy":26,"Burning Blood":0,"Akabeko":11}]},"card_choices":[{"not_picked":["Hemokinesis","Body Slam"],"picked":"Clash","floor":1},{"not_picked":["Twin Strike","Wild Strike"],"picked":"Flex","floor":4},{"not_picked":["True Grit","Clothesline"],"picked":"Rage","floor":5},{"not_picked":["Sentinel","Sever Soul"],"picked":"Whirlwind","floor":7},{"not_picked":["Impervious","Blood for Blood","Clothesline"],"picked":"SKIP","floor":11},{"not_picked":["Twin Strike","Perfected Strike"],"picked":"Headbutt","floor":14},{"not_picked":["Reaper","Demon Form"],"picked":"Double Tap","floor":16},{"not_picked":["Second Wind"],"picked":"SKIP","floor":18},{"not_picked":["Burning Pact"],"picked":"SKIP","floor":19},{"not_picked":["Ghostly Armor+1"],"picked":"SKIP","floor":27},{"not_picked":["Sword Boomerang"],"picked":"SKIP","floor":30},{"not_picked":["Armaments"],"picked":"SKIP","floor":35},{"not_picked":[],"picked":"Sword Boomerang+1","floor":39},{"not_picked":["Dropkick"],"picked":"SKIP","floor":42},{"not_picked":[],"picked":"Spot Weakness","floor":48}],"player_experience":624351,"relics_obtained":[{"floor":9,"key":"Akabeko"},{"floor":11,"key":"Oddly Smooth Stone"},{"floor":26,"key":"Nunchaku"},{"floor":43,"key":"Lantern"}],"event_choices":[{"damage_healed":0,"gold_gain":0,"player_choice":"Success","damage_taken":7,"relics_obtained":["Art of War"],"max_hp_gain":0,"max_hp_loss":0,"event_name":"Scrap Ooze","floor":3,"gold_loss":0},{"damage_healed":0,"gold_gain":75,"player_choice":"Gather Gold","damage_taken":11,"max_hp_gain":0,"max_hp_loss":0,"event_name":"World of Goop","floor":12,"gold_loss":0},{"damage_healed":0,"gold_gain":0,"player_choice":"Joined the Cult","damage_taken":6,"max_hp_gain":0,"max_hp_loss":0,"event_name":"Nest","floor":20,"gold_loss":0,"cards_obtained":["RitualDagger"]},{"damage_healed":0,"gold_gain":0,"player_choice":"Simplicity","damage_taken":0,"max_hp_gain":0,"max_hp_loss":0,"event_name":"Back to Basics","floor":21,"gold_loss":0,"cards_upgraded":["Strike_R","Strike_R","Strike_R","Strike_R","Strike_R","Defend_R","Defend_R"]},{"damage_healed":0,"gold_gain":0,"player_choice":"Read","damage_taken":0,"max_hp_gain":0,"max_hp_loss":0,"event_name":"The Library","floor":22,"gold_loss":0,"cards_obtained":["Flex"]},{"damage_healed":0,"gold_gain":0,"player_choice":"Obtained Relic","damage_taken":0,"relics_obtained":["Self Forming Clay"],"max_hp_gain":0,"max_hp_loss":0,"event_name":"Addict","floor":24,"gold_loss":85},{"cards_removed":["Defend_R"],"damage_healed":0,"gold_gain":0,"player_choice":"Gave Gold","damage_taken":0,"max_hp_gain":0,"max_hp_loss":0,"event_name":"Beggar","floor":28,"gold_loss":75},{"damage_healed":0,"gold_gain":0,"player_choice":"Opened","damage_taken":0,"relics_obtained":["StrikeDummy"],"max_hp_gain":0,"max_hp_loss":0,"event_name":"The Mausoleum","floor":29,"gold_loss":0},{"cards_removed":["Rampage"],"damage_healed":0,"gold_gain":0,"player_choice":"Removed Attack","damage_taken":0,"max_hp_gain":0,"max_hp_loss":0,"event_name":"Falling","floor":36,"gold_loss":0},{"damage_healed":0,"gold_gain":0,"player_choice":"Memory 1","damage_taken":0,"max_hp_gain":0,"max_hp_loss":0,"event_name":"SensoryStone","floor":38,"gold_loss":0},{"damage_healed":0,"gold_gain":0,"player_choice":"Ignored","damage_taken":0,"max_hp_gain":0,"max_hp_loss":0,"event_name":"Mysterious Sphere","floor":41,"gold_loss":0},{"damage_healed":0,"gold_gain":0,"player_choice":"Max HP","damage_taken":0,"max_hp_gain":0,"max_hp_loss":4,"event_name":"Winding Halls","floor":45,"gold_loss":0},{"damage_healed":0,"gold_gain":0,"player_choice":"Paid","damage_taken":0,"relics_obtained":["Red Mask"],"max_hp_gain":0,"max_hp_loss":0,"event_name":"Tomb of Lord Red Mask","floor":46,"gold_loss":63}],"is_beta":false,"boss_relics":[{"not_picked":["Cursed Key","Mark of Pain"],"picked":"Busted Crown"},{"not_picked":["Sozu","Coffee Dripper"],"picked":"Black Blood"}],"items_purged_floors":[31],"is_endless":false,"potions_floor_spawned":[1,7,14,27,30,33,42],"killed_by":"Awakened One","ascension_level":0}}