{"host":"yuhibl5o0ay6idau","time":1611521164,"event":{"mods":["Act Like it!","Aspiration","BaseMod","Better Altar","Better Match","Better Note","Better Sensory Stone","Better Skull","Better Third Choice","CCEM","Colored Map","Colored Powertips","Conspire","DeckTracker","GifTheSpireLib","Highlight Path","Jedi Mod","Minty Spire (QoL Compilation)","Permanent Neow","Quick Restart","Random Character Button","Replay The Spire","StSLib","Stuff the Spire","SuperFastMode","vexMod"],"gold_per_floor":[114,129,129,144,144,144,174,174,249,249,279,294,324,339,339,439,439,439],"floor_reached":17,"language":"ENG","playtime":2136,"items_purged":[],"score":275,"play_id":"7d5bd340-8604-434a-a9c9-131d9508f54a","local_time":"20210124124604","daily_mods":["Draft","Colorless Cards","Terminal"],"is_ascension_mode":false,"campfire_choices":[{"data":"StuffTheSpire:Repulse","floor":6,"key":"SMITH"},{"data":"Terror","floor":8,"key":"SMITH"},{"data":"Deflect","floor":10,"key":"SMITH"},{"data":"Deflect","floor":15,"key":"SMITH"}],"circlet_count":0,"master_deck":["Cloak And Dagger","Sucker Punch","Terror+1","ReplayTheSpireMod:Tripwire","Good Instincts","Dodge and Roll","Deflect","Hidden Blade","StuffTheSpire:PlasmaPunch","Flying Knee","Cloak And Dagger","Deflect+1","Deflect+1","StuffTheSpire:Incantation","StuffTheSpire:Repulse+1","StuffTheSpire:DoubleShiv","Leg Sweep","Adrenaline","Blade Dance","Die Die Die","Crow Ritual"],"relics":["Sizzling Blood","StuffTheSpire:Experiment12","StuffTheSpire:RubySignet","Paper Crane","CCEMRelics:JestersCrown","aspiration:IroncladSkillbook"],"acts_visited":["Exordium","TheCity"],"potions_floor_usage":[],"damage_taken":[{"damage":0,"enemies":"Small Slimes","floor":1,"turns":3},{"damage":0,"enemies":"2 Louse","floor":2,"turns":2},{"damage":0,"enemies":"Jaw Worm","floor":4,"turns":4},{"damage":4,"enemies":"Lagavulin","floor":7,"turns":7},{"damage":0,"enemies":"3 Sentries","floor":11,"turns":11},{"damage":0,"enemies":"Lots of Slimes","floor":12,"turns":6},{"damage":0,"enemies":"Lagavulin","floor":13,"turns":6},{"damage":0,"enemies":"Gremlin Gang","floor":14,"turns":5},{"damage":0,"enemies":"Fading Forest","floor":16,"turns":11}],"seed_played":"-992185634128019100","potions_obtained":[{"floor":2,"key":"EssenceOfSteel"},{"floor":4,"key":"BlessingOfTheForge"},{"floor":16,"key":"Swift Potion"}],"is_trial":false,"path_per_floor":["M","M","?","M","?","R","E","R","T","R","E","M","E","M","R","B",null],"character_chosen":"THE_SILENT","items_purchased":[],"campfire_rested":0,"item_purchase_floors":[],"current_hp_per_floor":[68,67,70,69,68,67,66,65,64,63,62,61,60,59,58,57,57,57],"gold":439,"neow_bonus":"","is_daily":true,"chose_seed":false,"campfire_upgraded":4,"win_rate":0.0,"timestamp":1611521164,"path_taken":["M","M","?","M","?","R","E","R","T","R","E","M","E","?","R","BOSS"],"items_purchased_type":[],"build_version":"2020-12-22","purchased_purges":0,"victory":false,"max_hp_per_floor":[68,67,70,69,68,67,66,65,64,63,62,61,60,59,58,57,57,57],"card_choices":[{"not_picked":["Bane","Dagger Spray"],"picked":"Cloak And Dagger","floor":0},{"not_picked":["Poisoned Stab","StuffTheSpire:BumpUp"],"picked":"Sucker Punch","floor":0},{"not_picked":["Eviscerate","Flying Knee"],"picked":"Terror","floor":0},{"not_picked":["Sucker Punch","Caltrops"],"picked":"ReplayTheSpireMod:Tripwire","floor":0},{"not_picked":["Caltrops","StuffTheSpire:Shiver"],"picked":"Good Instincts","floor":0},{"not_picked":["StuffTheSpire:BrimstoneBlast","Acrobatics"],"picked":"Dodge and Roll","floor":0},{"not_picked":["Deadly Poison","Blade Dance"],"picked":"Deflect","floor":0},{"not_picked":["StuffTheSpire:BumpUp","Dagger Spray"],"picked":"Hidden Blade","floor":0},{"not_picked":["StuffTheSpire:Python","Dagger Spray"],"picked":"StuffTheSpire:PlasmaPunch","floor":0},{"not_picked":["Poisoned Stab","StuffTheSpire:MirrorStance"],"picked":"Flying Knee","floor":0},{"not_picked":["Bane","jedi:pocketpoison"],"picked":"Cloak And Dagger","floor":0},{"not_picked":["Poisoned Stab","PiercingWail"],"picked":"Deflect","floor":0},{"not_picked":["Hidden Blade","Dagger Throw"],"picked":"Deflect","floor":0},{"not_picked":["ReplayTheSpireMod:Exploit Weakness","Heel Hook"],"picked":"StuffTheSpire:Incantation","floor":0},{"not_picked":["Acrobatics","PiercingWail"],"picked":"StuffTheSpire:Repulse","floor":0},{"not_picked":["Acrobatics","StuffTheSpire:BumpUp"],"picked":"StuffTheSpire:DoubleShiv","floor":1},{"not_picked":["Outmaneuver","StuffTheSpire:BumpUp","Concentrate"],"picked":"SKIP","floor":2},{"not_picked":["Dagger Throw","Hidden Blade"],"picked":"Leg Sweep","floor":4},{"not_picked":["Cloak And Dagger","StuffTheSpire:Injection"],"picked":"Adrenaline","floor":7},{"not_picked":["Specialist","Dagger Spray","Setup"],"picked":"SKIP","floor":11},{"not_picked":["Outmaneuver","Setup","Hidden Blade"],"picked":"SKIP","floor":12},{"not_picked":["Deadly Poison","Skewer"],"picked":"Blade Dance","floor":13},{"not_picked":["Hidden Blade","Blur"],"picked":"Die Die Die","floor":14},{"not_picked":["jedi:cleanse","StuffTheSpire:Recharge"],"picked":"Crow Ritual","floor":16}],"player_experience":474288,"relics_obtained":[{"floor":7,"key":"StuffTheSpire:Experiment12"},{"floor":9,"key":"StuffTheSpire:RubySignet"},{"floor":11,"key":"Paper Crane"},{"floor":13,"key":"CCEMRelics:JestersCrown"}],"event_choices":[{"damage_healed":0,"gold_gain":0,"player_choice":"Ignored","damage_taken":144,"max_hp_gain":0,"max_hp_loss":0,"event_name":"betterThird:BetterSerpent","floor":5,"gold_loss":0}],"is_beta":false,"boss_relics":[{"not_picked":["CCEMRelics:TransientCore","Fusion Hammer"],"picked":"aspiration:IroncladSkillbook"}],"items_purged_floors":[],"is_endless":false,"potions_floor_spawned":[2,4,16],"ascension_level":0}}