{"host":"bw00wb7p5bw58om7","time":1611525053,"event":{"mods":["100% Spire Juice","Act Like it!","BaseMod","Better Third Choice","CapriCore","Chen","Downfall","Gensokyo","Koishi","KomeijiMod","Marisa????????","Minty Spire (QoL Compilation)","Onozuka Komachi Mod","Permanent Neow","Prisma Mod","Reimu??????","Remilia??????","StSLib","The Administrix","The Immortal","The Senshi","The Servant 0.9.4","Yakumo Yukari mod"],"gold_per_floor":[130,145,145,155,165,191,191,191,191,191,209,52,84,99,99,99,99],"floor_reached":16,"language":"ENG","playtime":1316,"items_purged":[],"score":112,"play_id":"bf31f000-6876-40dd-a73d-b5fbce7cfef4","local_time":"20210124215053","is_ascension_mode":false,"campfire_choices":[{"floor":7,"key":"REST"},{"data":"ExistenceContinue_purple","floor":10,"key":"SMITH"},{"floor":15,"key":"REST"}],"circlet_count":0,"master_deck":["AT_purpleEX","AT_purpleEX","AT_purpleEX","AT_purpleEX","Defend_purpleEX+1","Defend_purpleEX","Defend_purpleEX","Defend_purpleEX","Observe_purple_1","Observe_purple_2","DimensionStaggered_purple","MNeedle_purple","SharpContractionReality_purple","ExistenceContinue_purple+1","Human_Monster_Realm_purple+1","Injury","Mirror_WaveAndshot_purple","SharpContractionReality_purple","MNeedle_purple","Erosivefilter_purple","MetroBOOM_purple","RuleDissolution_purple"],"relics":["Boundary_crack","Memoryfragments_purpleEX","theSenshi:SailorFukuRelic","Strawberry","ScarletDevilRocket","Vajra","War Paint","Oddly Smooth Stone"],"acts_visited":["Gensokyo:Gensokyo"],"potions_floor_usage":[],"damage_taken":[{"damage":0,"enemies":"Gensokyo:3_Fairies","floor":1,"turns":5},{"damage":0,"enemies":"Gensokyo:Gryphon","floor":2,"turns":4},{"damage":5,"enemies":"Gensokyo:2_Kodama","floor":4,"turns":4},{"damage":5,"enemies":"Gensokyo:CorruptedTreant","floor":5,"turns":4},{"damage":37,"enemies":"Gensokyo:Cirno","floor":6,"turns":6},{"damage":12,"enemies":"Gensokyo:Python_and_Kodama","floor":11,"turns":4},{"damage":15,"enemies":"Gensokyo:Mamizou","floor":13,"turns":9},{"damage":4,"enemies":"Gensokyo:3_Kodama","floor":14,"turns":6},{"damage":45,"enemies":"Gensokyo:Yukari","floor":16,"turns":6}],"seed_played":"3829790306394015798","potions_obtained":[{"floor":4,"key":"sneckomod:MuddlingPotion"},{"floor":6,"key":"Strength Potion"},{"floor":14,"key":"ZuzhouPotion:ReiMu"}],"is_trial":false,"path_per_floor":["M","M","?","M","M","E","R","?","T","R","M","$","E","M","R","B"],"character_chosen":"Youkari","items_purchased":["SharpContractionReality_purple","MNeedle_purple","Erosivefilter_purple"],"campfire_rested":2,"item_purchase_floors":[12,12,12],"current_hp_per_floor":[70,70,67,67,62,27,50,50,50,50,40,40,27,24,47,2,2],"gold":99,"neow_bonus":"RANDOM_COMMON_RELIC","is_daily":false,"chose_seed":false,"campfire_upgraded":1,"win_rate":0.0,"timestamp":1611525053,"path_taken":["M","M","?","M","M","E","R","?","T","R","M","?","E","M","R","BOSS"],"items_purchased_type":["Card","Card","Card"],"build_version":"2020-12-22","purchased_purges":0,"victory":false,"max_hp_per_floor":[70,70,77,77,77,77,77,77,77,77,77,77,77,77,77,77,77],"card_choices":[{"not_picked":["Umbrella_purple","RuleDissolution_purple"],"picked":"DimensionStaggered_purple","floor":1},{"not_picked":["RuleDissolution_purple","MeetDecomposer_purple"],"picked":"MNeedle_purple","floor":2},{"not_picked":["OpenedBox_purple","StateDuplicate_purple"],"picked":"SharpContractionReality_purple","floor":4},{"not_picked":["DimensionStaggered_purple","Erosivefilter_purple"],"picked":"ExistenceContinue_purple","floor":5},{"not_picked":["Theboundaryofcreation_purpleEX","RuleDissolution_purple"],"picked":"Human_Monster_Realm_purple","floor":6},{"not_picked":["Umbrella_purple","WeekHit_purple"],"picked":"Mirror_WaveAndshot_purple","floor":11},{"not_picked":["Mirror_WaveAndshot_purple","Mirror_FormAndEmptin_purple"],"picked":"MetroBOOM_purple","floor":13},{"not_picked":["Mirror_Drifter_purple","Mirror_FormAndEmptin_purple"],"picked":"RuleDissolution_purple","floor":14}],"player_experience":285376,"relics_obtained":[{"floor":6,"key":"ScarletDevilRocket"},{"floor":9,"key":"War Paint"},{"floor":13,"key":"Oddly Smooth Stone"}],"event_choices":[],"is_beta":false,"boss_relics":[],"items_purged_floors":[],"is_endless":false,"potions_floor_spawned":[4,6,14],"killed_by":"Gensokyo:Yukari","ascension_level":0}}