{"host":"k2mw1od0xoi9pcfj","time":1611505573,"event":{"mods":["BaseMod","Hermit","Highlight Path","Minty Spire (QoL Compilation)","Permanent Neow","Relic Stats","StSLib"],"gold_per_floor":[113,113,133,160,125,155,155,175,224,224,224,252,68,143,143,246,246,260,260,359,8,8,35,49,49,49,81,93,105,119,145,145,244,244,273,297,325,337,367,379,418,444,509,106,133,150,166,197,197,197,197,197,32,61,61],"floor_reached":56,"language":"ENG","playtime":3245,"items_purged":["Shame"],"score":1613,"play_id":"9f048b7b-0039-42a4-87a3-c5c0e2e2c818","local_time":"20210124102613","is_ascension_mode":true,"campfire_choices":[{"data":"Entrench","floor":7,"key":"SMITH"},{"data":"Bash","floor":11,"key":"SMITH"},{"floor":15,"key":"RECALL"},{"floor":32,"key":"REST"},{"data":"Barricade","floor":40,"key":"SMITH"},{"floor":49,"key":"REST"},{"data":"Mayhem","floor":52,"key":"SMITH"}],"circlet_count":0,"master_deck":["Strike_R","Strike_R","Strike_R","Strike_R","Strike_R","Defend_R+1","Defend_R+1","Defend_R","Defend_R","Bash+1","Entrench+1","Thunderclap","Iron Wave","Inflame","Inflame","Barricade+1","Heavy Blade","Necronomicurse","Shrug It Off","Demon Form","Iron Wave","Rage","Shrug It Off","Entrench+1","Iron Wave+1","Flex+1","Juggernaut","CurseOfTheBell","Thunderclap","Shrug It Off+1","Thunderclap+1","Clash","Spot Weakness","Cleave+1","Mayhem+1","Machine Learning","Apotheosis"],"relics":["Black Star","Champion Belt","Nunchaku","Bag of Marbles","Kunai","Bag of Preparation","FossilizedHelix","Chemical X","Philosopher\u0027s Stone","Necronomicon","HandDrill","War Paint","MutagenicStrength","Strawberry","Mercury Hourglass","Pear","Turnip","Akabeko","Du-Vu Doll","White Beast Statue","Ginger","Calling Bell","MawBank","Letter Opener","Lizard Tail","Lantern","Ornamental Fan","MealTicket","PrismaticShard","Self Forming Clay","Bronze Scales","Bottled Flame","Paper Frog","Gremlin Horn","Blood Vial"],"acts_visited":["Exordium","TheCity","TheBeyond","TheEnding"],"potions_floor_usage":[16,27,33,33,48,55,55,55],"damage_taken":[{"damage":5,"enemies":"Jaw Worm","floor":1,"turns":5},{"damage":0,"enemies":"Small Slimes","floor":3,"turns":3},{"damage":27,"enemies":"3 Sentries","floor":6,"turns":10},{"damage":0,"enemies":"2 Louse","floor":8,"turns":2},{"damage":16,"enemies":"Gremlin Nob","floor":12,"turns":5},{"damage":11,"enemies":"The Guardian","floor":16,"turns":11},{"damage":16,"enemies":"3 Byrds","floor":18,"turns":6},{"damage":0,"enemies":"Gremlin Leader","floor":23,"turns":4},{"damage":0,"enemies":"Chosen","floor":24,"turns":2},{"damage":35,"enemies":"Book of Stabbing","floor":27,"turns":6},{"damage":0,"enemies":"Sentry and Sphere","floor":28,"turns":2},{"damage":0,"enemies":"Cultist and Chosen","floor":29,"turns":2},{"damage":0,"enemies":"Snake Plant","floor":30,"turns":1},{"damage":0,"enemies":"Gremlin Leader","floor":31,"turns":1},{"damage":0,"enemies":"Champ","floor":33,"turns":9},{"damage":0,"enemies":"3 Shapes","floor":35,"turns":1},{"damage":0,"enemies":"3 Darklings","floor":36,"turns":4},{"damage":0,"enemies":"4 Shapes","floor":37,"turns":3},{"damage":0,"enemies":"Maw","floor":39,"turns":4},{"damage":0,"enemies":"Giant Head","floor":41,"turns":6},{"damage":12,"enemies":"Writhing Mass","floor":42,"turns":5},{"damage":0,"enemies":"Nemesis","floor":45,"turns":3},{"damage":13,"enemies":"Jaw Worm Horde","floor":46,"turns":3},{"damage":11,"enemies":"Sphere and 2 Shapes","floor":47,"turns":4},{"damage":9,"enemies":"Giant Head","floor":48,"turns":6},{"damage":4,"enemies":"Donu and Deca","floor":50,"turns":8},{"damage":8,"enemies":"Shield and Spear","floor":54,"turns":8},{"damage":118,"enemies":"The Heart","floor":55,"turns":8}],"seed_played":"8284799457137745705","potions_obtained":[{"floor":1,"key":"Fire Potion"},{"floor":3,"key":"Weak Potion"},{"floor":8,"key":"LiquidMemories"},{"floor":24,"key":"Strength Potion"},{"floor":27,"key":"Energy Potion"},{"floor":29,"key":"HeartOfIron"},{"floor":33,"key":"DistilledChaos"},{"floor":35,"key":"Regen Potion"},{"floor":48,"key":"Swift Potion"}],"is_trial":false,"path_per_floor":["M","?","M","T","?","E","R","M","T","?","R","E","$","?","R","B",null,"M","?","?","$","?","E","M","?","T","E","M","M","M","E","R","B",null,"M","M","M","?","M","R","E","M","T","$","E","M","M","E","R","B",null,"R","$","E","B",null],"character_chosen":"IRONCLAD","items_purchased":["Chemical X","Inflame","HandDrill","Shrug It Off","War Paint","Mayhem","PrismaticShard","Apotheosis"],"campfire_rested":2,"item_purchase_floors":[13,13,21,21,21,44,44,53],"current_hp_per_floor":[75,57,57,57,77,50,50,50,50,55,55,39,39,28,28,17,85,69,53,53,53,53,60,60,70,70,35,35,35,35,35,65,65,102,102,102,102,102,102,102,102,90,90,102,102,89,78,69,99,95,102,102,102,94,46],"gold":61,"neow_bonus":"BOSS_RELIC","is_daily":false,"chose_seed":false,"campfire_upgraded":4,"win_rate":0.0,"timestamp":1611505573,"path_taken":["M","?","M","?","?","E","R","M","T","?","R","E","$","?","R","BOSS","M","?","?","$","?","E","M","?","T","E","?","M","M","E","R","BOSS","M","M","M","?","?","R","E","M","T","$","E","M","M","E","R","BOSS","R","$","E","BOSS"],"items_purchased_type":["Relic","Card","Relic","Card","Relic","Card","Relic","Card"],"build_version":"2020-12-22","purchased_purges":1,"victory":true,"max_hp_per_floor":[80,80,80,80,80,80,80,80,80,85,85,85,85,85,85,85,85,85,85,85,85,85,92,92,102,102,102,102,102,102,102,102,102,102,102,102,102,102,102,102,102,102,102,102,102,102,102,102,102,102,102,102,102,102,102],"relic_stats":{"Gremlin Horn":[0,0],"counters":[28,132],"Self Forming Clay":[105],"Bag of Preparation":[46],"Ginger":[11],"Letter Opener":[42],"War Paint":["Defend_R","Defend_R"],"MawBank":120,"Mercury Hourglass":[267],"Blood Vial":2,"Nunchaku":[25],"Lizard Tail":51,"Ornamental Fan":[48],"Bronze Scales":[132],"MealTicket":12,"Turnip":[21],"Black Star":9,"Necronomicon":[25],"HandDrill":[46],"Champion Belt":[131],"Kunai":[42],"Chemical X":[1],"obtain_stats":[{"Lantern":41,"Gremlin Horn":54,"Bag of Preparation":12,"Ginger":31,"PrismaticShard":44,"Burning Blood":0,"Blood Vial":54,"Nunchaku":4,"Lizard Tail":34,"Strawberry":23,"Philosopher\u0027s Stone":17,"MealTicket":43,"Necronomicon":19,"HandDrill":21,"Kunai":6,"Chemical X":13,"Paper Frog":48,"Pear":25,"Self Forming Clay":45,"Letter Opener":34,"War Paint":21,"MawBank":34,"Akabeko":27,"White Beast Statue":31,"Mercury Hourglass":23,"Du-Vu Doll":27,"Calling Bell":34,"Bottled Flame":48,"Ornamental Fan":41,"MutagenicStrength":22,"Bronze Scales":45,"Turnip":26,"Black Star":0,"Bag of Marbles":6,"Champion Belt":2,"FossilizedHelix":12},{"Lantern":20,"Gremlin Horn":27,"Bag of Preparation":5,"Ginger":14,"PrismaticShard":21,"Burning Blood":0,"Blood Vial":27,"Nunchaku":2,"Lizard Tail":15,"Strawberry":8,"Philosopher\u0027s Stone":6,"MealTicket":21,"Necronomicon":7,"HandDrill":7,"Kunai":3,"Chemical X":5,"Paper Frog":25,"Pear":9,"Self Forming Clay":22,"Letter Opener":15,"War Paint":7,"MawBank":15,"Akabeko":10,"White Beast Statue":14,"Mercury Hourglass":8,"Du-Vu Doll":10,"Calling Bell":15,"Bottled Flame":25,"Ornamental Fan":20,"MutagenicStrength":7,"Bronze Scales":22,"Turnip":9,"Black Star":0,"Bag of Marbles":3,"Champion Belt":1,"FossilizedHelix":5},{"Lantern":87,"Gremlin Horn":124,"Bag of Preparation":25,"Ginger":60,"PrismaticShard":92,"Burning Blood":0,"Blood Vial":124,"Nunchaku":8,"Lizard Tail":69,"Strawberry":46,"Philosopher\u0027s Stone":36,"MealTicket":92,"Necronomicon":42,"HandDrill":42,"Kunai":18,"Chemical X":25,"Paper Frog":108,"Pear":48,"Self Forming Clay":95,"Letter Opener":69,"War Paint":42,"MawBank":69,"Akabeko":54,"White Beast Statue":60,"Mercury Hourglass":46,"Du-Vu Doll":54,"Calling Bell":69,"Bottled Flame":108,"Ornamental Fan":87,"MutagenicStrength":42,"Bronze Scales":95,"Turnip":48,"Black Star":0,"Bag of Marbles":18,"Champion Belt":5,"FossilizedHelix":25}]},"card_choices":[{"not_picked":["Disarm","Blood for Blood"],"picked":"Entrench","floor":1},{"not_picked":["Carnage","Warcry"],"picked":"Thunderclap","floor":3},{"not_picked":["Body Slam","Perfected Strike"],"picked":"Iron Wave","floor":6},{"not_picked":["Uppercut","Flex","Pummel"],"picked":"SKIP","floor":8},{"not_picked":["Sword Boomerang","Havoc"],"picked":"Inflame","floor":12},{"not_picked":["Offering","Corruption"],"picked":"Barricade","floor":16},{"not_picked":["Sword Boomerang","Pommel Strike"],"picked":"Heavy Blade","floor":18},{"not_picked":["Exhume","Whirlwind"],"picked":"Demon Form","floor":23},{"not_picked":["Uppercut","Twin Strike"],"picked":"Iron Wave","floor":24},{"not_picked":["Twin Strike","Clothesline"],"picked":"Rage","floor":27},{"not_picked":["Sword Boomerang","Dual Wield"],"picked":"Shrug It Off","floor":28},{"not_picked":["Uppercut+1","Thunderclap"],"picked":"Entrench+1","floor":29},{"not_picked":["Sentinel","Battle Trance"],"picked":"Iron Wave+1","floor":30},{"not_picked":["True Grit+1","Heavy Blade"],"picked":"Flex+1","floor":31},{"not_picked":["Fiend Fire","Berserk"],"picked":"Juggernaut","floor":33},{"not_picked":["Hemokinesis","Clothesline"],"picked":"Thunderclap","floor":35},{"not_picked":["Uppercut+1","Perfected Strike"],"picked":"Shrug It Off+1","floor":36},{"not_picked":["Twin Strike","Clash"],"picked":"Thunderclap+1","floor":37},{"not_picked":["Pommel Strike","Clothesline"],"picked":"Clash","floor":39},{"not_picked":["Searing Blow+1","Iron Wave"],"picked":"Spot Weakness","floor":41},{"not_picked":["Clothesline+1","Wild Strike"],"picked":"Cleave+1","floor":42},{"not_picked":["Prostrate+1","Body Slam","Undo"],"picked":"SKIP","floor":45},{"not_picked":["PathToVictory+1","Consecrate+1"],"picked":"Machine Learning","floor":46},{"not_picked":["hermit:CalledShot","Crippling Poison","BowlingBash"],"picked":"SKIP","floor":47},{"not_picked":["Warcry+1","Blur+1","Blood for Blood+1"],"picked":"SKIP","floor":48},{"not_picked":["CutThroughFate+1","hermit:LowProfile+1","Clash+1"],"picked":"SKIP","floor":54}],"player_experience":665655,"relics_obtained":[{"floor":4,"key":"Nunchaku"},{"floor":6,"key":"Bag of Marbles"},{"floor":6,"key":"Kunai"},{"floor":12,"key":"Bag of Preparation"},{"floor":12,"key":"FossilizedHelix"},{"floor":19,"key":"Necronomicon"},{"floor":23,"key":"Strawberry"},{"floor":23,"key":"Mercury Hourglass"},{"floor":26,"key":"Turnip"},{"floor":27,"key":"Akabeko"},{"floor":27,"key":"Du-Vu Doll"},{"floor":31,"key":"White Beast Statue"},{"floor":31,"key":"Ginger"},{"floor":34,"key":"MawBank"},{"floor":34,"key":"Letter Opener"},{"floor":34,"key":"Lizard Tail"},{"floor":41,"key":"Lantern"},{"floor":41,"key":"Ornamental Fan"},{"floor":43,"key":"MealTicket"},{"floor":45,"key":"Self Forming Clay"},{"floor":45,"key":"Bronze Scales"},{"floor":48,"key":"Bottled Flame"},{"floor":48,"key":"Paper Frog"},{"floor":54,"key":"Gremlin Horn"},{"floor":54,"key":"Blood Vial"}],"event_choices":[{"damage_healed":0,"gold_gain":0,"player_choice":"Success","damage_taken":18,"relics_obtained":["Champion Belt"],"max_hp_gain":0,"max_hp_loss":0,"event_name":"Scrap Ooze","floor":2,"gold_loss":0},{"damage_healed":20,"gold_gain":0,"player_choice":"Healed","damage_taken":0,"max_hp_gain":0,"max_hp_loss":0,"event_name":"The Cleric","floor":5,"gold_loss":35},{"damage_healed":0,"gold_gain":0,"player_choice":"Donut","damage_taken":0,"max_hp_gain":5,"max_hp_loss":0,"event_name":"Big Fish","floor":10,"gold_loss":0},{"damage_healed":0,"gold_gain":75,"player_choice":"Gather Gold","damage_taken":11,"max_hp_gain":0,"max_hp_loss":0,"event_name":"World of Goop","floor":14,"gold_loss":0},{"damage_healed":0,"gold_gain":0,"player_choice":"Obtained Book","damage_taken":16,"max_hp_gain":0,"max_hp_loss":0,"event_name":"Cursed Tome","floor":19,"gold_loss":0},{"damage_healed":0,"gold_gain":99,"player_choice":"Stole From Cult","damage_taken":0,"max_hp_gain":0,"max_hp_loss":0,"event_name":"Nest","floor":20,"gold_loss":0},{"damage_healed":0,"gold_gain":0,"player_choice":"Inject Mutagens","damage_taken":0,"relics_obtained":["MutagenicStrength"],"max_hp_gain":0,"max_hp_loss":0,"event_name":"Drug Dealer","floor":22,"gold_loss":0},{"damage_healed":0,"gold_gain":0,"player_choice":"Stole Relic","damage_taken":0,"relics_obtained":["Pear"],"max_hp_gain":0,"max_hp_loss":0,"event_name":"Addict","floor":25,"gold_loss":0,"cards_obtained":["Shame"]},{"damage_healed":0,"gold_gain":0,"player_choice":"Got Potions","damage_taken":0,"max_hp_gain":0,"max_hp_loss":0,"event_name":"Lab","floor":38,"gold_loss":0}],"is_beta":false,"boss_relics":[{"not_picked":["Snecko Eye","Astrolabe"],"picked":"Philosopher\u0027s Stone"},{"not_picked":["Empty Cage","SlaversCollar"],"picked":"Calling Bell"}],"items_purged_floors":[44],"is_endless":false,"potions_floor_spawned":[1,3,8,24,27,29,31,33,35,36,37,39,41,42,45,46,47,48,54],"ascension_level":1}}