{"host":"v0dnu0zs4qo0v13s","time":1611524349,"event":{"mods":["BaseMod","Colored Map","Colored Powertips","Minty Spire (QoL Compilation)","Relic Stats","StSLib","SuperFastMode","everything is the same but u backflip on backflip"],"gold_per_floor":[119,119,42,54,229,229,306,318,318,42,42,58,89,89,89,212,212,137,37,37,37],"floor_reached":20,"language":"ENG","playtime":889,"items_purged":["Strike_B","Strike_B"],"score":252,"play_id":"9a7d6a8b-7c62-4b15-8251-6f8c718851f8","local_time":"20210124163909","is_ascension_mode":true,"campfire_choices":[{"data":"Static Discharge","floor":6.0,"key":"SMITH"},{"floor":11.0,"key":"REST"},{"floor":15.0,"key":"REST"}],"circlet_count":0,"master_deck":["AscendersBane","Strike_B","Strike_B","Defend_B","Defend_B","Defend_B","Defend_B","Zap","Dualcast","Sweeping Beam","Static Discharge+1","Ball Lightning","Doubt","Auto Shields","Recycle","Loop","Blind","Hologram","Injury","Thunder Strike","Storm+1"],"relics":["SlaversCollar","StoneCalendar","StrikeDummy","Girya","Emotion Chip","Golden Idol","Nuclear Battery"],"acts_visited":["Exordium","TheCity"],"potions_floor_usage":[],"damage_taken":[{"damage":7.0,"enemies":"Jaw Worm","floor":1.0,"turns":4.0},{"damage":1.0,"enemies":"2 Louse","floor":4.0,"turns":2.0},{"damage":12.0,"enemies":"Small Slimes","floor":8.0,"turns":3.0},{"damage":5.0,"enemies":"Exordium Wildlife","floor":12.0,"turns":4.0},{"damage":16.0,"enemies":"Lagavulin","floor":13.0,"turns":5.0},{"damage":23.0,"enemies":"The Guardian","floor":16.0,"turns":9.0},{"damage":26.0,"enemies":"2 Thieves","floor":18.0,"turns":5.0},{"damage":0,"enemies":"3 Byrds","floor":20,"turns":1}],"seed_played":"5275647878614892045","potions_obtained":[{"floor":8.0,"key":"FocusPotion"},{"floor":13.0,"key":"AttackPotion"}],"is_trial":false,"path_per_floor":["M","?","$","M","?","R","T","M","T","$","R","M","E","?","R","B",null,"M","$","M"],"character_chosen":"DEFECT","items_purchased":["Static Discharge","Recycle","Loop","Blind"],"campfire_rested":2,"item_purchase_floors":[3,10,10,10],"current_hp_per_floor":[61,49,49,48,48,48,48,36,36,36,58,53,37,37,59,36,65,39,39,39,39],"gold":37,"neow_bonus":"BOSS_RELIC","is_daily":false,"chose_seed":false,"campfire_upgraded":1,"win_rate":0.0,"timestamp":1611524349,"path_taken":["M","?","$","M","?","R","?","M","T","$","R","M","E","?","R","BOSS","M","$","M"],"items_purchased_type":["Card","Card","Card","Card"],"build_version":"2020-12-22","purchased_purges":2,"victory":false,"max_hp_per_floor":[75,75,75,75,75,75,75,75,75,75,75,75,75,75,75,75,75,75,75,75,75],"relic_stats":{"Emotion Chip":[8,5,0,1,2],"counters":[8,32],"Golden Idol":25,"StoneCalendar":[52],"obtain_stats":[{"SlaversCollar":0,"Girya":9,"Emotion Chip":13,"Golden Idol":14,"StoneCalendar":2,"Cracked Core":0,"StrikeDummy":7,"Nuclear Battery":17},{"SlaversCollar":0,"Girya":3,"Emotion Chip":5,"Golden Idol":5,"StoneCalendar":1,"Cracked Core":0,"StrikeDummy":2,"Nuclear Battery":6},{"SlaversCollar":0,"Girya":9,"Emotion Chip":17,"Golden Idol":17,"StoneCalendar":4,"Cracked Core":0,"StrikeDummy":6,"Nuclear Battery":26}]},"card_choices":[{"not_picked":["Compile Driver","Redo"],"picked":"Sweeping Beam","floor":1.0},{"not_picked":["Conserve Battery","Steam"],"picked":"Ball Lightning","floor":4.0},{"not_picked":["Coolheaded","Barrage"],"picked":"Auto Shields","floor":8.0},{"not_picked":["Beam Cell","Sweeping Beam"],"picked":"Hologram","floor":12.0},{"not_picked":["Leap","Ball Lightning","Stack"],"picked":"SKIP","floor":13.0},{"not_picked":["Fission","All For One"],"picked":"Thunder Strike","floor":16.0},{"not_picked":["Turbo+1","Cold Snap"],"picked":"Storm+1","floor":18.0}],"player_experience":711191,"relics_obtained":[{"floor":7.0,"key":"StrikeDummy"},{"floor":9.0,"key":"Girya"},{"floor":13.0,"key":"Emotion Chip"}],"event_choices":[{"damage_healed":0.0,"max_hp_gain":0.0,"max_hp_loss":0.0,"gold_gain":0.0,"event_name":"Scrap Ooze","player_choice":"Success","floor":2.0,"gold_loss":0.0,"damage_taken":12.0,"relics_obtained":["StoneCalendar"]},{"damage_healed":0.0,"max_hp_gain":0.0,"max_hp_loss":0.0,"gold_gain":175.0,"event_name":"Liars Game","player_choice":"AGREE","floor":5.0,"gold_loss":0.0,"damage_taken":0.0,"cards_obtained":["Doubt"]},{"damage_healed":0.0,"max_hp_gain":0.0,"max_hp_loss":0.0,"gold_gain":0.0,"event_name":"Golden Idol","player_choice":"Take Wound","floor":14.0,"gold_loss":0.0,"damage_taken":0.0,"relics_obtained":["Golden Idol"],"cards_obtained":["Injury"]}],"is_beta":false,"boss_relics":[{"not_picked":["Black Star","Ectoplasm"],"picked":"Nuclear Battery"}],"items_purged_floors":[10,19],"is_endless":false,"potions_floor_spawned":[8,13],"killed_by":"3 Byrds","ascension_level":10}}