{"host":"ebj6lkgm8suah319","time":1611531447,"event":{"mods":["2.2 Compatiblity","AchievementEnabler","BaseMod","Block Reminder","Colored Map","Colored Powertips","Minty Spire (QoL Compilation)","Quick Restart","Rare Cards Sparkle","Relic Stats","SuperFastMode"],"gold_per_floor":[159,159,159,176,186,186,213,213,213,213,224,224,224,36,36,127,127,145,165,165,185,185,185],"floor_reached":22,"language":"ENG","playtime":489,"items_purged":["Strike_R"],"score":368,"play_id":"78d9d0af-abe3-47ba-82e1-4f233f055bd4","local_time":"20210124183727","is_ascension_mode":true,"campfire_choices":[{"data":"Bash","floor":6.0,"key":"SMITH"},{"data":"Clothesline","floor":8.0,"key":"SMITH"},{"data":"Shrug It Off","floor":10.0,"key":"SMITH"},{"data":"Spot Weakness","floor":15.0,"key":"SMITH"}],"circlet_count":0,"master_deck":["AscendersBane","Strike_R+1","Strike_R+1","Strike_R","Defend_R","Defend_R","Defend_R","Defend_R","Bash+1","Headbutt+1","Clothesline+1","Dropkick","Shrug It Off+1","Headbutt+1","Spot Weakness+1","Feed"],"relics":["Tiny House","Mercury Hourglass","Pantograph","Golden Idol","Cursed Key"],"acts_visited":["Exordium","TheCity"],"potions_floor_usage":[22],"damage_taken":[{"damage":7.0,"enemies":"Jaw Worm","floor":1.0,"turns":3.0},{"damage":2.0,"enemies":"2 Louse","floor":4.0,"turns":2.0},{"damage":5.0,"enemies":"Small Slimes","floor":5.0,"turns":3.0},{"damage":40.0,"enemies":"Gremlin Nob","floor":7.0,"turns":5.0},{"damage":8.0,"enemies":"Looter","floor":11.0,"turns":3.0},{"damage":35.0,"enemies":"Slime Boss","floor":16.0,"turns":10.0},{"damage":7.0,"enemies":"Chosen","floor":18.0,"turns":4.0},{"damage":20.0,"enemies":"2 Thieves","floor":19.0,"turns":4.0},{"damage":16.0,"enemies":"Centurion and Healer","floor":21.0,"turns":4.0},{"damage":24,"enemies":"Shelled Parasite and Fungi","floor":22,"turns":3}],"seed_played":"-1666885279272226524","potions_obtained":[{"floor":0.0,"key":"BloodPotion"},{"floor":4.0,"key":"SkillPotion"},{"floor":11.0,"key":"Explosive Potion"}],"is_trial":false,"path_per_floor":["M","?","?","M","M","R","E","R","T","R","M","?","?","$","R","B",null,"M","M","?","M","M"],"character_chosen":"IRONCLAD","items_purchased":["BloodPotion","ColorlessPotion"],"campfire_rested":0,"item_purchase_floors":[14,14],"current_hp_per_floor":[66,66,71,69,64,64,24,24,24,24,16,16,8,23,23,13,61,54,37,37,21,0,0],"gold":185,"neow_bonus":"BOSS_RELIC","is_daily":false,"chose_seed":false,"campfire_upgraded":4,"win_rate":0.0,"timestamp":1611531447,"path_taken":["M","?","?","M","M","R","E","R","T","R","M","?","?","?","R","BOSS","M","M","?","?","?"],"items_purchased_type":["Potion","Potion"],"build_version":"2020-12-22","purchased_purges":1,"victory":false,"max_hp_per_floor":[80,80,85,85,85,85,85,85,85,85,85,77,77,77,77,77,77,77,80,80,80,80,80],"relic_stats":{"counters":[10,40],"Golden Idol":30,"Pantograph":25,"Cursed Key":0,"obtain_stats":[{"Tiny House":0,"Golden Idol":12,"Pantograph":9,"Cursed Key":17,"Burning Blood":0,"Mercury Hourglass":7},{"Tiny House":0,"Golden Idol":5,"Pantograph":4,"Cursed Key":6,"Burning Blood":0,"Mercury Hourglass":4},{"Tiny House":0,"Golden Idol":16,"Pantograph":13,"Cursed Key":25,"Burning Blood":0,"Mercury Hourglass":13}],"Mercury Hourglass":[117]},"card_choices":[{"not_picked":["True Grit","Infernal Blade"],"picked":"Headbutt","floor":0.0},{"not_picked":["Anger","Metallicize"],"picked":"Clothesline","floor":1.0},{"not_picked":["Cleave","Heavy Blade"],"picked":"Dropkick","floor":4.0},{"not_picked":["Warcry","Entrench"],"picked":"Shrug It Off","floor":5.0},{"not_picked":["Sever Soul","Dark Embrace"],"picked":"Headbutt","floor":7.0},{"not_picked":["Cleave","Thunderclap"],"picked":"Spot Weakness","floor":11.0},{"not_picked":["Brutality","Immolate"],"picked":"Feed","floor":16.0},{"not_picked":["Anger","Thunderclap+1","Iron Wave"],"picked":"SKIP","floor":18.0},{"not_picked":["Wild Strike","Flex","Rupture"],"picked":"SKIP","floor":19.0},{"not_picked":["Sword Boomerang+1","Second Wind","Clothesline"],"picked":"SKIP","floor":21.0}],"player_experience":76610,"relics_obtained":[{"floor":7.0,"key":"Mercury Hourglass"},{"floor":9.0,"key":"Pantograph"}],"event_choices":[{"damage_healed":0.0,"max_hp_gain":0.0,"max_hp_loss":0.0,"gold_gain":0.0,"event_name":"Living Wall","player_choice":"Grow","floor":2.0,"gold_loss":0.0,"damage_taken":0.0,"cards_upgraded":["Headbutt"]},{"damage_healed":0.0,"max_hp_gain":5.0,"max_hp_loss":0.0,"gold_gain":0.0,"event_name":"Big Fish","player_choice":"Donut","floor":3.0,"gold_loss":0.0,"damage_taken":0.0},{"damage_healed":0.0,"max_hp_gain":0.0,"max_hp_loss":8.0,"gold_gain":0.0,"event_name":"Golden Idol","player_choice":"Lose Max HP","floor":12.0,"gold_loss":0.0,"damage_taken":0.0,"relics_obtained":["Golden Idol"]},{"damage_healed":0.0,"max_hp_gain":0.0,"max_hp_loss":0.0,"gold_gain":0.0,"event_name":"Shining Light","player_choice":"Entered Light","floor":13.0,"gold_loss":0.0,"damage_taken":23.0,"cards_upgraded":["Headbutt","Strike_R"]},{"cards_removed":["Strike_R"],"damage_healed":0.0,"max_hp_gain":0.0,"max_hp_loss":0.0,"gold_gain":0.0,"event_name":"Bonfire Elementals","player_choice":"Offered Basic","floor":20.0,"gold_loss":0.0,"damage_taken":0.0}],"is_beta":false,"boss_relics":[{"not_picked":["SlaversCollar","Fusion Hammer"],"picked":"Cursed Key"}],"items_purged_floors":[14],"is_endless":false,"potions_floor_spawned":[4,11],"killed_by":"Shelled Parasite and Fungi","ascension_level":20}}