{"host":"nh70f3bv2bgakzh3","time":1611487717,"event":{"mods":["BaseMod","Downfall","Minty Spire (QoL Compilation)","StSLib","The Construct","The Mystic"],"gold_per_floor":[0,15,34,34,54,54,54,86,86,86,86,86,103,113,124,220,220,220,240,250,263,263,263,263,263],"floor_reached":23,"language":"ENG","playtime":1257,"items_purged":[],"score":193,"play_id":"12964e89-a284-46fd-9367-1c30395d70e1","local_time":"20210124062837","is_ascension_mode":false,"campfire_choices":[{"data":"Apotheosis","floor":1,"key":"SMITH"},{"data":"bronze:Constructor","floor":6,"key":"SMITH"},{"data":"bronze:Goto","floor":10,"key":"SMITH"},{"data":"bronze:Replicate","floor":12,"key":"SMITH"},{"data":"bronze:BurnOut","floor":18,"key":"SMITH"}],"circlet_count":0,"master_deck":["bronze:Strike","bronze:Strike","bronze:Strike","bronze:Strike","bronze:Defend","bronze:Defend","bronze:Defend","bronze:Defend","bronze:Replicate+1","bronze:Goto+1","Apotheosis+1","bronze:Constructor+1","bronze:DelayedSlice","bronze:ForLoop","bronze:DelayedGuard","bronze:DelayedGuard","bronze:Return","bronze:BurnOut+1","bronze:Terminator","downfall:Bewildered"],"relics":["bronze:BronzeCore","Letter Opener","Toy Ornithopter","Kunai","Sozu","sneckomod:BabySnecko"],"acts_visited":["Exordium","TheCity"],"potions_floor_usage":[19],"damage_taken":[{"damage":0,"enemies":"2 Louse","floor":2,"turns":3},{"damage":0,"enemies":"Jaw Worm","floor":3,"turns":4},{"damage":7,"enemies":"Small Slimes","floor":5,"turns":2},{"damage":6,"enemies":"Gremlin Nob","floor":8,"turns":5},{"damage":1,"enemies":"Red Slaver","floor":13,"turns":3},{"damage":0,"enemies":"Lots of Slimes","floor":14,"turns":1},{"damage":0,"enemies":"3 Louse","floor":15,"turns":1},{"damage":9,"enemies":"WA_ARCHETYPE_RETAIN","floor":16,"turns":8},{"damage":24,"enemies":"3 Byrds","floor":19,"turns":4},{"damage":31,"enemies":"Snecko","floor":20,"turns":6},{"damage":18,"enemies":"Shelled Parasite and Fungi","floor":21,"turns":5},{"damage":5,"enemies":"Chosen and Byrds","floor":23,"turns":1}],"seed_played":"8667204471036286779","potions_obtained":[{"floor":3,"key":"Strength Potion"},{"floor":8,"key":"BlessingOfTheForge"},{"floor":14,"key":"LiquidMemories"},{"floor":15,"key":"Explosive Potion"}],"is_trial":false,"path_per_floor":["R","M","M","?","M","R","T","E","T","R","?","R","M","M","M","B",null,"R","M","M","M","?","M"],"character_chosen":"THE_AUTOMATON","items_purchased":[],"campfire_rested":0,"item_purchase_floors":[],"current_hp_per_floor":[70,70,70,70,63,63,63,57,57,57,57,57,56,56,56,47,70,70,51,20,2,2,0,0,0],"gold":263,"neow_bonus":"RANDOM_COLORLESS_2","is_daily":false,"chose_seed":false,"campfire_upgraded":5,"win_rate":0.0,"timestamp":1611487717,"path_taken":["R","M","M","?","M","R","T","E","?","R","?","R","M","?","M","BOSS","R","M","?","M","?","M"],"items_purchased_type":[],"build_version":"2020-12-22","purchased_purges":0,"victory":false,"max_hp_per_floor":[70,70,70,70,70,70,70,70,70,70,70,70,70,70,70,70,70,70,70,70,70,70,70,70,70],"card_choices":[{"not_picked":["Transmutation","Magnetism"],"picked":"Apotheosis","floor":0},{"not_picked":["bronze:BugBarrage","bronze:Optimize"],"picked":"bronze:Constructor","floor":2},{"not_picked":["bronze:Invalidate","bronze:ForLoop"],"picked":"bronze:DelayedSlice","floor":3},{"not_picked":["bronze:NullPointer","bronze:Iterate","bronze:FineTuning"],"picked":"SKIP","floor":5},{"not_picked":["bronze:BronzeArmor","bronze:NullPointer"],"picked":"bronze:ForLoop","floor":8},{"not_picked":["bronze:OilSpill","bronze:BuggyMess"],"picked":"bronze:DelayedGuard","floor":13},{"not_picked":["bronze:ChosenStrike","bronze:Constructor"],"picked":"bronze:DelayedGuard","floor":14},{"not_picked":["bronze:Break","bronze:Safeguard"],"picked":"bronze:Return","floor":15},{"not_picked":["bronze:FindAndReplace","bronze:Break"],"picked":"bronze:BurnOut","floor":16},{"not_picked":["bronze:Repulsor","bronze:Philosophize"],"picked":"bronze:Terminator","floor":19},{"not_picked":["bronze:Constructor","bronze:BitShift","bronze:Turbo"],"picked":"SKIP","floor":20},{"not_picked":["bronze:Safeguard","bronze:FineTuning","bronze:ForLoop+1"],"picked":"SKIP","floor":21}],"player_experience":68152,"relics_obtained":[{"floor":7,"key":"Letter Opener"},{"floor":8,"key":"Toy Ornithopter"},{"floor":9,"key":"Kunai"}],"event_choices":[{"damage_healed":0,"gold_gain":0,"player_choice":"Ignored","damage_taken":0,"max_hp_gain":0,"max_hp_loss":0,"event_name":"NoteForYourself","floor":11,"gold_loss":0}],"is_beta":false,"boss_relics":[{"not_picked":["Snecko Eye","Cursed Key"],"picked":"Sozu"}],"items_purged_floors":[],"is_endless":false,"potions_floor_spawned":[3,8,14,15,16,20,21],"killed_by":"Chosen and Byrds","ascension_level":0}}