{"host":"qekv59dthhdg54sz","time":1611464483,"event":{"mods":["AchievementEnabler","BaseMod","Colored Map","DeckTracker","KOR Keyword Fix","Minty Spire (QoL Compilation)","Rare Cards Sparkle","StSLib","SuperFastMode"],"gold_per_floor":[116,116,127,52,72,72,84,99,99,114,139,39,39,57,57,135,135,154,67,50,65,65,65],"floor_reached":22,"language":"KOR","playtime":550,"items_purged":["Strike_B","Strike_B"],"score":560,"play_id":"64beb14b-ddd7-4bde-87ad-ec98081607d2","local_time":"20210124140123","is_ascension_mode":true,"campfire_choices":[{"data":"Zap","floor":6.0,"key":"SMITH"},{"data":"Dualcast","floor":13.0,"key":"SMITH"},{"floor":15.0,"key":"REST"}],"circlet_count":0,"master_deck":["AscendersBane","Defend_B","Defend_B+1","Defend_B+1","Defend_B","Zap+1","Dualcast+1","FTL","Gash","Gash","Go for the Eyes","Rebound","Conserve Battery","Hello World","Buffer","Recycle","Hologram"],"relics":["Cracked Core","Letter Opener","Anchor","Black Star"],"acts_visited":["Exordium","TheCity"],"potions_floor_usage":[21,22],"damage_taken":[{"damage":0.0,"enemies":"2 Louse","floor":1.0,"turns":3.0},{"damage":0.0,"enemies":"Jaw Worm","floor":3.0,"turns":3.0},{"damage":0.0,"enemies":"Small Slimes","floor":5.0,"turns":3.0},{"damage":1.0,"enemies":"2 Fungi Beasts","floor":7.0,"turns":3.0},{"damage":1.0,"enemies":"Blue Slaver","floor":8.0,"turns":4.0},{"damage":0.0,"enemies":"Looter","floor":10.0,"turns":2.0},{"damage":0.0,"enemies":"Exordium Wildlife","floor":14.0,"turns":3.0},{"damage":29.0,"enemies":"Slime Boss","floor":16.0,"turns":9.0},{"damage":13.0,"enemies":"Shell Parasite","floor":18.0,"turns":6.0},{"damage":16.0,"enemies":"2 Thieves","floor":20.0,"turns":4.0},{"damage":15,"enemies":"Snecko","floor":21,"turns":7},{"damage":6,"enemies":"3 Cultists","floor":22,"turns":3}],"seed_played":"7093808939412053923","potions_obtained":[{"floor":3.0,"key":"LiquidMemories"},{"floor":5.0,"key":"BlessingOfTheForge"},{"floor":16.0,"key":"EssenceOfSteel"},{"floor":21,"key":"Regen Potion"}],"is_trial":false,"path_per_floor":["M","?","M","$","M","R","M","M","T","M","T","$","R","M","R","B",null,"M","$","M","M","M"],"character_chosen":"DEFECT","items_purchased":["Recycle"],"campfire_rested":1,"item_purchase_floors":[19],"current_hp_per_floor":[46,25,25,25,25,25,24,23,23,23,23,23,23,23,44,15,57,44,44,28,13,12,12],"gold":65,"neow_bonus":"TRANSFORM_TWO_CARDS","is_daily":false,"chose_seed":false,"campfire_upgraded":2,"win_rate":0.0,"timestamp":1611464483,"path_taken":["M","?","M","$","M","R","M","M","T","M","?","?","R","?","R","BOSS","M","$","M","M","M"],"items_purchased_type":["Card"],"build_version":"2020-12-22","purchased_purges":2,"victory":false,"max_hp_per_floor":[71,71,71,71,71,71,71,71,71,71,71,71,71,71,71,71,71,71,71,71,71,71,71],"card_choices":[{"not_picked":["Rebound","Steam"],"picked":"FTL","floor":1.0},{"not_picked":["Static Discharge","Coolheaded"],"picked":"Gash","floor":3.0},{"not_picked":["Skim","Sweeping Beam"],"picked":"Gash","floor":5.0},{"not_picked":["Lockon","Force Field"],"picked":"Go for the Eyes","floor":7.0},{"not_picked":["Streamline","Sweeping Beam"],"picked":"Rebound","floor":8.0},{"not_picked":["Hologram","Beam Cell"],"picked":"Conserve Battery","floor":10.0},{"not_picked":["Ball Lightning","Genetic Algorithm"],"picked":"Hello World","floor":14.0},{"not_picked":["Rainbow","Creative AI"],"picked":"Buffer","floor":16.0},{"not_picked":["Reprogram+1","Reinforced Body+1","Ball Lightning"],"picked":"SKIP","floor":18.0},{"not_picked":["Doom and Gloom","Sweeping Beam"],"picked":"Hologram","floor":20.0},{"not_picked":["Steam","Blizzard","Turbo"],"picked":"SKIP","floor":21}],"player_experience":817454,"relics_obtained":[{"floor":9.0,"key":"Letter Opener"},{"floor":11.0,"key":"Anchor"}],"event_choices":[{"damage_healed":0.0,"max_hp_gain":0.0,"max_hp_loss":0.0,"gold_gain":0.0,"event_name":"Shining Light","player_choice":"Entered Light","floor":2.0,"gold_loss":0.0,"damage_taken":21.0,"cards_upgraded":["Defend_B","Defend_B"]}],"is_beta":false,"boss_relics":[{"not_picked":["Empty Cage","Nuclear Battery"],"picked":"Black Star"}],"items_purged_floors":[4,12],"is_endless":false,"potions_floor_spawned":[3,5,14,16,21],"killed_by":"3 Cultists","ascension_level":20}}