{"host":"yy44renf238qc8xc","time":1611465158,"event":{"mods":["BaseMod","Downfall","Minty Spire (QoL Compilation)","StSLib"],"gold_per_floor":[117,82,100,100,119,145,145,170,194,194,221,221,234,251,251,353,353,365,365,365,365,384,384,384],"floor_reached":23,"language":"ENG","playtime":2890,"items_purged":[],"score":234,"play_id":"fe34d5f8-4239-4988-b93f-877e76375da8","local_time":"20210124001238","is_ascension_mode":false,"campfire_choices":[{"data":"Defragment","floor":7,"key":"SMITH"},{"floor":10,"key":"REST"},{"floor":12,"key":"REST"},{"floor":15,"key":"REST"}],"circlet_count":0,"master_deck":["Strike_B","Strike_B","Strike_B","Strike_B","Defend_B","Defend_B","Defend_B","Defend_B","Zap+1","Dualcast","Defragment","Steam","Defragment+1","Gash","White Noise+1","Ball Lightning","Cold Snap","Thunder Strike","Ball Lightning","Multi-Cast","Redo","Recycle"],"relics":["Cracked Core","Mango","Oddly Smooth Stone","War Paint","Omamori","Tiny Chest","Runic Pyramid","Necronomicon","MutagenicStrength","Pear"],"acts_visited":["Exordium","TheCity"],"potions_floor_usage":[16,16,16,23],"damage_taken":[{"damage":11,"enemies":"Jaw Worm","floor":1,"turns":2},{"damage":1,"enemies":"Cultist","floor":3,"turns":3},{"damage":0,"enemies":"2 Louse","floor":5,"turns":2},{"damage":26,"enemies":"Lagavulin","floor":6,"turns":6},{"damage":26,"enemies":"3 Sentries","floor":8,"turns":7},{"damage":28,"enemies":"Gremlin Nob","floor":11,"turns":4},{"damage":9,"enemies":"Exordium Thugs","floor":13,"turns":3},{"damage":19,"enemies":"Large Slime","floor":14,"turns":5},{"damage":9,"enemies":"The Guardian","floor":16,"turns":9},{"damage":51,"enemies":"2 Thieves","floor":18,"turns":4},{"damage":27,"enemies":"3 Byrds","floor":22,"turns":4},{"damage":15,"enemies":"Gremlin Leader","floor":23,"turns":1}],"seed_played":"-8364334750382353950","potions_obtained":[{"floor":8,"key":"Strength Potion"},{"floor":11,"key":"ColorlessPotion"},{"floor":13,"key":"FearPotion"},{"floor":16,"key":"Regen Potion"}],"is_trial":false,"path_per_floor":["M","?","M","T","M","E","R","E","T","R","E","R","M","M","R","B",null,"M","?","?","T","M","E"],"character_chosen":"DEFECT","items_purchased":[],"campfire_rested":3,"item_purchase_floors":[],"current_hp_per_floor":[64,75,74,88,88,62,62,36,36,62,34,60,51,32,58,49,89,38,22,22,32,5,0,0],"gold":384,"neow_bonus":"THREE_CARDS","is_daily":false,"chose_seed":false,"campfire_upgraded":1,"win_rate":0.0,"timestamp":1611465158,"path_taken":["M","?","M","?","M","E","R","E","T","R","E","R","M","?","R","BOSS","M","?","?","?","M","E"],"items_purchased_type":[],"build_version":"2020-12-22","purchased_purges":0,"victory":false,"max_hp_per_floor":[75,75,75,89,89,89,89,89,89,89,89,89,89,89,89,89,89,89,89,89,99,99,99,99],"card_choices":[{"not_picked":["Sunder","Stack"],"picked":"Defragment","floor":0},{"not_picked":["Gash","FTL"],"picked":"Steam","floor":1},{"not_picked":["Streamline","Beam Cell"],"picked":"Defragment","floor":3},{"not_picked":["Chill","Coolheaded"],"picked":"Gash","floor":5},{"not_picked":["Hologram","Heatsinks"],"picked":"White Noise","floor":6},{"not_picked":["Gash","Leap"],"picked":"Ball Lightning","floor":8},{"not_picked":["Scrape","Heatsinks"],"picked":"Cold Snap","floor":11},{"not_picked":["Hologram","Sweeping Beam"],"picked":"Thunder Strike","floor":13},{"not_picked":["Redo","Leap"],"picked":"Ball Lightning","floor":14},{"not_picked":["Machine Learning","Hyperbeam"],"picked":"Multi-Cast","floor":16},{"not_picked":["Hello World","Leap+1"],"picked":"Redo","floor":18},{"not_picked":["Leap","Go for the Eyes"],"picked":"Recycle","floor":22}],"player_experience":336958,"relics_obtained":[{"floor":4,"key":"Mango"},{"floor":6,"key":"Oddly Smooth Stone"},{"floor":8,"key":"War Paint"},{"floor":9,"key":"Omamori"},{"floor":11,"key":"Tiny Chest"},{"floor":19,"key":"Necronomicon"},{"floor":21,"key":"Pear"}],"event_choices":[{"damage_healed":18,"gold_gain":0,"player_choice":"Healed","damage_taken":0,"max_hp_gain":0,"max_hp_loss":0,"event_name":"The Cleric","floor":2,"gold_loss":35},{"damage_healed":0,"gold_gain":0,"player_choice":"Obtained Book","damage_taken":16,"max_hp_gain":0,"max_hp_loss":0,"event_name":"Cursed Tome","floor":19,"gold_loss":0},{"damage_healed":0,"gold_gain":0,"player_choice":"Inject Mutagens","damage_taken":0,"relics_obtained":["MutagenicStrength"],"max_hp_gain":0,"max_hp_loss":0,"event_name":"Drug Dealer","floor":20,"gold_loss":0}],"is_beta":false,"boss_relics":[{"not_picked":["Sozu","bronze:MakeshiftBattery"],"picked":"Runic Pyramid"}],"items_purged_floors":[],"is_endless":false,"potions_floor_spawned":[8,11,13,16],"killed_by":"Gremlin Leader","ascension_level":0}}