{"host":"y89x8uui45kcjy42","time":1611450505,"event":{"mods":["2.2 Compatiblity","BaseMod","CapriCore","Colored Map","Colored Powertips","Custom Start","Friendly Minions","Keyboard Shortcuts","Minty Spire (QoL Compilation)","Relic Stats","Slay the Relics Exporter","StSLib","SuperFastMode","Uncapped"],"gold_per_floor":[115,115,172,172,172,172,205,233,283,309,57,57,83,96,96,174,174,189,189,22,34,53,88,88,123,123,123,123,123,123,156,156,227,227,244,244,244,261,278,306,333,333,333,86,86,113,113,52,52,52,52,52,52,45,74,74],"floor_reached":57,"language":"KOR","playtime":2824,"items_purged":["Survivor"],"score":3907,"play_id":"aa1b5c45-b159-434a-aad7-ff434e18417d","local_time":"20210124100825","is_ascension_mode":true,"campfire_choices":[{"data":"Neutralize","floor":6.0,"key":"SMITH"},{"data":"Envenom","floor":15.0,"key":"SMITH"},{"data":"Envenom","floor":24.0,"key":"SMITH"},{"data":"Adrenaline","floor":27.0,"key":"SMITH"},{"data":"Footwork","floor":30.0,"key":"SMITH"},{"floor":32.0,"key":"RECALL"},{"data":"Burst","floor":42,"key":"SMITH"},{"data":"Backflip","floor":45,"key":"SMITH"},{"data":"Backflip","floor":47,"key":"SMITH"},{"floor":49,"key":"REST"},{"floor":53,"key":"REST"}],"circlet_count":0,"master_deck":["Neutralize+1","Finesse+1","Flash of Steel+1","Good Instincts+1","Madness+1","Swift Strike+1","Master of Strategy+1","Bite+1","Bite+1","RitualDagger+1","Venomology+1","Adrenaline+1","Envenom+1","Madness+1","Footwork+1","Backflip+1","Envenom+1","Burst+1","Footwork+1","Backflip+1","Dodge and Roll+1"],"relics":["Ring of the Serpent","Sundial","Potion Belt","Vajra","Oddly Smooth Stone","Nunchaku","Tiny Chest","Oddly Smooth Stone","Bag of Preparation","Tingsha","Calling Bell","Centennial Puzzle","Shuriken","Turnip","Omamori","Lantern","Calipers","Snake Skull","Thread and Needle","Tough Bandages","Letter Opener","Paper Crane","SlaversCollar","Ancient Tea Set","WingedGreaves","DollysMirror","Torii","TheAbacus","Kunai","OrangePellets","Unceasing Top","TungstenRod"],"acts_visited":["Exordium","TheCity","TheBeyond","TheEnding"],"potions_floor_usage":[38,39,39,40,40,41,41,46,46,50,50,50,51,51,56,56],"damage_taken":[{"damage":0.0,"enemies":"Small Slimes","floor":1.0,"turns":3.0},{"damage":0.0,"enemies":"3 Sentries","floor":7.0,"turns":6.0},{"damage":0.0,"enemies":"Lagavulin","floor":8.0,"turns":4.0},{"damage":0.0,"enemies":"Gremlin Nob","floor":10.0,"turns":2.0},{"damage":0.0,"enemies":"3 Sentries","floor":13.0,"turns":4.0},{"damage":0.0,"enemies":"Jaw Worm","floor":14.0,"turns":1.0},{"damage":0.0,"enemies":"Slime Boss","floor":16.0,"turns":4.0},{"damage":0.0,"enemies":"3 Byrds","floor":18.0,"turns":3.0},{"damage":0.0,"enemies":"Shell Parasite","floor":21.0,"turns":2.0},{"damage":0.0,"enemies":"Centurion and Healer","floor":22.0,"turns":2.0},{"damage":0.0,"enemies":"Gremlin Leader","floor":23.0,"turns":3.0},{"damage":0.0,"enemies":"Slavers","floor":25.0,"turns":1.0},{"damage":0.0,"enemies":"Book of Stabbing","floor":31.0,"turns":2.0},{"damage":0.0,"enemies":"Collector","floor":33.0,"turns":7.0},{"damage":0,"enemies":"Orb Walker","floor":35,"turns":1},{"damage":0,"enemies":"3 Shapes","floor":38,"turns":2},{"damage":0,"enemies":"Transient","floor":39,"turns":6},{"damage":0,"enemies":"Giant Head","floor":40,"turns":5},{"damage":0,"enemies":"Nemesis","floor":41,"turns":9},{"damage":0,"enemies":"Reptomancer","floor":46,"turns":3},{"damage":0,"enemies":"Donu and Deca","floor":50,"turns":5},{"damage":0,"enemies":"Awakened One","floor":51,"turns":9},{"damage":0,"enemies":"Shield and Spear","floor":55,"turns":3},{"damage":4,"enemies":"The Heart","floor":56,"turns":8}],"seed_played":"1465755239717381986","potions_obtained":[{"floor":7.0,"key":"Block Potion"},{"floor":13.0,"key":"PowerPotion"},{"floor":18.0,"key":"Swift Potion"},{"floor":21.0,"key":"Strength Potion"},{"floor":31.0,"key":"SpeedPotion"},{"floor":38,"key":"Poison Potion"},{"floor":41,"key":"PowerPotion"}],"is_trial":false,"path_per_floor":["M","?","?","$","?","R","E","E","T","E","$","?","E","M","R","B",null,"M","?","$","M","M","E","R","E","T","R","?","T","R","E","R","B",null,"M","?","?","M","M","E","E","R","T","$","R","E","R","$","R","B","B",null,"R","$","E","B",null],"character_chosen":"THE_SILENT","items_purchased":["Bag of Preparation","Envenom","Lantern","DollysMirror","TheAbacus","OrangePellets","Weak Potion","CunningPotion"],"campfire_rested":2,"item_purchase_floors":[11,11,20,44,48,54,54,54],"current_hp_per_floor":[76,76,76,76,76,76,76,76,76,76,76,76,76,76,76,76,76,76,76,76,76,76,76,76,76,76,76,86,86,86,86,86,86,86,86,86,86,86,86,86,86,86,86,86,86,86,86,86,86,86,86,86,86,86,86,86],"gold":74,"neow_bonus":"BOSS_RELIC","is_daily":false,"chose_seed":false,"campfire_upgraded":8,"win_rate":0.0,"timestamp":1611450505,"path_taken":["M","?","?","$","?","R","E","E","T","E","$","?","E","M","R","BOSS","M","?","$","M","M","E","R","E","T","R","?","?","R","E","R","BOSS","M","?","?","M","M","E","E","R","T","?","R","E","R","$","R","BOSS","BOSS","R","$","E","BOSS"],"items_purchased_type":["Relic","Card","Relic","Relic","Relic","Relic","Potion","Potion"],"build_version":"2020-12-22","purchased_purges":1,"victory":true,"max_hp_per_floor":[76,76,76,76,76,76,76,76,76,76,76,76,76,76,76,76,76,76,76,76,76,76,76,76,76,76,76,86,86,86,86,86,86,86,86,86,86,86,86,86,86,86,86,86,86,86,86,86,86,86,86,86,86,86,86,86],"relic_stats":{"Torii":0,"counters":[24,95],"Tingsha":[53],"Snake Skull":[233],"Bag of Preparation":[40],"Letter Opener":[701],"OrangePellets":[0],"Nunchaku":[35],"Centennial Puzzle":[3],"Tough Bandages":[51],"TheAbacus":[186],"Sundial":[52],"Shuriken":[74],"Tiny Chest":1,"Turnip":[9],"Kunai":[32],"obtain_stats":[{"Lantern":20,"Calipers":21,"Torii":46,"Vajra":5,"Snake Skull":21,"Bag of Preparation":11,"Ancient Tea Set":43,"Nunchaku":7,"Centennial Puzzle":17,"Tough Bandages":25,"TheAbacus":48,"Sundial":2,"DollysMirror":44,"Tiny Chest":8,"WingedGreaves":7,"Kunai":48,"Ring of the Snake":0,"Potion Belt":5,"Oddly Smooth Stone":5,"Tingsha":12,"Thread and Needle":23,"Omamori":2,"Letter Opener":26,"Paper Crane":33,"Calling Bell":17,"SlaversCollar":34,"OrangePellets":54,"Shuriken":17,"Pandora\u0027s Box":0,"Turnip":17,"Ring of the Serpent":0,"Unceasing Top":55,"TungstenRod":55},{"Lantern":8,"Calipers":9,"Torii":20,"Vajra":1,"Snake Skull":9,"Bag of Preparation":4,"Ancient Tea Set":19,"Nunchaku":2,"Centennial Puzzle":7,"Tough Bandages":12,"TheAbacus":20,"Sundial":1,"DollysMirror":19,"Tiny Chest":3,"WingedGreaves":2,"Kunai":20,"Ring of the Snake":0,"Potion Belt":1,"Oddly Smooth Stone":1,"Tingsha":4,"Thread and Needle":11,"Omamori":1,"Letter Opener":12,"Paper Crane":14,"Calling Bell":7,"SlaversCollar":14,"OrangePellets":22,"Shuriken":7,"Pandora\u0027s Box":0,"Turnip":7,"Ring of the Serpent":0,"Unceasing Top":23,"TungstenRod":23},{"Lantern":27,"Calipers":29,"Torii":70,"Vajra":3,"Snake Skull":29,"Bag of Preparation":15,"Ancient Tea Set":67,"Nunchaku":9,"Centennial Puzzle":24,"Tough Bandages":35,"TheAbacus":70,"Sundial":3,"DollysMirror":67,"Tiny Chest":13,"WingedGreaves":9,"Kunai":70,"Ring of the Snake":0,"Potion Belt":3,"Oddly Smooth Stone":3,"Tingsha":15,"Thread and Needle":34,"Omamori":3,"Letter Opener":35,"Paper Crane":38,"Calling Bell":24,"SlaversCollar":44,"OrangePellets":84,"Shuriken":24,"Pandora\u0027s Box":0,"Turnip":24,"Ring of the Serpent":0,"Unceasing Top":87,"TungstenRod":87}],"Unceasing Top":[0],"TungstenRod":6},"card_choices":[{"not_picked":["Setup","Leg Sweep","Infinite Blades"],"picked":"SKIP","floor":1.0},{"not_picked":["Dagger Spray","Deadly Poison","Dodge and Roll"],"picked":"SKIP","floor":7.0},{"not_picked":["Leg Sweep","Prepared"],"picked":"Adrenaline","floor":8.0},{"not_picked":["Slice","Skewer","Blade Dance"],"picked":"SKIP","floor":10.0},{"not_picked":["Deflect","Blade Dance","Outmaneuver"],"picked":"SKIP","floor":13.0},{"not_picked":["Underhanded Strike","Sucker Punch","Acrobatics"],"picked":"SKIP","floor":14.0},{"not_picked":["Die Die Die","Tools of the Trade"],"picked":"Envenom","floor":16.0},{"not_picked":["Flying Knee","Cloak And Dagger+1","Blade Dance+1"],"picked":"SKIP","floor":18.0},{"not_picked":["Flying Knee","Cloak And Dagger+1","Blade Dance+1"],"picked":"SKIP","floor":18.0},{"not_picked":["Eviscerate+1","Poisoned Stab","Leg Sweep+1"],"picked":"SKIP","floor":21.0},{"not_picked":["Tactician","Outmaneuver","Well Laid Plans"],"picked":"SKIP","floor":22.0},{"not_picked":["Acrobatics","Choke"],"picked":"Backflip","floor":23.0},{"not_picked":["Flying Knee","Blade Dance","Quick Slash"],"picked":"SKIP","floor":25.0},{"not_picked":["Infinite Blades","Dagger Throw","Acrobatics"],"picked":"SKIP","floor":31.0},{"not_picked":["Doppelganger","Adrenaline"],"picked":"Burst","floor":33.0},{"not_picked":["Dodge and Roll","Outmaneuver","Cloak And Dagger+1"],"picked":"SKIP","floor":35},{"not_picked":["Slice","Backstab","Deflect"],"picked":"SKIP","floor":38},{"not_picked":["Poisoned Stab","Adrenaline","Finisher+1"],"picked":"SKIP","floor":39},{"not_picked":["Blur+1","Prepared","Masterful Stab+1"],"picked":"SKIP","floor":40},{"not_picked":["Quick Slash","Endless Agony"],"picked":"Footwork+1","floor":41},{"not_picked":["Sucker Punch","Venomology"],"picked":"Dodge and Roll+1","floor":46},{"not_picked":["Escape Plan+1","Backflip","Sucker Punch"],"picked":"SKIP","floor":55}],"player_experience":643363,"relics_obtained":[{"floor":7.0,"key":"Nunchaku"},{"floor":8.0,"key":"Tiny Chest"},{"floor":10.0,"key":"Oddly Smooth Stone"},{"floor":17.0,"key":"Centennial Puzzle"},{"floor":17.0,"key":"Shuriken"},{"floor":17.0,"key":"Turnip"},{"floor":23.0,"key":"Thread and Needle"},{"floor":25.0,"key":"Tough Bandages"},{"floor":26.0,"key":"Letter Opener"},{"floor":29.0,"key":"WingedGreaves"},{"floor":43,"key":"Ancient Tea Set"},{"floor":46,"key":"Torii"},{"floor":55,"key":"Unceasing Top"}],"event_choices":[{"damage_healed":0.0,"max_hp_gain":0.0,"max_hp_loss":0.0,"gold_gain":0.0,"event_name":"Big Fish","player_choice":"Box","floor":2.0,"gold_loss":0.0,"damage_taken":0.0,"relics_obtained":["Sundial"],"cards_obtained":["Regret"]},{"damage_healed":0.0,"max_hp_gain":0.0,"max_hp_loss":0.0,"gold_gain":57.0,"event_name":"Golden Wing","player_choice":"Gained Gold","floor":3.0,"gold_loss":0.0,"damage_taken":0.0},{"damage_healed":0.0,"max_hp_gain":0.0,"max_hp_loss":0.0,"gold_gain":0.0,"event_name":"Living Wall","player_choice":"Grow","floor":5.0,"gold_loss":0.0,"damage_taken":0.0,"cards_upgraded":["Venomology"]},{"damage_healed":0.0,"max_hp_gain":0.0,"max_hp_loss":0.0,"gold_gain":0.0,"event_name":"WeMeetAgain","player_choice":"Gave Potion","floor":12.0,"gold_loss":0.0,"damage_taken":0.0,"relics_obtained":["Tingsha"]},{"damage_healed":0.0,"max_hp_gain":0.0,"max_hp_loss":0.0,"gold_gain":0.0,"event_name":"The Library","player_choice":"Read","floor":19.0,"gold_loss":0.0,"damage_taken":0.0,"cards_obtained":["Footwork"]},{"cards_removed":["Envenom"],"damage_healed":0.0,"max_hp_gain":10.0,"max_hp_loss":0.0,"gold_gain":0.0,"event_name":"Bonfire Elementals","player_choice":"Offered Rare","floor":28.0,"gold_loss":0.0,"damage_taken":0.0},{"damage_healed":0,"gold_gain":0,"player_choice":"Ignored","damage_taken":0,"max_hp_gain":0,"max_hp_loss":0,"event_name":"Tomb of Lord Red Mask","floor":36,"gold_loss":0},{"damage_healed":0,"gold_gain":0,"player_choice":"Memory 1","damage_taken":0,"max_hp_gain":0,"max_hp_loss":0,"event_name":"SensoryStone","floor":37,"gold_loss":0}],"is_beta":false,"boss_relics":[{"not_picked":["Ectoplasm","Busted Crown"],"picked":"Calling Bell"},{"not_picked":["Empty Cage","Black Star"],"picked":"SlaversCollar"}],"items_purged_floors":[44],"is_endless":false,"potions_floor_spawned":[7,13,14,18,21,31,38,41,46],"ascension_level":20}}