{"host":"1vzdexsn8vtq5lt7","time":1611489021,"event":{"mods":["Act Like it!","Ascension Reborn","BaseMod","Colored Map","Colored Powertips","Conspire","Easy Mod","Energized Spire","Minty Spire (QoL Compilation)","Quick Restart","Relic Filter Mod","Relic Stats","Replay The Spire","StSLib","SuperFastMode","TestMod","The Marked","[IsaacMod]以撒尖塔","【功能Mod】Neow奖励","【功能Mod】混沌之环修复补丁","【功能Mod】精心准备","【遗物卡牌】REMEMod","没有小屋子和绿帽子啦"],"gold_per_floor":[209,229,219,239,164,164,199,213,213,244,244,262,293,306,306,381,381,393,443,462,97,97,123,142,173,173,205,48,68,94,94,94,173,173,186,186,201,216,56,88,88,123,123,140,167,0,30,46,46,46,46],"floor_reached":52,"language":"ZHS","playtime":2058,"items_purged":["theMarked:Strike+1","theMarked:Defend+1","EasyMod:card_1","theMarked:Defend+1"],"score":1170,"play_id":"4f08e44b-7c8b-4812-849b-e3ff84a7cc93","local_time":"20210124195021","is_ascension_mode":true,"campfire_choices":[{"data":"REME_MagicPocketWatch","floor":6.0,"key":"SMITH"},{"data":"theMarked:SoldierForm","floor":15.0,"key":"SMITH"},{"data":"theMarked:BindingBlade","floor":32,"key":"SMITH"},{"floor":49,"key":"REST"}],"circlet_count":0,"master_deck":["theMarked:Strike+1","theMarked:Strike+1","theMarked:Defend+1","theMarked:SoldierOfQuellstein+1","REME_MagicPocketWatch+1","theMarked:HeightenedSenses","theMarked:SoldierForm+1","theMarked:FavorableWinds+1","theMarked:TakeCover+1","theMarked:ComboAttacks+1","theMarked:EnhanceMovement+1","theMarked:EmpowerWeapon","theMarked:Defy","theMarked:BindingBlade+1","Parasite","theMarked:EmpowerWeapon+1","theMarked:SwordAndMagic+1"],"relics":["theMarked:ArtifactOfAir","testmod-TestBox","HushsDoor","REME_ComplimentaryCards","YumHeart","testmod-ArcanaOfDestiny","REME_HourglassOfDeath","ReplayFunnel","testmod-AssaultLearning","D6","Replay:Wax Seal","conspire:DecoderRing","testmod-OneHitWonder","Astrolabe","SharpPlug","EasyMod:Easy_8","Kunai","Enchiridion","ReplayTheSpireMod:Lightbulb","Boot","conspire:Dentures","Replay:Bottled Eggs","Sundial","Bag of Preparation","BookOfRevelations","conspire:SpecialSausage","EasyMod:Easy_5","Juzu Bracelet","Bottled Flame","Ancient Tea Set","Mercury Hourglass","Smiling Mask","Red Mask","Toy Ornithopter"],"acts_visited":["Exordium","TheCity","TheBeyond"],"potions_floor_usage":[23,25,29,33,40,44,50],"damage_taken":[{"damage":0.0,"enemies":"Small Slimes","floor":1.0,"turns":2.0},{"damage":0.0,"enemies":"Cultist","floor":2.0,"turns":2.0},{"damage":20.0,"enemies":"Hiden Room Battle","floor":3.0,"turns":6.0},{"damage":0.0,"enemies":"Jaw Worm","floor":4.0,"turns":2.0},{"damage":2.0,"enemies":"Replay:BlueRogue","floor":7.0,"turns":4.0},{"damage":1.0,"enemies":"Large Slime","floor":8.0,"turns":3.0},{"damage":0.0,"enemies":"Lagavulin","floor":10.0,"turns":5.0},{"damage":0.0,"enemies":"Red Slaver","floor":12.0,"turns":2.0},{"damage":0.0,"enemies":"Replay:BlueRogue","floor":13.0,"turns":2.0},{"damage":0.0,"enemies":"3 Louse","floor":14.0,"turns":2.0},{"damage":0.0,"enemies":"Slime Boss","floor":16.0,"turns":4.0},{"damage":13.0,"enemies":"Spheric Guardian","floor":18.0,"turns":4.0},{"damage":23.0,"enemies":"Hiden Room Battle","floor":19.0,"turns":6.0},{"damage":0.0,"enemies":"Chosen","floor":20.0,"turns":3.0},{"damage":4,"enemies":"Book of Stabbing","floor":23,"turns":5},{"damage":2,"enemies":"Centurion and Healer","floor":24,"turns":5},{"damage":4,"enemies":"Slavers","floor":25,"turns":5},{"damage":0,"enemies":"conspire:Head Lice","floor":27,"turns":3},{"damage":3,"enemies":"Chosen and Byrds","floor":29,"turns":4},{"damage":1,"enemies":"Book of Stabbing","floor":30,"turns":4},{"damage":0,"enemies":"Collector","floor":33,"turns":6},{"damage":17,"enemies":"3 Darklings","floor":35,"turns":4},{"damage":2,"enemies":"Orb Walker","floor":37,"turns":2},{"damage":0,"enemies":"Writhing Mass","floor":38,"turns":3},{"damage":1,"enemies":"R_Hoarder","floor":40,"turns":4},{"damage":0,"enemies":"Nemesis","floor":42,"turns":5},{"damage":0,"enemies":"Maw","floor":44,"turns":4},{"damage":49,"enemies":"Giant Head","floor":45,"turns":5},{"damage":0,"enemies":"R_Hoarder","floor":47,"turns":5},{"damage":0,"enemies":"Transient","floor":48,"turns":3},{"damage":27,"enemies":"Donu and Deca","floor":50,"turns":5},{"damage":12,"enemies":"Replay:Hell Engine","floor":51,"turns":6}],"seed_played":"5728433588072172695","potions_obtained":[{"floor":2.0,"key":"Swift Potion"},{"floor":3.0,"key":"Dexterity Potion"},{"floor":19.0,"key":"Block Potion"},{"floor":25,"key":"Regen Potion"},{"floor":27,"key":"SkillPotion"},{"floor":33,"key":"Block Potion"},{"floor":37,"key":"Dexterity Potion"},{"floor":42,"key":"Venom Potion"},{"floor":44,"key":"REME_GoldPotion"},{"floor":47,"key":"Toxic Potion"},{"floor":48,"key":"DuplicationPotion"}],"is_trial":false,"path_per_floor":["M","M","?","M","$","R","E","M","T","E","?","M","E","M","R","B",null,"M","?","M","$","?","E","M","E","T","E","$","M","E","T","R","B",null,"M","?","M","M","$","E","?","E","T","M","E","?","E","M","R","B","B",null],"character_chosen":"THE_DEFAULT","items_purchased":["Kunai","theMarked:BindingBlade","EasyMod:Easy_5"],"campfire_rested":1,"item_purchase_floors":[21,28,39],"current_hp_per_floor":[63,63,52,52,52,52,50,49,70,70,70,70,70,70,70,70,65,52,54,54,54,33,29,27,48,48,48,48,45,44,44,44,58,58,41,41,39,39,39,38,38,38,38,38,14,14,14,14,30,8,21],"gold":46,"neow_bonus":"HUNDRED_GOLD","is_daily":false,"chose_seed":false,"campfire_upgraded":3,"win_rate":0.0,"timestamp":1611489021,"path_taken":["M","M","?","M","?","R","E","M","T","E","?","M","E","M","R","BOSS","M","?","M","$","?","E","M","E","T","E","$","M","E","?","R","BOSS","M","?","M","M","$","E","?","E","T","M","E","?","E","M","R","BOSS","BOSS"],"items_purchased_type":["Relic","Card","Relic"],"build_version":"2020-12-22","purchased_purges":4,"victory":true,"max_hp_per_floor":[70,70,70,70,70,70,70,70,70,70,70,70,70,70,70,70,65,65,65,65,65,65,65,65,65,65,65,65,65,65,65,65,65,58,58,55,55,55,55,55,55,55,55,55,55,55,55,55,55,55,55],"relic_stats":{"counters":[32,125],"Sundial":[12],"Astrolabe":["theMarked:TakeCover","theMarked:ComboAttacks","theMarked:EnhanceMovement"],"Bag of Preparation":[24],"Juzu Bracelet":0,"Kunai":[31],"Boot":[8],"Smiling Mask":0,"obtain_stats":[{"ReplayFunnel":3,"SharpPlug":19,"Enchiridion":22,"conspire:SpecialSausage":34,"Bag of Preparation":31,"Juzu Bracelet":40,"Boot":25,"Ancient Tea Set":43,"Smiling Mask":45,"EasyMod:Easy_5":39,"EasyMod:Easy_8":19,"Sundial":30,"conspire:DecoderRing":10,"Red Mask":46,"Kunai":21,"Replay:Wax Seal":9,"Replay:Bottled Eggs":26,"testmod-ArcanaOfDestiny":0,"KeepersGift":0,"conspire:Dentures":26,"testmod-TestBox":0,"Astrolabe":17,"BookOfRevelations":31,"Mercury Hourglass":43,"theMarked:ArtifactOfAir":0,"YumHeart":0,"D6":9,"Bottled Flame":42,"REME_HourglassOfDeath":3,"testmod-AssaultLearning":7,"HushsDoor":0,"ReplayTheSpireMod:Lightbulb":23,"testmod-OneHitWonder":13,"Toy Ornithopter":47,"REME_ComplimentaryCards":0},{"ReplayFunnel":3,"SharpPlug":13,"Enchiridion":14,"conspire:SpecialSausage":21,"Bag of Preparation":20,"Juzu Bracelet":25,"Boot":17,"Ancient Tea Set":26,"Smiling Mask":28,"EasyMod:Easy_5":24,"EasyMod:Easy_8":13,"Sundial":20,"conspire:DecoderRing":7,"Red Mask":28,"Kunai":14,"Replay:Wax Seal":6,"Replay:Bottled Eggs":17,"testmod-ArcanaOfDestiny":0,"KeepersGift":0,"conspire:Dentures":17,"testmod-TestBox":0,"Astrolabe":11,"BookOfRevelations":20,"Mercury Hourglass":26,"theMarked:ArtifactOfAir":0,"YumHeart":0,"D6":6,"Bottled Flame":26,"REME_HourglassOfDeath":3,"testmod-AssaultLearning":5,"HushsDoor":0,"ReplayTheSpireMod:Lightbulb":15,"testmod-OneHitWonder":9,"Toy Ornithopter":29,"REME_ComplimentaryCards":0},{"ReplayFunnel":10,"SharpPlug":44,"Enchiridion":47,"conspire:SpecialSausage":79,"Bag of Preparation":73,"Juzu Bracelet":92,"Boot":62,"Ancient Tea Set":97,"Smiling Mask":106,"EasyMod:Easy_5":88,"EasyMod:Easy_8":44,"Sundial":73,"conspire:DecoderRing":24,"Red Mask":106,"Kunai":47,"Replay:Wax Seal":19,"Replay:Bottled Eggs":62,"testmod-ArcanaOfDestiny":0,"KeepersGift":0,"conspire:Dentures":62,"testmod-TestBox":0,"Astrolabe":34,"BookOfRevelations":73,"Mercury Hourglass":97,"theMarked:ArtifactOfAir":0,"YumHeart":0,"D6":19,"Bottled Flame":97,"REME_HourglassOfDeath":10,"testmod-AssaultLearning":16,"HushsDoor":0,"ReplayTheSpireMod:Lightbulb":52,"testmod-OneHitWonder":28,"Toy Ornithopter":111,"REME_ComplimentaryCards":0}],"Toy Ornithopter":5,"Mercury Hourglass":[72]},"card_choices":[{"not_picked":[],"picked":"Bomb","floor":0.0},{"not_picked":["theMarked:ResourceFulStrike","theMarked:WastefulAttack","theMarked:WastefulDefense"],"picked":"SKIP","floor":1.0},{"not_picked":["theMarked:ResourceFulStrike","theMarked:WastefulAttack","theMarked:WastefulDefense"],"picked":"SKIP","floor":1.0},{"not_picked":["theMarked:Panic","theMarked:ContemptForTheProud"],"picked":"theMarked:HeightenedSenses","floor":2.0},{"not_picked":["theMarked:WardOff","theMarked:Reabsorb"],"picked":"theMarked:SoldierForm","floor":4.0},{"not_picked":["theMarked:Frustration","theMarked:Abjuration","theMarked:ChainLightning"],"picked":"SKIP","floor":7.0},{"not_picked":["theMarked:WardOff","theMarked:TwofoldDefense","theMarked:BanishingStrike"],"picked":"SKIP","floor":8.0},{"not_picked":["theMarked:TakeOffHeels","theMarked:ResourceFulStrike"],"picked":"Bomb","floor":10.0},{"not_picked":["theMarked:Overcharge","theMarked:AttractMetal"],"picked":"Bomb","floor":12.0},{"not_picked":["theMarked:Panic","theMarked:AttractMetal","theMarked:Improvise"],"picked":"SKIP","floor":13.0},{"not_picked":["theMarked:Frustration","theMarked:Parkour","theMarked:BanishingWave"],"picked":"SKIP","floor":14.0},{"not_picked":["theMarked:DispelDoubt","theMarked:UnarmedFury"],"picked":"theMarked:FavorableWinds","floor":16.0},{"not_picked":["theMarked:Opportunist","theMarked:Seal+1"],"picked":"theMarked:EmpowerWeapon","floor":18.0},{"not_picked":["theMarked:Aftermath","theMarked:WardOff","theMarked:Frustration"],"picked":"SKIP","floor":20.0},{"not_picked":["theMarked:WastefulDefense+1","theMarked:MaelstromOfLightning","theMarked:GodGivenPower+1"],"picked":"SKIP","floor":23},{"not_picked":["theMarked:ElectricStrings","theMarked:HeritageOfTheMarked","theMarked:TwofoldDefense"],"picked":"SKIP","floor":24},{"not_picked":["theMarked:MysticalArsenal+1","theMarked:Improvise"],"picked":"theMarked:Defy","floor":25},{"not_picked":["theMarked:Improvise","theMarked:Frustration+1","theMarked:WastefulAttack"],"picked":"SKIP","floor":27},{"not_picked":["theMarked:TwofoldDefense","theMarked:Aftermath","theMarked:WastefulDefense"],"picked":"SKIP","floor":29},{"not_picked":["theMarked:ResourceFulStrike","theMarked:ElectricStrings","theMarked:Standoff"],"picked":"SKIP","floor":30},{"not_picked":["theMarked:ResourceFulStrike+1","theMarked:RepellingDischarge","theMarked:WardOff"],"picked":"SKIP","floor":35},{"not_picked":["theMarked:Static+1","theMarked:WardOff","theMarked:Aftermath"],"picked":"SKIP","floor":37},{"not_picked":["theMarked:RepellingDischarge","theMarked:WastefulDefense+1","theMarked:Frustration"],"picked":"SKIP","floor":38},{"not_picked":["theMarked:WastefulAttack","theMarked:StartUp+1","theMarked:LightningStrikesTwice"],"picked":"SKIP","floor":40},{"not_picked":["theMarked:CreepingChasm","theMarked:Vacuum","theMarked:ElectricStrings"],"picked":"SKIP","floor":42},{"not_picked":["theMarked:Panic","theMarked:RepellingDischarge+1"],"picked":"theMarked:EmpowerWeapon+1","floor":44},{"not_picked":["theMarked:ContemptForTheProud","theMarked:Opportunist+1"],"picked":"theMarked:SwordAndMagic+1","floor":45},{"not_picked":["theMarked:ResourceFulStrike","theMarked:Panic","theMarked:WardOff"],"picked":"SKIP","floor":47},{"not_picked":["theMarked:GodGivenPower","theMarked:Parkour","theMarked:Frustration"],"picked":"SKIP","floor":48}],"player_experience":212588,"relics_obtained":[{"floor":3.0,"key":"REME_HourglassOfDeath"},{"floor":3.0,"key":"ReplayFunnel"},{"floor":7.0,"key":"testmod-AssaultLearning"},{"floor":9.0,"key":"D6"},{"floor":9.0,"key":"Replay:Wax Seal"},{"floor":10.0,"key":"conspire:DecoderRing"},{"floor":13.0,"key":"testmod-OneHitWonder"},{"floor":19.0,"key":"SharpPlug"},{"floor":19.0,"key":"EasyMod:Easy_8"},{"floor":22,"key":"Enchiridion"},{"floor":23,"key":"ReplayTheSpireMod:Lightbulb"},{"floor":25,"key":"Boot"},{"floor":26,"key":"conspire:Dentures"},{"floor":26,"key":"Replay:Bottled Eggs"},{"floor":30,"key":"Sundial"},{"floor":31,"key":"Bag of Preparation"},{"floor":31,"key":"BookOfRevelations"},{"floor":40,"key":"Juzu Bracelet"},{"floor":42,"key":"Bottled Flame"},{"floor":43,"key":"Ancient Tea Set"},{"floor":43,"key":"Mercury Hourglass"},{"floor":45,"key":"Smiling Mask"},{"floor":47,"key":"Toy Ornithopter"}],"event_choices":[{"damage_healed":0.0,"max_hp_gain":0.0,"max_hp_loss":0.0,"gold_gain":0.0,"event_name":"HidenRoomEvent","player_choice":"Fight","floor":3.0,"gold_loss":0.0,"damage_taken":0.0},{"damage_healed":0.0,"max_hp_gain":0.0,"max_hp_loss":0.0,"gold_gain":0.0,"event_name":"The Woman in Blue","player_choice":"Bought 0 Potions","floor":11.0,"gold_loss":0.0,"damage_taken":0.0},{"damage_healed":0.0,"max_hp_gain":0.0,"max_hp_loss":0.0,"gold_gain":0.0,"event_name":"HidenRoomEvent","player_choice":"Fight","floor":19.0,"gold_loss":0.0,"damage_taken":0.0},{"damage_healed":0,"gold_gain":0,"player_choice":"Obtained Book","damage_taken":21,"max_hp_gain":0,"max_hp_loss":0,"event_name":"Cursed Tome","floor":22,"gold_loss":0},{"damage_healed":0,"gold_gain":0,"player_choice":"Max HP","damage_taken":0,"max_hp_gain":0,"max_hp_loss":3,"event_name":"Winding Halls","floor":36,"gold_loss":0},{"damage_healed":0,"gold_gain":0,"player_choice":"Leave","damage_taken":0,"max_hp_gain":0,"max_hp_loss":0,"event_name":"conspire:Investor","floor":41,"gold_loss":0},{"damage_healed":0,"gold_gain":0,"player_choice":"Paid","damage_taken":0,"relics_obtained":["Red Mask"],"max_hp_gain":0,"max_hp_loss":0,"event_name":"Tomb of Lord Red Mask","floor":46,"gold_loss":167}],"is_beta":false,"boss_relics":[{"not_picked":["testmod-StringDisintegrator","theMarked:Eyepatch"],"picked":"Astrolabe"},{"not_picked":[]},{"not_picked":["Replay:Ancient Bell","conspire:SeveredTorchhead"],"picked":"conspire:SpecialSausage"},{"not_picked":[]}],"items_purged_floors":[5,17,21,34],"is_endless":false,"potions_floor_spawned":[2,3,7,10,14,18,19,25,27,33,37,42,44,47,48],"ascension_level":0}}