{"host":"l6vifo5ajdb3p20b","time":1611460649,"event":{"mods":["2.2 Compatiblity","BaseMod","Better Altar","Better Sensory Stone","Better Skull","Better Third Choice","BetterRewards","Block Reminder","Booster Modes","Card Forge","Clockwork Mod","Colored Map","Defuse TimeMaze Blight","Energized Spire","Evolution","Minty Spire (QoL Compilation)","Relic Stats","StSLib","The Necromancer"],"gold_per_floor":[115,127,137,312,322,322,322,322,348,348,348,359,371,404,404,502,452,467,467,4,4,15,15,28,127,127,127,127],"floor_reached":27,"language":"ENG","playtime":2749,"items_purged":["Doubt"],"score":224,"play_id":"41a02dc2-c1b9-4a60-8556-11acd3287ef4","local_time":"20210124105729","is_ascension_mode":true,"campfire_choices":[{"data":"Clockwork:Tinker","floor":6,"key":"SMITH"},{"data":"Clockwork:ForgeStrike","floor":8,"key":"SMITH"},{"data":"Clockwork:Enhance","floor":10,"key":"SMITH"},{"floor":15,"key":"REST"},{"floor":23,"key":"REST"}],"circlet_count":0,"master_deck":["Clockwork:Strike","Clockwork:Strike","Clockwork:Strike","Clockwork:Strike","Clockwork:Shield","Clockwork:Shield","Clockwork:Shield","Clockwork:Shield","Clockwork:Tinker+1","Clockwork:WarmUp","Clockwork:ForgeStrike+1","Clockwork:EnthusiasticStrike","Clockwork:RitualDaggerMk0","Clockwork:Enhance+1","Madness","Clockwork:TiltAWhirl","Clockwork:CogToss","Clockwork:UnlimitedCogworks","Clockwork:Strike","Clockwork:SearingStrike","Clockwork:AdaptiveShield+1","Clockwork:LiteraryArmor","Clockwork:RampUp","Clockwork:SystemHardening"],"relics":["Clockwork:MomentumEngine","Hammer of Thor","Seething Fire","Anvil of the Gods","EVO:Axolotl","NeowsBlessing","Bag of Preparation","MealTicket","energizedSpire:HugeHouse","Chemical X","Pen Nib","Bloody Idol","Gremlin Horn"],"acts_visited":["Exordium","TheCity"],"potions_floor_usage":[14,16,16,24,24],"damage_taken":[{"damage":1,"enemies":"2 Louse","floor":1,"turns":4},{"damage":0,"enemies":"Small Slimes","floor":2,"turns":4},{"damage":0,"enemies":"Cultist","floor":3,"turns":1},{"damage":9,"enemies":"2 Fungi Beasts","floor":5,"turns":9},{"damage":28,"enemies":"Large Slime","floor":12,"turns":14},{"damage":6,"enemies":"3 Louse","floor":13,"turns":7},{"damage":25,"enemies":"Lagavulin","floor":14,"turns":13},{"damage":32,"enemies":"Hexaghost","floor":16,"turns":14},{"damage":29,"enemies":"Shell Parasite","floor":18,"turns":12},{"damage":24,"enemies":"Spheric Guardian","floor":22,"turns":4},{"damage":21,"enemies":"Snecko","floor":24,"turns":5},{"damage":30,"enemies":"Shelled Parasite and Fungi","floor":27,"turns":4}],"seed_played":"-1813483437772257698","potions_obtained":[{"floor":2,"key":"LiquidMemories"},{"floor":3,"key":"SkillPotion"},{"floor":12,"key":"ColorlessPotion"},{"floor":14,"key":"Block Potion"},{"floor":16,"key":"Fire Potion"}],"is_trial":false,"path_per_floor":["M","M","M","?","M","R","?","R","T","R","?","M","M","E","R","B",null,"M","?","$","?","M","R","M","?","T","M"],"character_chosen":"CLOCKWORK","items_purchased":["Chemical X","Clockwork:LiteraryArmor","Pen Nib","PowerPotion"],"campfire_rested":2,"item_purchase_floors":[20,20,20,20],"current_hp_per_floor":[84,84,84,84,75,75,80,80,80,80,80,52,46,21,48,16,85,56,56,71,28,9,34,18,23,23,0,0],"gold":127,"neow_bonus":"THREE_ENEMY_KILL","is_daily":false,"chose_seed":false,"campfire_upgraded":3,"win_rate":0.0,"timestamp":1611460649,"path_taken":["M","M","M","?","M","R","?","R","T","R","?","M","M","E","R","BOSS","M","?","$","?","M","R","M","?","T","M"],"items_purchased_type":["Relic","Card","Relic","Potion"],"build_version":"2020-12-22","purchased_purges":1,"victory":false,"max_hp_per_floor":[85,85,85,85,85,85,90,90,90,90,90,90,90,90,90,90,85,85,85,85,85,85,85,85,85,85,85,85],"relic_stats":{"Gremlin Horn":[1,1],"counters":[12,91],"Bloody Idol":15,"MealTicket":15,"Pen Nib":[3],"Bag of Preparation":[16],"Chemical X":[5],"obtain_stats":[{"NeowsBlessing":0,"Gremlin Horn":26,"Hammer of Thor":0,"Pen Nib":20,"Bag of Preparation":9,"EVO:Axolotl":0,"Seething Fire":0,"Clockwork:MomentumEngine":0,"Anvil of the Gods":0,"Bloody Idol":21,"MealTicket":14,"energizedSpire:HugeHouse":17,"Chemical X":20},{"NeowsBlessing":0,"Gremlin Horn":11,"Hammer of Thor":0,"Pen Nib":9,"Bag of Preparation":4,"EVO:Axolotl":0,"Seething Fire":0,"Clockwork:MomentumEngine":0,"Anvil of the Gods":0,"Bloody Idol":9,"MealTicket":7,"energizedSpire:HugeHouse":8,"Chemical X":9},{"NeowsBlessing":0,"Gremlin Horn":87,"Hammer of Thor":0,"Pen Nib":78,"Bag of Preparation":18,"EVO:Axolotl":0,"Seething Fire":0,"Clockwork:MomentumEngine":0,"Anvil of the Gods":0,"Bloody Idol":78,"MealTicket":52,"energizedSpire:HugeHouse":66,"Chemical X":78}]},"card_choices":[{"not_picked":["Clockwork:SystemHardening","Clockwork:SearingStrike"],"picked":"Clockwork:ForgeStrike","floor":1},{"not_picked":["Clockwork:ChargingBlade","Clockwork:Redundancy"],"picked":"Clockwork:EnthusiasticStrike","floor":2},{"not_picked":["Clockwork:CraftBloodPhial","Clockwork:Scour"],"picked":"Clockwork:RitualDaggerMk0","floor":3},{"not_picked":["Clockwork:Clone","Clockwork:ReserveSystems"],"picked":"Clockwork:Enhance","floor":5},{"not_picked":["PanicButton","Mind Blast"],"picked":"Madness","floor":11},{"not_picked":["Clockwork:ForgeStrike","Clockwork:SnapKeep"],"picked":"Clockwork:TiltAWhirl","floor":12},{"not_picked":["Clockwork:CraftBloodPhial","Clockwork:Improve"],"picked":"Clockwork:CogToss","floor":13},{"not_picked":["Clockwork:Enhance","Clockwork:LiteraryArmor"],"picked":"Clockwork:InertialShield","floor":14},{"not_picked":["Clockwork:Randomization","Clockwork:Strangle"],"picked":"Clockwork:UnlimitedCogworks","floor":16},{"not_picked":["Clockwork:CraftVarja","Clockwork:ChargingBlade+1"],"picked":"Clockwork:AdaptiveShield+1","floor":18},{"not_picked":["Clockwork:SystemScan","Clockwork:Roundhouse+1"],"picked":"Clockwork:RampUp","floor":22},{"not_picked":["Clockwork:ForgeStrike","Clockwork:Minimalism"],"picked":"Clockwork:SystemHardening","floor":24}],"player_experience":1103067,"relics_obtained":[{"floor":9,"key":"Bag of Preparation"},{"floor":14,"key":"MealTicket"},{"floor":26,"key":"Gremlin Horn"}],"event_choices":[{"damage_healed":0,"gold_gain":175,"player_choice":"AGREE","damage_taken":137,"max_hp_gain":0,"max_hp_loss":0,"event_name":"betterThird:BetterSerpent","floor":4,"gold_loss":0},{"damage_healed":0,"gold_gain":0,"player_choice":"Donut","damage_taken":0,"max_hp_gain":5,"max_hp_loss":0,"event_name":"Big Fish","floor":7,"gold_loss":0},{"damage_healed":0,"gold_gain":1,"player_choice":"1","damage_taken":0,"max_hp_gain":0,"max_hp_loss":0,"event_name":"betterStone:BetterStone","floor":11,"gold_loss":0},{"damage_healed":0,"gold_gain":0,"player_choice":"Ignored","damage_taken":0,"max_hp_gain":0,"max_hp_loss":0,"event_name":"Vampires","floor":19,"gold_loss":0},{"damage_healed":0,"gold_gain":0,"player_choice":" Idol ","damage_taken":43,"relics_obtained":["Bloody Idol"],"max_hp_gain":71,"max_hp_loss":28,"event_name":"betterAltar:BetterAltar","floor":21,"potions_obtained":[],"relics_lost":[],"gold_loss":0},{"damage_healed":0,"gold_gain":99,"player_choice":"Steal","damage_taken":0,"max_hp_gain":0,"max_hp_loss":0,"event_name":"betterThird:BetterNest","floor":25,"gold_loss":0}],"is_beta":false,"boss_relics":[{"not_picked":["Pandora\u0027s Box","Sozu"],"picked":"energizedSpire:HugeHouse"}],"items_purged_floors":[20],"is_endless":false,"potions_floor_spawned":[2,3,12,14,16],"killed_by":"Shelled Parasite and Fungi","ascension_level":1}}