{"host":"9tzam4717zt8ei1o","time":1611482996,"event":{"mods":["BaseMod","Colored Map","Keyboard Shortcuts","Minty Spire (QoL Compilation)","Quick Restart","StSLib","SuperFastMode"],"gold_per_floor":[112,37,37,55,55,86,86,86,86,102,118,118,118,133,133,223,223,239,338,120,120,68,68,68,68,68,87,87,87],"floor_reached":28,"language":"KOR","playtime":464,"items_purged":["Strike_G","Strike_G"],"score":353,"play_id":"31c3af14-3794-4ada-85fa-e02ec8da98ae","local_time":"20210124190956","is_ascension_mode":true,"campfire_choices":[{"floor":8.0,"key":"REST"},{"data":"Blade Dance","floor":12.0,"key":"SMITH"},{"data":"Finisher","floor":15.0,"key":"SMITH"},{"floor":23.0,"key":"REST"},{"data":"Acrobatics","floor":25.0,"key":"SMITH"}],"circlet_count":0,"master_deck":["AscendersBane","Defend_G","Defend_G","Defend_G","Defend_G","Survivor","Neutralize","Acrobatics+1","Dagger Throw","Dagger Spray","Blade Dance+1","Finisher+1","Grand Finale","Escape Plan","Accuracy","Acrobatics"],"relics":["Ring of the Snake","Golden Idol","Strawberry","Kunai","Matryoshka","Empty Cage","NlothsMask","Bird Faced Urn"],"acts_visited":["Exordium","TheCity"],"potions_floor_usage":[28,28],"damage_taken":[{"damage":2.0,"enemies":"2 Louse","floor":1.0,"turns":4.0},{"damage":1.0,"enemies":"Small Slimes","floor":4.0,"turns":5.0},{"damage":57.0,"enemies":"Gremlin Nob","floor":6.0,"turns":6.0},{"damage":3.0,"enemies":"Jaw Worm","floor":10.0,"turns":3.0},{"damage":11.0,"enemies":"Looter","floor":11.0,"turns":3.0},{"damage":2.0,"enemies":"Large Slime","floor":14.0,"turns":7.0},{"damage":2.0,"enemies":"Slime Boss","floor":16.0,"turns":9.0},{"damage":34.0,"enemies":"Chosen","floor":18.0,"turns":7.0},{"damage":0.0,"enemies":"3 Byrds","floor":27.0,"turns":3.0},{"damage":54,"enemies":"Book of Stabbing","floor":28,"turns":6}],"seed_played":"4210664092967482358","potions_obtained":[{"floor":1.0,"key":"EntropicBrew"},{"floor":6.0,"key":"ColorlessPotion"},{"floor":11.0,"key":"LiquidMemories"},{"floor":14.0,"key":"FearPotion"},{"floor":18.0,"key":"EssenceOfSteel"},{"floor":27.0,"key":"SkillPotion"}],"is_trial":false,"path_per_floor":["M","$","?","M","?","E","$","R","T","M","M","R","?","M","R","B",null,"M","?","$","?","$","R","?","R","T","M","E"],"character_chosen":"THE_SILENT","items_purchased":["Escape Plan","Accuracy","Acrobatics"],"campfire_rested":2,"item_purchase_floors":[20,20,22],"current_hp_per_floor":[61,61,61,60,64,7,7,28,28,25,14,14,7,5,5,3,55,21,21,21,21,21,42,42,42,42,44,0,0],"gold":87,"neow_bonus":"REMOVE_CARD","is_daily":false,"chose_seed":false,"campfire_upgraded":3,"win_rate":0.0,"timestamp":1611482996,"path_taken":["M","$","?","M","?","E","$","R","T","M","M","R","?","M","R","BOSS","M","?","$","?","$","R","?","R","T","M","E"],"items_purchased_type":["Card","Card","Card"],"build_version":"2020-12-22","purchased_purges":2,"victory":false,"max_hp_per_floor":[70,70,65,65,72,72,72,72,72,72,72,72,72,72,72,72,72,72,72,72,72,72,72,72,72,72,72,72,72],"card_choices":[{"not_picked":["Expertise","Deflect"],"picked":"Acrobatics","floor":1.0},{"not_picked":["Bane","Finisher","PiercingWail"],"picked":"SKIP","floor":4.0},{"not_picked":["Catalyst","Terror"],"picked":"Dagger Throw","floor":6.0},{"not_picked":["Accuracy","Concentrate"],"picked":"Dagger Spray","floor":10.0},{"not_picked":["PiercingWail","Bane"],"picked":"Blade Dance","floor":11.0},{"not_picked":["Prepared","Slice"],"picked":"Finisher","floor":14.0},{"not_picked":["Bullet Time","Tools of the Trade"],"picked":"Grand Finale","floor":16.0},{"not_picked":["Cloak And Dagger","Bane","Sucker Punch"],"picked":"SKIP","floor":18.0},{"not_picked":["Leg Sweep","Finisher","Flying Knee"],"picked":"SKIP","floor":27.0}],"player_experience":105181,"relics_obtained":[{"floor":6.0,"key":"Kunai"},{"floor":9.0,"key":"Matryoshka"},{"floor":26.0,"key":"Bird Faced Urn"}],"event_choices":[{"damage_healed":0.0,"max_hp_gain":0.0,"max_hp_loss":5.0,"gold_gain":0.0,"event_name":"Golden Idol","player_choice":"Lose Max HP","floor":3.0,"gold_loss":0.0,"damage_taken":0.0,"relics_obtained":["Golden Idol"]},{"damage_healed":0.0,"max_hp_gain":0.0,"max_hp_loss":0.0,"gold_gain":0.0,"event_name":"Scrap Ooze","player_choice":"Success","floor":5.0,"gold_loss":0.0,"damage_taken":3.0,"relics_obtained":["Strawberry"]},{"cards_removed":["Strike_G"],"damage_healed":0.0,"max_hp_gain":0.0,"max_hp_loss":0.0,"gold_gain":0.0,"event_name":"Golden Wing","player_choice":"Card Removal","floor":13.0,"gold_loss":0.0,"damage_taken":7.0},{"damage_healed":0.0,"max_hp_gain":0.0,"max_hp_loss":0.0,"gold_gain":99.0,"event_name":"Nest","player_choice":"Stole From Cult","floor":19.0,"gold_loss":0.0,"damage_taken":0.0},{"damage_healed":0.0,"max_hp_gain":0.0,"max_hp_loss":0.0,"gold_gain":0.0,"event_name":"Cursed Tome","player_choice":"Ignored","floor":21.0,"gold_loss":0.0,"damage_taken":0.0},{"damage_healed":0.0,"max_hp_gain":0.0,"max_hp_loss":0.0,"gold_gain":0.0,"event_name":"FaceTrader","player_choice":"Trade","floor":24.0,"gold_loss":0.0,"damage_taken":0.0,"relics_obtained":["NlothsMask"]}],"is_beta":false,"boss_relics":[{"not_picked":["Coffee Dripper","Philosopher\u0027s Stone"],"picked":"Empty Cage"}],"items_purged_floors":[2,20],"is_endless":false,"potions_floor_spawned":[1,6,11,14,18,27],"killed_by":"Book of Stabbing","ascension_level":13}}