{"host":"gc0hqzwg2gd3zszy","time":1611530203,"event":{"mods":["BaseMod","DeckTracker","Minty Spire (QoL Compilation)","Relic Stats","SuperFastMode"],"gold_per_floor":[116,191,191,25,42,73,89,122,422,422,37,53,83,132,132,206,206,225,225,225,65,90,90,115,130,181,216,216,247,259,259,259,259,259],"floor_reached":33,"language":"KOR","playtime":1316,"items_purged":[],"score":673,"play_id":"0de7f5b3-a149-48cc-99f0-904293bb5cba","local_time":"20210125081643","is_ascension_mode":true,"campfire_choices":[{"data":"Hello World","floor":10,"key":"SMITH"},{"data":"Hello World","floor":15,"key":"SMITH"},{"floor":23,"key":"REST"},{"data":"Storm","floor":28,"key":"SMITH"},{"floor":32,"key":"REST"}],"circlet_count":0,"master_deck":["AscendersBane","Defend_B","Defend_B","Defend_B","Defend_B","Zap","Dualcast","Gash","Gash","Undo","Sweeping Beam","Hello World+1","Hello World+1","Aggregate","Conserve Battery","Force Field","Gash","Core Surge","Go for the Eyes+1","Skim","Loop","Storm+1","Skim+1","Turbo","Turbo","Force Field","Bite","Bite","Bite","Bite","Bite"],"relics":["FrozenCore","NeowsBlessing","Question Card","Lee\u0027s Waffle","Torii","Tiny Chest","Old Coin","Bag of Marbles","Blue Candle","Anchor","Oddly Smooth Stone","Mummified Hand","Pen Nib","Bag of Preparation","Red Mask"],"acts_visited":["Exordium","TheCity"],"potions_floor_usage":[12,13,24,33],"damage_taken":[{"damage":0,"enemies":"2 Louse","floor":1,"turns":1},{"damage":0,"enemies":"Small Slimes","floor":5,"turns":1},{"damage":0,"enemies":"Lagavulin","floor":6,"turns":1},{"damage":7,"enemies":"Jaw Worm","floor":7,"turns":3},{"damage":21,"enemies":"3 Sentries","floor":8,"turns":7},{"damage":8,"enemies":"3 Louse","floor":12,"turns":3},{"damage":20,"enemies":"Lagavulin","floor":13,"turns":4},{"damage":13,"enemies":"The Guardian","floor":16,"turns":13},{"damage":0,"enemies":"Spheric Guardian","floor":18,"turns":6},{"damage":8,"enemies":"Book of Stabbing","floor":24,"turns":8},{"damage":6,"enemies":"3 Byrds","floor":25,"turns":7},{"damage":11,"enemies":"Slavers","floor":27,"turns":6},{"damage":29,"enemies":"Masked Bandits","floor":29,"turns":4},{"damage":0,"enemies":"Centurion and Healer","floor":30,"turns":6},{"damage":65,"enemies":"Champ","floor":33,"turns":12}],"seed_played":"-404358693497921076","potions_obtained":[{"floor":5,"key":"FearPotion"},{"floor":8,"key":"Block Potion"},{"floor":12,"key":"SteroidPotion"},{"floor":13,"key":"FairyPotion"},{"floor":16,"key":"Fire Potion"},{"floor":30,"key":"BlessingOfTheForge"}],"is_trial":false,"path_per_floor":["M","?","?","$","M","E","M","E","T","R","$","M","E","T","R","B",null,"M","?","?","$","T","R","E","M","T","E","R","?","M","?","R","B"],"character_chosen":"DEFECT","items_purchased":["Lee\u0027s Waffle","Hello World","Aggregate","Conserve Battery","Bag of Marbles","Skim","Loop"],"campfire_rested":2,"item_purchase_floors":[4,11,11,11,11,21,21],"current_hp_per_floor":[64,53,48,78,78,78,71,50,50,50,50,42,22,22,22,9,61,61,39,33,33,33,57,49,43,43,32,32,3,3,3,20,0,0],"gold":259,"neow_bonus":"THREE_ENEMY_KILL","is_daily":false,"chose_seed":false,"campfire_upgraded":3,"win_rate":0.0,"timestamp":1611530203,"path_taken":["M","?","?","$","M","E","M","E","T","R","$","M","E","?","R","BOSS","M","?","?","$","?","R","E","M","T","E","R","?","M","?","R","BOSS"],"items_purchased_type":["Relic","Card","Card","Card","Relic","Card","Card"],"build_version":"2020-12-22","purchased_purges":0,"victory":false,"max_hp_per_floor":[71,71,71,78,78,78,78,78,78,78,78,78,78,78,78,78,78,78,83,83,83,83,83,83,83,83,83,83,83,83,58,58,58,58],"relic_stats":{"Lee\u0027s Waffle":30,"Torii":40,"counters":[15,82],"Mummified Hand":[25],"Blue Candle":[0],"Tiny Chest":1,"Pen Nib":[9],"Bag of Preparation":[6],"Question Card":13,"obtain_stats":[{"Lee\u0027s Waffle":4,"NeowsBlessing":0,"Torii":6,"Blue Candle":13,"Oddly Smooth Stone":22,"Pen Nib":26,"Bag of Preparation":27,"Question Card":3,"Old Coin":9,"FrozenCore":17,"Anchor":14,"Mummified Hand":24,"Tiny Chest":8,"Bag of Marbles":11,"Red Mask":29,"Cracked Core":0},{"Lee\u0027s Waffle":1,"NeowsBlessing":0,"Torii":3,"Blue Candle":7,"Oddly Smooth Stone":9,"Pen Nib":11,"Bag of Preparation":12,"Question Card":1,"Old Coin":5,"FrozenCore":8,"Anchor":7,"Mummified Hand":10,"Tiny Chest":5,"Bag of Marbles":5,"Red Mask":13,"Cracked Core":0},{"Lee\u0027s Waffle":1,"NeowsBlessing":0,"Torii":3,"Blue Candle":20,"Oddly Smooth Stone":39,"Pen Nib":54,"Bag of Preparation":60,"Question Card":1,"Old Coin":13,"FrozenCore":33,"Anchor":20,"Mummified Hand":47,"Tiny Chest":13,"Bag of Marbles":13,"Red Mask":64,"Cracked Core":0}],"FrozenCore":[18]},"card_choices":[{"not_picked":["Stack","Barrage"],"picked":"Gash","floor":1},{"not_picked":["Steam Power","Conserve Battery","FTL"],"picked":"Gash","floor":5},{"not_picked":["Multi-Cast","Auto Shields","Barrage"],"picked":"Undo","floor":6},{"not_picked":["Barrage","Glacier","Loop"],"picked":"Sweeping Beam","floor":7},{"not_picked":["Ball Lightning","Gash","Beam Cell"],"picked":"Hello World","floor":8},{"not_picked":["Barrage","Darkness","Auto Shields"],"picked":"Force Field","floor":12},{"not_picked":["Streamline","Multi-Cast","Rip and Tear"],"picked":"Gash","floor":13},{"not_picked":["Amplify","Rainbow","Thunder Strike"],"picked":"Core Surge","floor":16},{"not_picked":["Beam Cell","Sweeping Beam","Coolheaded"],"picked":"Go for the Eyes+1","floor":18},{"not_picked":["Reinforced Body","Turbo","Barrage"],"picked":"Storm","floor":24},{"not_picked":["Scrape","Tempest","Double Energy"],"picked":"Skim+1","floor":25},{"not_picked":["Hyperbeam","Consume+1","Go for the Eyes+1"],"picked":"Turbo","floor":27},{"not_picked":["Redo","Consume","Leap"],"picked":"Turbo","floor":29},{"not_picked":["Leap","Go for the Eyes","Consume"],"picked":"Force Field","floor":30}],"player_experience":1357949,"relics_obtained":[{"floor":6,"key":"Torii"},{"floor":8,"key":"Tiny Chest"},{"floor":9,"key":"Old Coin"},{"floor":13,"key":"Blue Candle"},{"floor":14,"key":"Anchor"},{"floor":22,"key":"Oddly Smooth Stone"},{"floor":24,"key":"Mummified Hand"},{"floor":26,"key":"Pen Nib"},{"floor":27,"key":"Bag of Preparation"},{"floor":29,"key":"Red Mask"}],"event_choices":[{"damage_healed":0,"gold_gain":75,"player_choice":"Gather Gold","damage_taken":11,"max_hp_gain":0,"max_hp_loss":0,"event_name":"World of Goop","floor":2,"gold_loss":0},{"damage_healed":0,"gold_gain":0,"player_choice":"Success","damage_taken":5,"relics_obtained":["Question Card"],"max_hp_gain":0,"max_hp_loss":0,"event_name":"Scrap Ooze","floor":3,"gold_loss":0},{"damage_healed":0,"gold_gain":0,"player_choice":"Shed Blood","damage_taken":27,"max_hp_gain":5,"max_hp_loss":0,"event_name":"Forgotten Altar","floor":19,"gold_loss":0},{"damage_healed":0,"gold_gain":0,"player_choice":"","damage_taken":6,"max_hp_gain":0,"max_hp_loss":0,"event_name":"Knowing Skull","floor":20,"potions_obtained":[],"gold_loss":0,"cards_obtained":[]},{"damage_healed":0,"gold_gain":0,"player_choice":"Fought Bandits","damage_taken":0,"max_hp_gain":0,"max_hp_loss":0,"event_name":"Masked Bandits","floor":29,"gold_loss":0},{"damage_healed":0,"gold_gain":0,"player_choice":"Became a vampire","damage_taken":0,"max_hp_gain":0,"max_hp_loss":25,"event_name":"Vampires","floor":31,"gold_loss":0,"cards_obtained":["Bite","Bite","Bite","Bite","Bite"]}],"is_beta":false,"boss_relics":[{"not_picked":["Velvet Choker","Ectoplasm"],"picked":"FrozenCore"}],"items_purged_floors":[],"is_endless":false,"potions_floor_spawned":[5,8,12,13,16,30],"killed_by":"Champ","ascension_level":20}}