{"host":"5gc11emcm5chfr5t","time":1611527558,"event":{"mods":["2.2 Compatiblity","AchievementEnabler","BaseMod","Bestiary","Better Note","Colored Map","Colored Powertips","Downfall","Googly Eyes","Minty Spire (QoL Compilation)","Rare Cards Sparkle","StSLib"],"gold_per_floor":[99,99,99,24,324,324,324,350,64,64,92,111,11,37,47,47,47,47],"floor_reached":16,"language":"ENG","playtime":461,"items_purged":["Regret","Pain"],"score":278,"play_id":"3fc3ef03-e3cd-4b2e-ac2b-3352147a029d","local_time":"20210124173238","is_ascension_mode":true,"campfire_choices":[{"floor":1,"key":"RECALL"},{"data":"sneckomod:CheapStock","floor":10,"key":"SMITH"},{"floor":13,"key":"REST"}],"circlet_count":0,"master_deck":["AscendersBane","sneckomod:Strike","sneckomod:Strike","sneckomod:Strike","sneckomod:Defend","sneckomod:Defend","sneckomod:Defend","sneckomod:TailWhip","sneckomod:SnekBite","sneckomod:Unknown","sneckomod:Unknown","sneckomod:WideSting","sneckomod:UnknownStrength","downfall:Icky","downfall:Icky","downfall:Icky","sneckomod:CheapStock+1","sneckomod:UnknownCommonSkill","sneckomod:PureSnecko","sneckomod:UnknownDraw","sneckomod:SlitherStrike+1","sneckomod:Unknown2Cost"],"relics":["sneckomod:SneckoSoul","downfall:HeartsMalice","bronze:BronzeIdol","WarpedTongs","Anchor","ClockworkSouvenir","Molten Egg 2","downfall:HeartBlessingRed","Tiny Chest"],"acts_visited":["Exordium"],"potions_floor_usage":[9,11,16,16],"damage_taken":[{"damage":0,"enemies":"2 Louse","floor":2,"turns":1},{"damage":0,"enemies":"downfall:FleeingMerchant","floor":4,"turns":1},{"damage":0,"enemies":"Gremlin Nob","floor":8,"turns":1},{"damage":11,"enemies":"downfall:FleeingMerchant","floor":9,"turns":4},{"damage":14,"enemies":"Lagavulin","floor":11,"turns":9},{"damage":0,"enemies":"Cultist","floor":12,"turns":5},{"damage":41,"enemies":"Gremlin Nob","floor":14,"turns":6},{"damage":2,"enemies":"Jaw Worm","floor":15,"turns":3},{"damage":50,"enemies":"WA_ARCHETYPE_RETAIN","floor":16,"turns":4}],"seed_played":"-6412715304464177745","potions_obtained":[{"floor":8,"key":"EntropicBrew"},{"floor":11,"key":"sneckomod:MuddlingPotion"},{"floor":14,"key":"BlessingOfTheForge"},{"floor":15,"key":"Strength Potion"}],"is_trial":false,"path_per_floor":["R","M","?","$","?","?","T","E","$","R","E","M","R","E","M","B"],"character_chosen":"THE_SNECKO","items_purchased":["ClockworkSouvenir"],"campfire_rested":1,"item_purchase_floors":[9],"current_hp_per_floor":[75,75,75,75,75,75,75,75,64,64,50,50,74,33,31,0,0,0],"gold":47,"neow_bonus":"THREE_ENEMY_KILL","is_daily":false,"chose_seed":false,"campfire_upgraded":1,"win_rate":0.0,"timestamp":1611527558,"path_taken":["R","M","?","$","?","?","T","E","$","R","E","M","R","E","M","BOSS"],"items_purchased_type":["Relic"],"build_version":"2020-12-22","purchased_purges":2,"victory":false,"max_hp_per_floor":[83,83,83,83,83,83,83,83,83,83,83,83,83,83,83,83,83,83],"card_choices":[{"not_picked":["sneckomod:DiceBlock","sneckomod:UnknownDraw"],"picked":"sneckomod:WideSting","floor":2},{"not_picked":["sneckomod:Nope","sneckomod:UnknownUncommonSkill"],"picked":"sneckomod:UnknownStrength","floor":4},{"not_picked":["sneckomod:RainOfDice","sneckomod:UnknownClassSLIMEBOUND"],"picked":"sneckomod:CheapStock","floor":8},{"not_picked":["sneckomod:Unknown1Cost","sneckomod:RainOfDice"],"picked":"sneckomod:UnknownCommonSkill","floor":9},{"not_picked":["sneckomod:SnekBeam+1","sneckomod:SoulDraw"],"picked":"sneckomod:PureSnecko","floor":11},{"not_picked":["sneckomod:RainOfDice+1","sneckomod:UnknownVulnerable"],"picked":"sneckomod:UnknownDraw","floor":12},{"not_picked":["sneckomod:ImprovisedGuard","sneckomod:UnknownClassTHE_BRONZE_AUTOMATON"],"picked":"sneckomod:SlitherStrike+1","floor":14},{"not_picked":["sneckomod:PureSnecko","sneckomod:UnknownClassTHE_BRONZE_AUTOMATON"],"picked":"sneckomod:Unknown2Cost","floor":15}],"player_experience":567577,"relics_obtained":[{"floor":8,"key":"Anchor"},{"floor":11,"key":"Molten Egg 2"},{"floor":14,"key":"Tiny Chest"}],"event_choices":[{"damage_healed":0,"gold_gain":0,"player_choice":"Box","damage_taken":0,"relics_obtained":["bronze:BronzeIdol"],"max_hp_gain":0,"max_hp_loss":0,"event_name":"Big Fish","floor":3,"gold_loss":0,"cards_obtained":["Regret"]},{"damage_healed":0,"gold_gain":0,"player_choice":"Rummage","damage_taken":0,"relics_obtained":["WarpedTongs"],"max_hp_gain":0,"max_hp_loss":0,"event_name":"Accursed Blacksmith","floor":6,"gold_loss":0,"cards_obtained":["Pain"]}],"is_beta":false,"boss_relics":[],"items_purged_floors":[4,9],"is_endless":false,"potions_floor_spawned":[8,11,15],"killed_by":"WA_ARCHETYPE_RETAIN","ascension_level":20}}