{"host":"j019w4cyowrad0mf","time":1611492230,"event":{"mods":["2.2 Compatiblity","Act Like it!","BaseMod","CapriCore","Gensokyo","HololiveMod","Marisa????????","Minty Spire (QoL Compilation)","Reimu??????","StSLib","Waifu the Spire","WarShipGirlsR/????R mod"],"gold_per_floor":[78,8,8,22,34,68,68,68,68,68,98,98,128,142,142,243,243,256,276,0,11,29,29,29,29,29,29,29,29,29,29,29,124,124,137,47,47,47,64,64,90,90,164,164,178,178,178,192,192,192,192,192,46,73,73],"floor_reached":56,"language":"ENG","playtime":3285,"items_purged":[],"score":1708,"play_id":"efe2d605-5749-4b5c-be8a-c63057a875f5","local_time":"20210124044350","is_ascension_mode":true,"campfire_choices":[{"data":"Hololive_CallYozoraMel","floor":8,"key":"SMITH"},{"data":"Hololive_CallHoshimachiSuisei","floor":15,"key":"SMITH"},{"data":"Hololive_HuntDinosaur","floor":23,"key":"SMITH"},{"data":"Hololive_Yoholoon","floor":24,"key":"SMITH"},{"data":"Hololive_DurableLive","floor":25,"key":"SMITH"},{"data":"Hololive_MaximGun","floor":28,"key":"SMITH"},{"data":"Hololive_CallAkaiHaato","floor":32,"key":"SMITH"},{"data":"Gensokyo:ShootingStar","floor":40,"key":"SMITH"},{"data":"Hololive_IdolExercise","floor":42,"key":"SMITH"},{"floor":44,"key":"RECALL"},{"data":"Hololive_CallMurasakiShion","floor":46,"key":"SMITH"},{"data":"Hololive_CallOkamiMio","floor":47,"key":"SMITH"},{"data":"Hololive_ILoveYou","floor":49,"key":"SMITH"},{"data":"Hololive_CocoNews","floor":52,"key":"SMITH"}],"circlet_count":0,"master_deck":["Hololive_Yoholoon+1","Hololive_CallMoonaHoshinova+1","Hololive_CallHoshimachiSuisei+1","Hololive_CallYozoraMel+1","Hololive_CallAiraniIofifteen+1","Hololive_CallOkamiMio+1","Hololive_CocoNews","Hololive_HuntDinosaur+1","Hololive_CallMurasakiShion+1","Hololive_CallAkaiHaato+1","Hololive_ILoveYou+1","Hololive_CallTokinoSora+1","Hololive_DurableLive+1","Hololive_HuntDinosaur+1","Hololive_MaximGun+1","Hololive_CallAyundaRisu+1","Hololive_CallHimemoriLuna+1","Hololive_CocoNews+1","Hololive_CallAkiRosenthal+1","Gensokyo:ShootingStar+1","Hololive_IdolExercise+1","Hololive_CocoNews+1","Gensokyo:CustomPotion","Hololive_CallKiryuuCoco+1","Hololive_CallYozoraMel+1","Hololive_HuntDinosaur+1","Hololive_CallShiranuiFlare+1","Hololive_HuntDinosaur+1"],"relics":["Hololive_TheStar","Ancient Tea Set","Gensokyo:OccultBall","Frozen Egg 2","Matryoshka","Gensokyo:PortableGap","Hololive_FriedShrimpLion","Bag of Preparation","SlaversCollar","Orichalcum","Pear","Gensokyo:RedStar","Runic Dome","Letter Opener","Bronze Scales","TentaclePot:ReiMu","Mastiff:ReiMu"],"acts_visited":["Exordium","Gensokyo:Gensokyo","Gensokyo:Gensokyoer","TheEnding"],"potions_floor_usage":[21,55],"damage_taken":[{"damage":0,"enemies":"Gensokyo:Gryphon","floor":1,"turns":4},{"damage":0,"enemies":"Gensokyo:2_Kodama","floor":4,"turns":4},{"damage":0,"enemies":"Gensokyo:3_Fairies","floor":5,"turns":4},{"damage":0,"enemies":"Gensokyo:Aya","floor":6,"turns":6},{"damage":0,"enemies":"Gensokyo:Mamizou","floor":11,"turns":4},{"damage":0,"enemies":"Gensokyo:Aya","floor":13,"turns":4},{"damage":0,"enemies":"Gensokyo:3_Kodama","floor":14,"turns":3},{"damage":0,"enemies":"Gensokyo:Kokoro","floor":16,"turns":6},{"damage":4,"enemies":"Gensokyo:CosmicMonolith","floor":18,"turns":5},{"damage":0,"enemies":"Gensokyo:Chomper","floor":19,"turns":4},{"damage":0,"enemies":"Gensokyo:Monolith_and_Dog","floor":21,"turns":5},{"damage":35,"enemies":"Gensokyo:3_Gloops","floor":22,"turns":7},{"damage":0,"enemies":"Gensokyo:Kaguya","floor":33,"turns":6},{"damage":0,"enemies":"Gensokyo:AncientGuardian","floor":35,"turns":3},{"damage":0,"enemies":"Gensokyo:3_Bats","floor":39,"turns":3},{"damage":0,"enemies":"Gensokyo:Doremy","floor":41,"turns":4},{"damage":0,"enemies":"Gensokyo:SeedOfUnknown","floor":45,"turns":3},{"damage":0,"enemies":"Gensokyo:Sharpion","floor":48,"turns":3},{"damage":0,"enemies":"Gensokyo:Scarlet_Devils","floor":50,"turns":6},{"damage":0,"enemies":"Shield and Spear","floor":54,"turns":5},{"damage":16,"enemies":"The Heart","floor":55,"turns":8}],"seed_played":"8509361591147453865","potions_obtained":[{"floor":4,"key":"GrandPatriotsElixir:ReiMu"},{"floor":6,"key":"BlessingOfTheForge"},{"floor":13,"key":"Ancient Potion"},{"floor":18,"key":"Energy Potion"},{"floor":41,"key":"Block Potion"}],"is_trial":false,"path_per_floor":["M","?","?","M","M","E","$","R","T","?","E","?","E","M","R","B",null,"M","M","?","M","M","R","R","R","T","?","R","$","?","$","R","B",null,"M","?","?","$","M","R","E","R","T","R","M","R","R","M","R","B",null,"R","$","E","B",null],"character_chosen":"Hololive_HololiveCharacter","items_purchased":["TentaclePot:ReiMu"],"campfire_rested":0,"item_purchase_floors":[53],"current_hp_per_floor":[35,35,35,35,35,35,35,35,35,32,32,20,30,32,32,32,32,32,35,35,38,6,6,6,6,16,16,16,16,16,16,16,45,45,48,48,48,48,51,51,54,54,51,51,54,51,51,54,54,57,57,57,57,60,63],"gold":73,"neow_bonus":"TRANSFORM_TWO_CARDS","is_daily":false,"chose_seed":false,"campfire_upgraded":13,"win_rate":0.0,"timestamp":1611492230,"path_taken":["M","?","?","M","?","E","$","R","T","?","E","?","E","M","R","BOSS","M","?","?","?","M","R","R","R","T","?","R","$","?","?","R","BOSS","M","?","?","?","M","R","E","R","T","R","?","R","R","M","R","BOSS","R","$","E","BOSS"],"items_purchased_type":["Relic"],"build_version":"2020-12-22","purchased_purges":0,"victory":true,"max_hp_per_floor":[35,35,35,35,35,35,35,35,35,32,32,32,32,32,32,32,32,32,35,35,38,41,38,35,32,42,42,42,42,42,42,42,45,45,48,48,48,48,51,51,54,54,51,51,54,51,51,54,54,57,57,57,57,60,63],"card_choices":[{"not_picked":["Hololive_Rebound","Hololive_Breathe","Hololive_OvertimeWork"],"picked":"Hololive_HuntDinosaur","floor":1},{"not_picked":["Hololive_FlyingPonyTail","Hololive_CallAyundaRisu","Hololive_Drill"],"picked":"Hololive_CallMurasakiShion","floor":4},{"not_picked":["Hololive_CandyCastle","Hololive_FlyingPonyTail","Hololive_LuckPotion"],"picked":"Hololive_CallAkaiHaato","floor":5},{"not_picked":["Hololive_HuntDinosaur","Hololive_IdolExercise","Hololive_CallTokoyamiTowa+1"],"picked":"Hololive_ILoveYou","floor":6},{"not_picked":["Hololive_Breathe","Hololive_CallHoushouMarine+1","Hololive_CocoNews"],"picked":"Hololive_CallTokinoSora+1","floor":11},{"not_picked":["Hololive_StrengthChampion","Hololive_LuckPotion","Hololive_FlyingPonyTail"],"picked":"Hololive_DurableLive","floor":13},{"not_picked":["Hololive_Drill","Hololive_Trident","Hololive_Yoholoon"],"picked":"Hololive_HuntDinosaur","floor":14},{"not_picked":["Hololive_Recruit","Hololive_IdolExercise","Hololive_AWSL"],"picked":"Hololive_MaximGun","floor":16},{"not_picked":["Hololive_RevenueBasedLive+1","Hololive_CallRoboco+1","Hololive_BringToTrial"],"picked":"Hololive_CallAyundaRisu+1","floor":18},{"not_picked":["Hololive_Rebound","Hololive_Trident+1","Hololive_HuntDinosaur"],"picked":"Hololive_CallHimemoriLuna+1","floor":19},{"not_picked":["Hololive_OvertimeWork+1","Hololive_Psychosis+1","Hololive_Trident+1"],"picked":"Hololive_CocoNews","floor":21},{"not_picked":["Hololive_FlyingPonyTail","Hololive_Spy+1","Hololive_CocoNews"],"picked":"Hololive_CallAkiRosenthal+1","floor":22},{"not_picked":[],"picked":"Gensokyo:ShootingStar","floor":33},{"not_picked":["Hololive_ScarfAndHalo","Hololive_Recruit","Hololive_OpenUp"],"picked":"Hololive_IdolExercise","floor":33},{"not_picked":["Hololive_OvertimeWork+1","Hololive_CallHimemoriLuna+1","Hololive_ManjiGathering"],"picked":"Hololive_CocoNews+1","floor":35},{"not_picked":["Hololive_CallAkaiHaato+1","Hololive_LuckPotion+1","Hololive_HuntDinosaur+1"],"picked":"Hololive_CallKiryuuCoco+1","floor":39},{"not_picked":["Hololive_ManjiGathering","Hololive_BeCareful","Hololive_ScarfAndHalo"],"picked":"Hololive_CallYozoraMel+1","floor":41},{"not_picked":["Hololive_Drill+1","Hololive_Spy","Hololive_Breathe+1"],"picked":"Hololive_HuntDinosaur+1","floor":45},{"not_picked":["Hololive_Sequa+1","Hololive_LuckPotion+1","Hololive_CallRoboco+1"],"picked":"Hololive_CallShiranuiFlare+1","floor":48},{"not_picked":["Hololive_CallOkamiMio+1","Hololive_Psychosis","Hololive_Sequa+1"],"picked":"Hololive_HuntDinosaur+1","floor":54}],"player_experience":328863,"relics_obtained":[{"floor":6,"key":"Frozen Egg 2"},{"floor":9,"key":"Matryoshka"},{"floor":11,"key":"Hololive_FriedShrimpLion"},{"floor":13,"key":"Bag of Preparation"},{"floor":16,"key":"Gensokyo:OccultBall"},{"floor":26,"key":"Orichalcum"},{"floor":26,"key":"Pear"},{"floor":33,"key":"Gensokyo:OccultBall"},{"floor":39,"key":"Gensokyo:OccultBall"},{"floor":41,"key":"Letter Opener"},{"floor":43,"key":"Bronze Scales"},{"floor":54,"key":"Mastiff:ReiMu"}],"event_choices":[],"is_beta":false,"boss_relics":[{"not_picked":["Runic Pyramid","Velvet Choker"],"picked":"SlaversCollar"},{"not_picked":["Cursed Key","Fusion Hammer"],"picked":"Runic Dome"}],"items_purged_floors":[],"is_endless":false,"potions_floor_spawned":[4,6,13,14,18,41,48],"ascension_level":3}}