{"host":"r7z4an43h95gvocz","time":1611465713,"event":{"mods":["AchievementEnabler","BaseMod","Colored Map","Colored Powertips","Downfall","Minty Spire (QoL Compilation)","StSLib"],"gold_per_floor":[99,114,126,145,164,164,164,164,164,175,189,254,283,9,22,122,122,22,36,55,67,81,81,81,81],"floor_reached":23,"language":"ENG","playtime":1792,"items_purged":[],"score":272,"play_id":"9bb809c7-f56f-4d7b-a707-121d2dae60b2","local_time":"20210123212153","is_ascension_mode":false,"campfire_choices":[{"data":"Slimebound:Split","floor":1,"key":"SMITH"},{"data":"Slimebound:SamplingLick","floor":6,"key":"SMITH"},{"floor":9,"key":"RECALL"},{"data":"Slimebound:WasteNot","floor":18,"key":"SMITH"}],"circlet_count":0,"master_deck":["Slimebound:Strike_Slimebound","Slimebound:Strike_Slimebound","Slimebound:Tackle","Slimebound:Defend_Slimebound","Slimebound:Defend_Slimebound","Slimebound:Split+1","Slimebound:CorrosiveSpit+1","Slimebound:Prepare","Slimebound:SamplingLick+1","Slimebound:Schlurp","Slimebound:SlimeSpikes","Slimebound:RejuvenatingLick","Slimebound:ItLooksTasty","Slimebound:TongueLash","Slimebound:LivingWall","Slimebound:SlimeSpikes","Slimebound:WasteNot+1","Slimebound:SlimeSpikes+1"],"relics":["Slimebound:AbsorbEndCombat","HornCleat","CaptainsWheel","Torii","Pantograph","Empty Cage","downfall:HeartBlessingRed"],"acts_visited":["Exordium","TheCity"],"potions_floor_usage":[],"damage_taken":[{"damage":5,"enemies":"2 Louse","floor":2,"turns":3},{"damage":0,"enemies":"Cultist","floor":3,"turns":3},{"damage":0,"enemies":"Jaw Worm","floor":4,"turns":3},{"damage":8,"enemies":"Exordium Thugs","floor":5,"turns":4},{"damage":4,"enemies":"Gremlin Gang","floor":10,"turns":3},{"damage":6,"enemies":"Red Slaver","floor":11,"turns":2},{"damage":6,"enemies":"3 Sentries","floor":12,"turns":6},{"damage":0,"enemies":"Lagavulin","floor":13,"turns":4},{"damage":0,"enemies":"downfall:FleeingMerchant","floor":14,"turns":4},{"damage":0,"enemies":"Blue Slaver","floor":15,"turns":2},{"damage":0,"enemies":"SI_SHIV_ARCHETYPE","floor":16,"turns":5},{"damage":1,"enemies":"Shell Parasite","floor":19,"turns":5},{"damage":0,"enemies":"3 Byrds","floor":20,"turns":3},{"damage":16,"enemies":"Cultist and Chosen","floor":21,"turns":7},{"damage":0,"enemies":"Snecko","floor":22,"turns":5},{"damage":66,"enemies":"Gremlin Leader","floor":23,"turns":7}],"seed_played":"-5046163560295041456","potions_obtained":[{"floor":5,"key":"AttackPotion"},{"floor":11,"key":"SpeedPotion"},{"floor":12,"key":"SteroidPotion"},{"floor":16,"key":"Explosive Potion"},{"floor":19,"key":"Guardian:BlockOnCardUsePotion"}],"is_trial":false,"path_per_floor":["R","M","M","M","M","R","T","?","R","M","M","?","E","$","M","B",null,"R","M","M","M","M","E"],"character_chosen":"SLIMEBOUND","items_purchased":["Pantograph"],"campfire_rested":0,"item_purchase_floors":[14],"current_hp_per_floor":[65,60,64,65,61,61,61,61,61,65,63,63,65,65,65,65,65,65,65,65,51,59,0,0,0],"gold":81,"neow_bonus":"UPGRADE_CARD","is_daily":false,"chose_seed":false,"campfire_upgraded":3,"win_rate":0.0,"timestamp":1611465713,"path_taken":["R","M","M","M","M","R","T","?","R","M","?","?","E","?","M","BOSS","R","M","M","?","M","E"],"items_purchased_type":["Relic"],"build_version":"2020-12-22","purchased_purges":0,"victory":false,"max_hp_per_floor":[65,65,65,65,65,65,65,65,65,65,65,65,65,65,65,65,65,65,65,65,65,65,65,65,65],"card_choices":[{"not_picked":["Slimebound:GoopTackle","Slimebound:Grow"],"picked":"Slimebound:Prepare","floor":2},{"not_picked":["Slimebound:GoopSpray","Slimebound:Nibble"],"picked":"Slimebound:SamplingLick","floor":3},{"not_picked":["Slimebound:FinishingTackle","Slimebound:LeechingTouch"],"picked":"Slimebound:Schlurp","floor":4},{"not_picked":["Slimebound:LeechEnergy","Slimebound:HauntingLick"],"picked":"Slimebound:SlimeSpikes","floor":5},{"not_picked":["Slimebound:ViciousTackle","Slimebound:SplitLeeching"],"picked":"Slimebound:RejuvenatingLick","floor":10},{"not_picked":["Slimebound:LevelUp","Slimebound:SlimeTap"],"picked":"Slimebound:ItLooksTasty","floor":11},{"not_picked":["Slimebound:ServeAndProtect","Slimebound:GoopTackle"],"picked":"Slimebound:TongueLash","floor":12},{"not_picked":["Slimebound:GoopSpray","Slimebound:SplitAcid","Slimebound:SplitMire"],"picked":"SKIP","floor":13},{"not_picked":["Slimebound:FinishingTackle","Slimebound:RallyTheTroops"],"picked":"Slimebound:LivingWall","floor":14},{"not_picked":["Slimebound:BestDefense","Slimebound:Dissolve"],"picked":"Slimebound:SlimeSpikes","floor":15},{"not_picked":["Slimebound:MassFeed","Slimebound:FirmFortitude"],"picked":"Slimebound:WasteNot","floor":16},{"not_picked":["Slimebound:Repurpose","Slimebound:FinishingTackle","Slimebound:SplitBruiser+1"],"picked":"SKIP","floor":19},{"not_picked":["Slimebound:RejuvenatingLick","Slimebound:HauntingLick"],"picked":"Slimebound:SlimeSpikes+1","floor":20},{"not_picked":["Slimebound:Equalize+1","Slimebound:LivingWall","Slimebound:Prepare"],"picked":"SKIP","floor":21},{"not_picked":["Slimebound:SlimeSpikes+1","Slimebound:ComboTackle","Slimebound:LevelUp"],"picked":"SKIP","floor":22}],"player_experience":427535,"relics_obtained":[{"floor":7,"key":"HornCleat"},{"floor":12,"key":"CaptainsWheel"},{"floor":13,"key":"Torii"}],"event_choices":[],"is_beta":false,"boss_relics":[{"not_picked":["Busted Crown","Tiny House"],"picked":"Empty Cage"}],"items_purged_floors":[],"is_endless":false,"potions_floor_spawned":[5,11,12,16,19,21,22],"killed_by":"Gremlin Leader","ascension_level":0}}