{"host":"xmrw7jl1ir2912vf","time":1611528790,"event":{"mods":["BaseMod","Minty Spire (QoL Compilation)"],"gold_per_floor":[119,119,132,143,154,154,165,190,190,190,216,14,14,14,14,14,14],"floor_reached":16,"language":"ENG","playtime":1682,"items_purged":[],"score":236,"play_id":"be80c4d0-8f3f-4e2b-b309-6b34426f9f49","local_time":"20210124175310","is_ascension_mode":true,"campfire_choices":[{"data":"Cleave","floor":6,"key":"SMITH"},{"data":"Hemokinesis","floor":10,"key":"SMITH"},{"data":"Bash","floor":13,"key":"SMITH"},{"data":"Carnage","floor":15,"key":"SMITH"}],"circlet_count":0,"master_deck":["AscendersBane","Strike_R","Strike_R","Strike_R","Strike_R","Strike_R","Defend_R","Defend_R","Defend_R","Defend_R","Bash+1","Hemokinesis+1","Carnage","Cleave+1","Shrug It Off","Carnage+1"],"relics":["Burning Blood","Ice Cream","NlothsMask","Mercury Hourglass","Ornamental Fan","OrangePellets"],"acts_visited":["Exordium"],"potions_floor_usage":[8,16],"damage_taken":[{"damage":8,"enemies":"2 Louse","floor":1,"turns":3},{"damage":1,"enemies":"Cultist","floor":3,"turns":3},{"damage":9,"enemies":"Jaw Worm","floor":4,"turns":2},{"damage":8,"enemies":"Looter","floor":5,"turns":2},{"damage":9,"enemies":"Large Slime","floor":7,"turns":4},{"damage":14,"enemies":"3 Sentries","floor":8,"turns":6},{"damage":2,"enemies":"Gremlin Nob","floor":11,"turns":2},{"damage":64,"enemies":"Hexaghost","floor":16,"turns":9}],"seed_played":"5206393316061864017","potions_obtained":[{"floor":4,"key":"AttackPotion"},{"floor":8,"key":"Dexterity Potion"}],"is_trial":false,"path_per_floor":["M","?","M","M","M","R","M","E","T","R","E","$","R","?","R","B"],"character_chosen":"IRONCLAD","items_purchased":["OrangePellets","Block Potion"],"campfire_rested":0,"item_purchase_floors":[12,12],"current_hp_per_floor":[66,66,68,65,63,63,60,52,52,52,56,56,56,61,61,0,0],"gold":14,"neow_bonus":"ONE_RARE_RELIC","is_daily":false,"chose_seed":false,"campfire_upgraded":4,"win_rate":0.0,"timestamp":1611528790,"path_taken":["M","?","?","?","M","R","M","E","T","R","E","$","R","?","R","BOSS"],"items_purchased_type":["Relic","Potion"],"build_version":"2020-12-22","purchased_purges":0,"victory":false,"max_hp_per_floor":[68,68,68,68,68,68,68,68,68,68,68,68,68,73,73,73,73],"card_choices":[{"not_picked":["Havoc","Power Through","Blood for Blood"],"picked":"SKIP","floor":1},{"not_picked":["Twin Strike","Anger"],"picked":"Hemokinesis","floor":3},{"not_picked":["Dual Wield","Clash"],"picked":"Carnage","floor":4},{"not_picked":["Ghostly Armor","Heavy Blade"],"picked":"Cleave","floor":5},{"not_picked":["Perfected Strike","Power Through","Flex"],"picked":"SKIP","floor":7},{"not_picked":["Inflame","Headbutt"],"picked":"Shrug It Off","floor":8},{"not_picked":["Barricade","Infernal Blade"],"picked":"Carnage","floor":11}],"player_experience":397925,"relics_obtained":[{"floor":8,"key":"Mercury Hourglass"},{"floor":11,"key":"Ornamental Fan"}],"event_choices":[{"damage_healed":0,"gold_gain":0,"player_choice":"Trade","damage_taken":0,"relics_obtained":["NlothsMask"],"max_hp_gain":0,"max_hp_loss":0,"event_name":"FaceTrader","floor":2,"gold_loss":0},{"damage_healed":0,"gold_gain":0,"player_choice":"Donut","damage_taken":0,"max_hp_gain":5,"max_hp_loss":0,"event_name":"Big Fish","floor":14,"gold_loss":0}],"is_beta":false,"boss_relics":[],"items_purged_floors":[],"is_endless":false,"potions_floor_spawned":[4,8],"killed_by":"Hexaghost","ascension_level":15}}