{"host":"dyzdf8svqmiivg97","time":1611460129,"event":{"mods":["AchievementEnabler","BaseMod","Colored Map","DeckTracker","Minty Spire (QoL Compilation)","Permanent Neow","Quick Restart","Rare Cards Sparkle","SuperFastMode"],"gold_per_floor":[118,136,109,109,34,34,50,64,90,90,165,183,200,230,230,329,329,342,163,363,376,396,422,436,436,436],"floor_reached":25,"language":"KOR","playtime":641,"items_purged":["Pray","Defend_P"],"score":275,"play_id":"2ac140da-05a1-465e-8778-3af6f46eb75b","local_time":"20210124124849","is_ascension_mode":true,"campfire_choices":[{"data":"Eruption","floor":6.0,"key":"SMITH"},{"data":"CrushJoints","floor":10.0,"key":"SMITH"},{"data":"Meditate","floor":15.0,"key":"SMITH"}],"circlet_count":0,"master_deck":["Strike_P","Strike_P","Strike_P","Defend_P","Defend_P","Defend_P","Eruption+1","Vigilance","InnerPeace","Meditate+1","CrushJoints+1","EmptyMind","FearNoEvil","MentalFortress","Tantrum","DeusExMachina"],"relics":["PureWater","Lantern","Dream Catcher","VioletLotus","Ice Cream"],"acts_visited":["Exordium","TheCity"],"potions_floor_usage":[25,25],"damage_taken":[{"damage":14.0,"enemies":"Small Slimes","floor":1.0,"turns":3.0},{"damage":0.0,"enemies":"Cultist","floor":2.0,"turns":2.0},{"damage":0.0,"enemies":"2 Louse","floor":7.0,"turns":1.0},{"damage":15.0,"enemies":"Looter","floor":8.0,"turns":3.0},{"damage":4.0,"enemies":"Red Slaver","floor":12.0,"turns":2.0},{"damage":0.0,"enemies":"Exordium Wildlife","floor":13.0,"turns":3.0},{"damage":0.0,"enemies":"Gremlin Nob","floor":14.0,"turns":2.0},{"damage":24.0,"enemies":"Hexaghost","floor":16.0,"turns":7.0},{"damage":4.0,"enemies":"3 Byrds","floor":18.0,"turns":5.0},{"damage":0.0,"enemies":"Chosen","floor":21.0,"turns":3.0},{"damage":9.0,"enemies":"Centurion and Healer","floor":22.0,"turns":3.0},{"damage":48.0,"enemies":"Slavers","floor":23.0,"turns":4.0},{"damage":8.0,"enemies":"Cultist and Chosen","floor":24.0,"turns":4.0},{"damage":4,"enemies":"Gremlin Leader","floor":25,"turns":1}],"seed_played":"-7097099058451512008","potions_obtained":[{"floor":8.0,"key":"SteroidPotion"},{"floor":12.0,"key":"Dexterity Potion"},{"floor":22.0,"key":"GamblersBrew"},{"floor":23.0,"key":"Dexterity Potion"}],"is_trial":false,"path_per_floor":["M","M","$","?","$","R","M","M","T","R","?","M","M","E","R","B",null,"M","$","?","M","M","E","M","E"],"character_chosen":"WATCHER","items_purchased":["CrushJoints","MentalFortress"],"campfire_rested":0,"item_purchase_floors":[3,19],"current_hp_per_floor":[58,58,58,58,58,58,58,43,43,43,32,28,28,28,28,4,72,68,68,68,68,59,11,3,0,0],"gold":436,"neow_bonus":"THREE_CARDS","is_daily":false,"chose_seed":false,"campfire_upgraded":3,"win_rate":0.0,"timestamp":1611460129,"path_taken":["M","M","$","?","?","R","M","M","T","R","?","M","M","E","R","BOSS","M","$","?","?","M","E","M","E"],"items_purchased_type":["Card","Card"],"build_version":"2020-12-22","purchased_purges":2,"victory":false,"max_hp_per_floor":[72,72,72,72,72,72,72,72,72,72,72,72,72,72,72,72,72,72,72,72,72,72,72,72,72,72],"card_choices":[{"not_picked":["SignatureMove","Crescendo"],"picked":"InnerPeace","floor":0.0},{"not_picked":["Prostrate","JustLucky"],"picked":"Meditate","floor":1.0},{"not_picked":["ThirdEye","EmptyBody","Evaluate"],"picked":"SKIP","floor":2.0},{"not_picked":["FlurryOfBlows","BowlingBash"],"picked":"EmptyMind","floor":7.0},{"not_picked":["Halt","Wallop","Sanctity"],"picked":"SKIP","floor":8.0},{"not_picked":["CutThroughFate","SashWhip","FlyingSleeves"],"picked":"SKIP","floor":12.0},{"not_picked":["Alpha","ReachHeaven","CutThroughFate"],"picked":"SKIP","floor":13.0},{"not_picked":["SashWhip","WindmillStrike"],"picked":"FearNoEvil","floor":14.0},{"not_picked":["CrushJoints","BowlingBash","Study"],"picked":"SKIP","floor":18.0},{"not_picked":["SashWhip","Swivel+1"],"picked":"Tantrum","floor":21.0},{"not_picked":["Prostrate","JustLucky"],"picked":"DeusExMachina","floor":22.0},{"not_picked":["CrushJoints","Consecrate","BattleHymn"],"picked":"SKIP","floor":23.0},{"not_picked":["Evaluate+1","DeusExMachina","Wallop"],"picked":"SKIP","floor":24.0}],"player_experience":552127,"relics_obtained":[{"floor":9.0,"key":"Lantern"},{"floor":14.0,"key":"Dream Catcher"},{"floor":23.0,"key":"Ice Cream"}],"event_choices":[{"damage_healed":0.0,"max_hp_gain":0.0,"max_hp_loss":0.0,"gold_gain":0.0,"cards_transformed":["Strike_P"],"event_name":"Transmorgrifier","player_choice":"Transformed","floor":4.0,"gold_loss":0.0,"damage_taken":0.0,"cards_obtained":["Pray"]},{"damage_healed":0.0,"max_hp_gain":0.0,"max_hp_loss":0.0,"gold_gain":75.0,"event_name":"World of Goop","player_choice":"Gather Gold","floor":11.0,"gold_loss":0.0,"damage_taken":11.0},{"damage_healed":0.0,"max_hp_gain":0.0,"max_hp_loss":0.0,"gold_gain":200.0,"event_name":"Wheel of Change","player_choice":"Gold","floor":20.0,"gold_loss":0.0,"damage_taken":0.0}],"is_beta":false,"boss_relics":[{"not_picked":["Black Star","Cursed Key"],"picked":"VioletLotus"}],"items_purged_floors":[5,19],"is_endless":false,"potions_floor_spawned":[8,12,22,23],"killed_by":"Gremlin Leader","ascension_level":2}}