{"host":"tfkz8stxzb1up54p","time":1611456916,"event":{"mods":["AchievementEnabler","BaseMod","Better Note","Block Reminder","Colored Powertips","Curses Come First","Disable Question Mark Monsters","Displayed Cursed Tome","Emptier Cage","Gold Saver","Gremlin Skip","Halation","Highlight Path","Minty Spire (QoL Compilation)","Permanent Neow","Poor People Problems","Relic Filter Mod","Replay The Spire","StSLib"],"gold_per_floor":[1244,1244,1344,1359,1374,1374,1404,1404,1479,1479,1509,1524,1554,1569,1569,1669,1669,1684,1684,1699,919,934,934,964,979,979,1009,723,723,638,653,653,753,853,868,883,898,948,963,963,963,978,978,993,1018,1033,1063,1063,1063,1063],"floor_reached":51,"language":"ENG","playtime":3958,"items_purged":["ReplayTheSpireMod:Splinters","Outmaneuver"],"score":1039,"play_id":"4c222200-af05-43ef-8f33-d83e523c7b4d","local_time":"20210124025516","daily_mods":["Draft","Colorless Cards","Terminal"],"is_ascension_mode":false,"campfire_choices":[{"data":"Infinite Blades","floor":6,"key":"SMITH"},{"data":"ReplayTheSpireMod:Shiv Toss","floor":8,"key":"SMITH"},{"data":"Blind","floor":10,"key":"SMITH"},{"data":"Blur","floor":15,"key":"SMITH"},{"data":"Panache","floor":23,"key":"SMITH"},{"data":"Dash","floor":29,"key":"SMITH"},{"data":"Trip","floor":32,"key":"SMITH"},{"floor":40,"key":"DIG"},{"floor":49,"key":"DIG"}],"circlet_count":0,"master_deck":["Deflect+1","Blind+1","Infinite Blades+1","Backstab","Quick Slash","Slice+1","Slice","Hidden Blade+1","Deflect","Dagger Spray","Flying Knee","Backflip","ReplayTheSpireMod:Speed Training","Poisoned Stab","Dash+1","Dramatic Entrance","Blur+1","Caltrops","Backflip","ReplayTheSpireMod:Shiv Toss+1","Quick Slash","Blade Dance","Slice","Footwork","Panache+1","Hidden Blade+1","Quick Slash+1","Accuracy","Dagger Spray+1","Trip+1","Blur+1","Slice+1","Quick Slash","Blade Dance","Impatience+1","Dark Shackles","Sucker Punch+1","Flying Knee+1","Master of Strategy","Jack Of All Trades","Mayhem","Quick Slash","Acrobatics+1","Dark Shackles","Hidden Blade+1"],"relics":["Ring of the Snake","Toy Ornithopter","Gremlin Horn","Meat on the Bone","Dream Catcher","Anchor","Black Star","Replay:Baseball","Replay:Bottled Eggs","Tiny Chest","TwistedFunnel","Replay:Ringing Soul","Pen Nib","Snack Pack","Boot","Akabeko","DollysMirror","Bag of Marbles","Replay:Grab Bag","Replay:Wanted Poster","Painkiller Herb","Ring of Chaos","Shovel","Vajra","Garlic","Replay:Mystery Machine","halation:LettersToHer","Bottled Lightning","White Beast Statue"],"acts_visited":["Exordium","TheCity","TheBeyond"],"potions_floor_usage":[7,13,24,24,33,50,50,50],"damage_taken":[{"damage":0,"enemies":"Small Slimes","floor":1,"turns":2},{"damage":0,"enemies":"2 Louse","floor":4,"turns":1},{"damage":0,"enemies":"Jaw Worm","floor":5,"turns":1},{"damage":0,"enemies":"Gremlin Nob","floor":7,"turns":3},{"damage":0,"enemies":"3 Sentries","floor":11,"turns":3},{"damage":0,"enemies":"Lots of Slimes","floor":12,"turns":1},{"damage":0,"enemies":"Lagavulin","floor":13,"turns":5},{"damage":0,"enemies":"Gremlin Gang","floor":14,"turns":1},{"damage":0,"enemies":"The Guardian","floor":16,"turns":10},{"damage":0,"enemies":"Shell Parasite","floor":18,"turns":5},{"damage":0,"enemies":"3 Byrds","floor":20,"turns":2},{"damage":0,"enemies":"Cultist and Chosen","floor":22,"turns":4},{"damage":7,"enemies":"Slavers","floor":24,"turns":3},{"damage":0,"enemies":"Centurion and Healer","floor":25,"turns":4},{"damage":0,"enemies":"Gremlin Leader","floor":27,"turns":4},{"damage":0,"enemies":"Snake Plant","floor":31,"turns":2},{"damage":0,"enemies":"Collector","floor":33,"turns":4},{"damage":0,"enemies":"Orb Walker","floor":35,"turns":2},{"damage":0,"enemies":"3 Shapes","floor":36,"turns":2},{"damage":0,"enemies":"Spire Growth","floor":37,"turns":3},{"damage":0,"enemies":"Mind Bloom Boss Battle","floor":38,"turns":4},{"damage":0,"enemies":"Maw","floor":39,"turns":5},{"damage":0,"enemies":"Writhing Mass","floor":42,"turns":2},{"damage":0,"enemies":"Jaw Worm Horde","floor":44,"turns":1},{"damage":0,"enemies":"Spire Growth","floor":46,"turns":3},{"damage":0,"enemies":"Reptomancer","floor":47,"turns":3},{"damage":55,"enemies":"Time Eater","floor":50,"turns":9}],"seed_played":"-992185634128019100","potions_obtained":[{"floor":4,"key":"DistilledChaos"},{"floor":5,"key":"Reflective Coating"},{"floor":11,"key":"ColorlessPotion"},{"floor":22,"key":"FearPotion"},{"floor":24,"key":"ColorlessPotion"},{"floor":25,"key":"FearPotion"},{"floor":35,"key":"Fire Potion"},{"floor":37,"key":"FearPotion"},{"floor":42,"key":"BlessingOfTheForge"}],"is_trial":false,"path_per_floor":["M","?","?","M","M","R","E","R","T","R","E","M","E","M","R","B",null,"M","?","M","$","M","R","E","M","T","E","$","R","?","M","R","B",null,"?","?","?","?","?","T","?","?","T","?","T","?","E","T","T","B",null],"character_chosen":"THE_SILENT","items_purchased":["Replay:Bottled Eggs","Hidden Blade","Quick Slash+1","Tiny Chest","TwistedFunnel","Accuracy","DollysMirror","Slice+1"],"campfire_rested":0,"item_purchase_floors":[21,21,21,21,21,21,28,28],"current_hp_per_floor":[68,54,54,54,54,54,59,59,59,59,58,57,56,55,54,53,52,51,50,49,48,47,46,42,42,42,45,47,46,45,47,46,45,44,46,48,50,52,54,53,46,55,55,58,57,59,61,60,59,22],"gold":1063,"neow_bonus":"","is_daily":true,"chose_seed":false,"campfire_upgraded":7,"win_rate":0.0,"timestamp":1611456916,"path_taken":["M","?","?","M","?","R","E","R","T","R","E","M","E","?","R","BOSS","M","?","M","?","M","R","E","M","T","E","$","R","?","M","R","BOSS","?","?","?","?","?","T","?","?","T","?","?","?","E","?","T","BOSS"],"items_purchased_type":["Relic","Card","Card","Relic","Relic","Card","Relic","Card"],"build_version":"2020-12-22","purchased_purges":2,"victory":true,"max_hp_per_floor":[68,67,66,65,64,63,62,61,60,59,58,57,56,55,54,53,52,51,50,49,48,47,46,48,47,46,45,47,46,45,47,46,45,44,46,48,50,52,54,53,55,57,56,58,57,59,61,60,59,58],"card_choices":[{"not_picked":["Dagger Throw","Hidden Blade"],"picked":"Deflect","floor":0},{"not_picked":["Deadly Poison","Riddle With Holes"],"picked":"Blind","floor":0},{"not_picked":["Deadly Poison","Dagger Throw"],"picked":"Infinite Blades","floor":0},{"not_picked":["Jack Of All Trades","Concentrate"],"picked":"Backstab","floor":0},{"not_picked":["Deep Breath","Setup"],"picked":"Quick Slash","floor":0},{"not_picked":["Blade Dance","Acrobatics"],"picked":"Slice","floor":0},{"not_picked":["Sucker Punch","Prepared"],"picked":"Slice","floor":0},{"not_picked":["Dagger Spray","Acrobatics"],"picked":"Hidden Blade","floor":0},{"not_picked":["Tactician","Deadly Poison"],"picked":"Deflect","floor":0},{"not_picked":["Masterful Stab","Dagger Throw"],"picked":"Dagger Spray","floor":0},{"not_picked":["Outmaneuver","Poisoned Stab"],"picked":"Flying Knee","floor":0},{"not_picked":["Deadly Poison","Poisoned Stab"],"picked":"Backflip","floor":0},{"not_picked":["Replay:Sssssssssshield","All Out Attack"],"picked":"ReplayTheSpireMod:Speed Training","floor":0},{"not_picked":["Draining Mist","Prepared"],"picked":"Outmaneuver","floor":0},{"not_picked":["Outmaneuver","Bane"],"picked":"Poisoned Stab","floor":0},{"not_picked":["Acrobatics","Draining Mist"],"picked":"Dash","floor":1},{"not_picked":["Deflect","Blade Dance"],"picked":"Dramatic Entrance","floor":3},{"not_picked":["PiercingWail","Dagger Spray"],"picked":"Blur","floor":3},{"not_picked":["Eviscerate","Blade Dance"],"picked":"Caltrops","floor":4},{"not_picked":["Slice","Outmaneuver"],"picked":"Backflip","floor":5},{"not_picked":["Flying Knee","Doppelganger"],"picked":"ReplayTheSpireMod:Shiv Toss","floor":7},{"not_picked":["Concentrate","Backflip"],"picked":"Quick Slash","floor":11},{"not_picked":["Flying Knee","Dash"],"picked":"Blade Dance","floor":12},{"not_picked":["Dagger Throw","Acrobatics"],"picked":"Slice","floor":13},{"not_picked":["Dagger Throw","Bane"],"picked":"Footwork","floor":14},{"not_picked":["Venomology","Wraith Form v2"],"picked":"Panache","floor":16},{"not_picked":["Replay:Bootleg Shield Generator","Flying Knee","ReplayTheSpireMod:Shiv Toss+1"],"picked":"SKIP","floor":18},{"not_picked":["Prepared","Underhanded Strike+1","Well Laid Plans"],"picked":"SKIP","floor":20},{"not_picked":["Acrobatics","Cloak And Dagger"],"picked":"Dagger Spray+1","floor":22},{"not_picked":["Finesse","Reflex+1"],"picked":"Trip","floor":24},{"not_picked":["Sucker Punch","Predator","Draining Mist"],"picked":"SKIP","floor":25},{"not_picked":["Midas Touch","Replay:Poison Smokescreen","Replay:BasicMightCard"],"picked":"SKIP","floor":27},{"not_picked":["Poisoned Stab","ReplayTheSpireMod:Trickstab"],"picked":"Quick Slash","floor":31},{"not_picked":["Tactician","Fluid Movement"],"picked":"Blade Dance","floor":35},{"not_picked":["Acrobatics","Leg Sweep"],"picked":"Impatience+1","floor":36},{"not_picked":["Acrobatics","Poisoned Stab"],"picked":"Dark Shackles","floor":37},{"not_picked":["Deadly Poison+1","Dagger Throw+1"],"picked":"Sucker Punch+1","floor":38},{"not_picked":["Outmaneuver+1","Poisoned Stab"],"picked":"Flying Knee+1","floor":39},{"not_picked":["ReplayTheSpireMod:Private Reserves","Trip"],"picked":"Master of Strategy","floor":41},{"not_picked":["Bandage Up","Blind"],"picked":"Jack Of All Trades","floor":41},{"not_picked":["Flash of Steel","Good Instincts"],"picked":"Mayhem","floor":41},{"not_picked":["Toxin Wave","Dodge and Roll+1"],"picked":"Quick Slash","floor":42},{"not_picked":["Flying Knee+1","Prepared"],"picked":"Acrobatics+1","floor":44},{"not_picked":["Dagger Spray+1","Dash"],"picked":"Dark Shackles","floor":46},{"not_picked":["Flying Knee+1","Master of Strategy"],"picked":"Hidden Blade+1","floor":47}],"player_experience":1362563,"relics_obtained":[{"floor":3,"key":"Toy Ornithopter"},{"floor":7,"key":"Gremlin Horn"},{"floor":9,"key":"Meat on the Bone"},{"floor":11,"key":"Dream Catcher"},{"floor":13,"key":"Anchor"},{"floor":24,"key":"Replay:Ringing Soul"},{"floor":24,"key":"Pen Nib"},{"floor":26,"key":"Snack Pack"},{"floor":27,"key":"Boot"},{"floor":27,"key":"Akabeko"},{"floor":38,"key":"Shovel"},{"floor":40,"key":"Vajra"},{"floor":43,"key":"Garlic"},{"floor":45,"key":"Replay:Mystery Machine"},{"floor":47,"key":"halation:LettersToHer"},{"floor":47,"key":"Bottled Lightning"},{"floor":49,"key":"White Beast Statue"}],"event_choices":[{"damage_healed":0,"gold_gain":0,"player_choice":"Entered Light","damage_taken":14,"max_hp_gain":0,"max_hp_loss":0,"event_name":"Shining Light","floor":2,"gold_loss":0,"cards_upgraded":["Slice","Deflect"]},{"damage_healed":0,"gold_gain":0,"player_choice":"Obtained Relic","damage_taken":0,"relics_obtained":["Bag of Marbles"],"max_hp_gain":0,"max_hp_loss":0,"event_name":"Addict","floor":30,"gold_loss":85},{"damage_healed":0,"gold_gain":0,"player_choice":"Fight","damage_taken":0,"max_hp_gain":0,"max_hp_loss":0,"event_name":"MindBloom","floor":38,"gold_loss":0},{"damage_healed":0,"gold_gain":0,"player_choice":"Memory 3","damage_taken":10,"max_hp_gain":0,"max_hp_loss":0,"event_name":"SensoryStone","floor":41,"gold_loss":0}],"is_beta":false,"boss_relics":[{"not_picked":["SacredBark","Coffee Dripper"],"picked":"Black Star"},{"not_picked":["Runic Dome","Busted Crown"],"picked":"Replay:Grab Bag"},{"not_picked":["Philosopher\u0027s Stone","Fusion Hammer"],"picked":"Replay:Wanted Poster"},{"not_picked":["Velvet Choker","ReplayTheSpireMod:Onyx Gauntlets"],"picked":"Painkiller Herb"},{"not_picked":["Kintsugi","Snecko Eye"],"picked":"Ring of Chaos"}],"items_purged_floors":[21,28],"is_endless":false,"potions_floor_spawned":[4,5,11,22,24,25,35,37,42,46],"ascension_level":0}}