{"host":"gop1q6bv59twswbp","time":1611482685,"event":{"mods":["AlwaysNeverKeys","BaseMod","Downfall","Hermit","Minty Spire (QoL Compilation)","Permanent Neow","Rare Cards Sparkle","StSLib","The Cursed"],"gold_per_floor":[99,117,137,151,151,51,51,62,47,78,78,95,95,117,135,231,231,131,142,155,172,184,218,218,118,128,213,241,261,289,307,320,320,320,320],"floor_reached":33,"language":"ENG","playtime":5258,"items_purged":[],"score":363,"play_id":"5c38b4dc-4f02-45d8-9d5a-5e42c10faf81","local_time":"20210124050445","is_ascension_mode":false,"campfire_choices":[{"data":"champ:Taunt","floor":1,"key":"SMITH"},{"data":"champ:Backstep","floor":6,"key":"SMITH"},{"data":"champ:FlashCut","floor":11,"key":"SMITH"},{"data":"champ:CheapShot","floor":13,"key":"SMITH"},{"data":"champ:GladiatorForm","floor":18,"key":"SMITH"},{"data":"champ:VampiricStrike","floor":25,"key":"SMITH"}],"circlet_count":0,"master_deck":["champ:Strike","champ:Strike","champ:Strike","champ:Strike","champ:Defend","champ:Defend","champ:Defend","champ:Defend","champ:Execute","champ:Taunt+1","The Bomb","champ:TornadoPunch","champ:Backstep+1","champ:SwordSigil","champ:EnGarde","champ:FlashCut+1","champ:CheapShot+1","champ:BringItOn","champ:CrownThrow","champ:GladiatorForm+1","champ:PreciseThrust","champ:SkillfulDodge","champ:StanceDance+1","champ:VampiricStrike+1","champ:Duel","champ:CalledShot","champ:BringItOn+1"],"relics":["champ:ChampionCrown","Blue Candle","downfall:HeartBlessingGreen","Darkstone Periapt","Bronze Scales","Odd Mushroom","Runic Pyramid","downfall:HeartBlessingBlue","Bottled Tornado","Pear","downfall:HeartBlessingRed","Gambling Chip","StoneCalendar"],"acts_visited":["Exordium","TheCity"],"potions_floor_usage":[19,22,23,33],"damage_taken":[{"damage":5,"enemies":"Small Slimes","floor":2,"turns":4},{"damage":3,"enemies":"2 Louse","floor":3,"turns":3},{"damage":10,"enemies":"Jaw Worm","floor":4,"turns":5},{"damage":10,"enemies":"Red Slaver","floor":8,"turns":4},{"damage":20,"enemies":"downfall:FleeingMerchant","floor":9,"turns":4},{"damage":5,"enemies":"Lagavulin","floor":10,"turns":7},{"damage":0,"enemies":"2 Fungi Beasts","floor":12,"turns":2},{"damage":1,"enemies":"The Mushroom Lair","floor":14,"turns":5},{"damage":0,"enemies":"Large Slime","floor":15,"turns":4},{"damage":25,"enemies":"SI_SHIV_ARCHETYPE","floor":16,"turns":7},{"damage":0,"enemies":"Spheric Guardian","floor":19,"turns":3},{"damage":10,"enemies":"3 Byrds","floor":20,"turns":4},{"damage":0,"enemies":"Snake Plant","floor":21,"turns":4},{"damage":14,"enemies":"Chosen and Byrds","floor":22,"turns":5},{"damage":10,"enemies":"Gremlin Leader","floor":23,"turns":10},{"damage":0,"enemies":"Shelled Parasite and Fungi","floor":26,"turns":4},{"damage":24,"enemies":"Slavers","floor":28,"turns":7},{"damage":0,"enemies":"Snecko","floor":29,"turns":4},{"damage":15,"enemies":"Gremlin Leader","floor":30,"turns":9},{"damage":6,"enemies":"Snake Plant","floor":31,"turns":3},{"damage":10,"enemies":"Centurion and Healer","floor":32,"turns":5},{"damage":60,"enemies":"DF_ARCHETYPE_CLAW","floor":33,"turns":8}],"seed_played":"1475223563483936227","potions_obtained":[{"floor":3,"key":"Slimebound:ThreeZeroPotion"},{"floor":8,"key":"champ:TechniquePotion"},{"floor":10,"key":"hexamod:SoulburnPotion"},{"floor":14,"key":"Regen Potion"},{"floor":16,"key":"SpeedPotion"},{"floor":22,"key":"champ:OpenerPotion"},{"floor":26,"key":"DuplicationPotion"},{"floor":28,"key":"DuplicationPotion"}],"is_trial":false,"path_per_floor":["R","M","M","M","?","R","T","M","$","E","R","M","R","?","M","B",null,"R","M","M","M","M","E","T","R","M","?","E","M","E","M","M","B"],"character_chosen":"THE_CHAMP","items_purchased":[],"campfire_rested":0,"item_purchase_floors":[],"current_hp_per_floor":[81,76,73,73,70,70,70,70,70,65,65,65,65,64,64,39,81,91,91,91,91,87,87,97,97,97,79,65,65,65,59,59,0,0,0],"gold":320,"neow_bonus":"RANDOM_COLORLESS_2","is_daily":false,"chose_seed":false,"campfire_upgraded":6,"win_rate":0.0,"timestamp":1611482685,"path_taken":["R","M","M","M","?","R","T","M","$","E","R","M","R","?","M","BOSS","R","M","M","M","M","E","T","R","M","?","E","M","E","M","M","BOSS"],"items_purchased_type":[],"build_version":"2020-12-22","purchased_purges":0,"victory":false,"max_hp_per_floor":[81,81,81,81,81,81,81,81,81,81,81,81,81,81,81,81,81,91,91,91,91,91,91,101,101,101,101,101,101,101,101,101,101,101,101],"card_choices":[{"not_picked":["Secret Weapon","Secret Technique"],"picked":"The Bomb","floor":0},{"not_picked":["champ:Shatter","champ:Haymaker","champ:ShieldSigil"],"picked":"SKIP","floor":2},{"not_picked":["champ:Shatter","champ:RecklessLeap"],"picked":"champ:TornadoPunch","floor":3},{"not_picked":["champ:StanceDance","champ:ShieldSigil"],"picked":"champ:Backstep","floor":4},{"not_picked":["champ:PerfectedStrike","champ:EnchantSword"],"picked":"champ:SwordSigil","floor":8},{"not_picked":["champ:Parry","champ:FanOfKnives"],"picked":"champ:EnGarde","floor":9},{"not_picked":["champ:AdrenalArmor","champ:Shatter"],"picked":"champ:FlashCut","floor":10},{"not_picked":["champ:ShieldSigil","champ:CrownThrow"],"picked":"champ:CheapShot","floor":12},{"not_picked":["champ:PreciseThrust","champ:Circumvent"],"picked":"champ:BringItOn","floor":14},{"not_picked":["champ:Shatter","champ:FaceSlap"],"picked":"champ:CrownThrow","floor":15},{"not_picked":["champ:CheapShot","champ:EnchantShield"],"picked":"champ:GladiatorForm","floor":16},{"not_picked":["champ:AdrenalArmor+1","champ:PerfectedStrike","champ:Shatter"],"picked":"SKIP","floor":19},{"not_picked":["champ:ViciousMockery","champ:BringItOn"],"picked":"champ:PreciseThrust","floor":20},{"not_picked":["champ:Shatter+1","champ:BerserkersShout"],"picked":"champ:SkillfulDodge","floor":21},{"not_picked":["champ:Shatter+1","champ:BringItOn"],"picked":"champ:StanceDance+1","floor":22},{"not_picked":["champ:BladeFlurry","champ:BringItOn"],"picked":"champ:VampiricStrike","floor":23},{"not_picked":["champ:EndlessRage","champ:FancyFootwork","champ:TornadoPunch+1"],"picked":"SKIP","floor":26},{"not_picked":["champ:RisingSlash","champ:GladiatorStyle+1"],"picked":"champ:Duel","floor":28},{"not_picked":["champ:PerfectedStrike+1","champ:EnGarde+1","champ:BladeFlurry"],"picked":"SKIP","floor":29},{"not_picked":["champ:RecklessLeap","champ:EnGarde","champ:FanOfKnives"],"picked":"SKIP","floor":30},{"not_picked":["champ:CrownThrow","champ:Backstep"],"picked":"champ:CalledShot","floor":31},{"not_picked":["champ:FancyFootwork","champ:ViciousMockery"],"picked":"champ:BringItOn+1","floor":32}],"player_experience":836579,"relics_obtained":[{"floor":7,"key":"Darkstone Periapt"},{"floor":10,"key":"Bronze Scales"},{"floor":14,"key":"Odd Mushroom"},{"floor":23,"key":"Bottled Tornado"},{"floor":24,"key":"Pear"},{"floor":28,"key":"Gambling Chip"},{"floor":30,"key":"StoneCalendar"}],"event_choices":[{"damage_healed":0,"gold_gain":0,"player_choice":"Success","damage_taken":3,"relics_obtained":["Blue Candle"],"max_hp_gain":0,"max_hp_loss":0,"event_name":"Scrap Ooze","floor":5,"gold_loss":0},{"damage_healed":0,"gold_gain":0,"player_choice":"Fought Mushrooms","damage_taken":0,"max_hp_gain":0,"max_hp_loss":0,"event_name":"Mushrooms","floor":14,"gold_loss":0}],"is_beta":false,"boss_relics":[{"not_picked":["Tiny House","Calling Bell"],"picked":"Runic Pyramid"}],"items_purged_floors":[],"is_endless":false,"potions_floor_spawned":[3,8,10,14,16,22,26,28,29,31,32],"killed_by":"DF_ARCHETYPE_CLAW","ascension_level":0}}