{"host":"c97twqu0op5dg8i4","time":1611453122,"event":{"mods":["AchievementEnabler","BaseMod","Colored Map","Minty Spire (QoL Compilation)","Permanent Neow"],"gold_per_floor":[362,372,21,121,132,132,132,132],"floor_reached":7,"language":"ENG","playtime":168,"items_purged":[],"score":53,"play_id":"f9136a1f-b69c-41ca-9c29-8228a5faa882","local_time":"20210123205202","is_ascension_mode":true,"campfire_choices":[{"data":"Eruption","floor":6,"key":"SMITH"}],"circlet_count":0,"master_deck":["Strike_P","Strike_P","Strike_P","Strike_P","Defend_P","Defend_P","Defend_P+1","Defend_P","Eruption+1","Vigilance","FlyingSleeves","Tantrum","Conclude","DeusExMachina+1","PathToVictory","BowlingBash"],"relics":["PureWater","Orrery","War Paint"],"acts_visited":["Exordium"],"potions_floor_usage":[7],"damage_taken":[{"damage":0,"enemies":"Jaw Worm","floor":1,"turns":2},{"damage":2,"enemies":"Cultist","floor":2,"turns":3},{"damage":0,"enemies":"2 Louse","floor":5,"turns":1},{"damage":0,"enemies":"3 Sentries","floor":7,"turns":1}],"seed_played":"-3000816383327683447","potions_obtained":[{"floor":1,"key":"AttackPotion"},{"floor":2,"key":"SpeedPotion"}],"is_trial":false,"path_per_floor":["M","M","$","?","M","R","E"],"character_chosen":"WATCHER","items_purchased":["Orrery","War Paint","Fire Potion"],"campfire_rested":0,"item_purchase_floors":[3,3,3],"current_hp_per_floor":[65,63,63,63,63,63,63,63],"gold":132,"neow_bonus":"TWO_FIFTY_GOLD","is_daily":false,"chose_seed":false,"campfire_upgraded":1,"win_rate":0.0,"timestamp":1611453122,"path_taken":["M","M","$","?","M","R","E"],"items_purchased_type":["Relic","Relic","Potion"],"build_version":"2020-12-22","purchased_purges":0,"victory":false,"max_hp_per_floor":[65,65,65,65,65,65,65,65],"card_choices":[{"not_picked":["SashWhip","Adaptation"],"picked":"FlyingSleeves","floor":1},{"not_picked":["CrushJoints","WheelKick"],"picked":"Tantrum","floor":2},{"not_picked":["BowlingBash","WheelKick"],"picked":"Conclude","floor":3},{"not_picked":["CrushJoints","Halt"],"picked":"DeusExMachina","floor":3},{"not_picked":["CrushJoints","SashWhip"],"picked":"PathToVictory","floor":3},{"not_picked":["Crescendo","Prostrate"],"picked":"BowlingBash","floor":5}],"player_experience":294276,"relics_obtained":[],"event_choices":[{"damage_healed":0,"gold_gain":100,"player_choice":"Pray","damage_taken":0,"max_hp_gain":0,"max_hp_loss":0,"event_name":"Golden Shrine","floor":4,"gold_loss":0}],"is_beta":false,"boss_relics":[],"items_purged_floors":[],"is_endless":false,"potions_floor_spawned":[1,2],"killed_by":"3 Sentries","ascension_level":6}}