{"host":"6p0attdrtjqaih7v","time":1611473627,"event":{"mods":["2.2 Compatiblity","AchievementEnabler","Bard","BaseMod","Better Skull","Better Third Choice","Colored Powertips","Hermit","Highlight Path","Jorbs\u0027s Wanderer Trilogy","Key Reminder","Minty Spire (QoL Compilation)","Permanent Neow","Quick Restart","Random Character Button","Relic Stats","Replay The Spire","Robot Space Explorer","StSLib"],"gold_per_floor":[210,49,49,59,79,113,125,142,191,191,202,219,369,35,35,111,111,123,123,123,23,38,38,63,63,63,94,109,109,124,141,141,216,216,227,240,265,276,151,151,165,198,198,198,211,237,237,237,237,237,237],"floor_reached":52,"language":"ENG","playtime":2733,"items_purged":["Doubt","Strike_G","Dagger Spray"],"score":2233,"play_id":"06a356c6-ca08-440e-a58c-7b0113cc6413","local_time":"20210124023347","is_ascension_mode":true,"campfire_choices":[{"data":"Replay:Poison Smokescreen","floor":10,"key":"SMITH"},{"data":"Footwork","floor":15,"key":"SMITH"},{"data":"Calculated Gamble","floor":23,"key":"SMITH"},{"data":"ReplayTheSpireMod:Speed Training","floor":25,"key":"SMITH"},{"data":"Burst","floor":29,"key":"SMITH"},{"data":"Catalyst","floor":32,"key":"SMITH"},{"floor":40,"key":"REST"},{"floor":44,"key":"REST"},{"floor":47,"key":"RECALL"},{"floor":49,"key":"REST"}],"circlet_count":0,"master_deck":["AscendersBane","Defend_G","Defend_G","Defend_G","Defend_G","Defend_G","Survivor","Neutralize","Calculated Gamble+1","Replay:Poison Smokescreen+1","Blade Dance","ReplayTheSpireMod:Speed Training+1","Footwork+1","Backflip","Quick Slash","Deadly Poison","Noxious Fumes","Adrenaline","Finesse","Blade Dance","Blur+1","Burst+1","Cloak And Dagger","Catalyst+1","Poisoned Stab+1","Storm of Steel","Deflect","Dodge and Roll","Poisoned Stab+1","After Image","Blur+1"],"relics":["Ring of the Snake","TwistedFunnel","Snake Skull","Bag of Preparation","Replay:Drink Me","ReplayTheSpireMod:TigerMarble","Matryoshka","InkBottle","Fusion Hammer","Du-Vu Doll","Molten Egg 2","ReplayTheSpireMod:Lightbulb","Vampiric Spirits","Oddly Smooth Stone","keyreminder:keyreminder"],"acts_visited":["Exordium","TheCity","TheBeyond"],"potions_floor_usage":[11,24,27,33,51,51],"damage_taken":[{"damage":1,"enemies":"Cultist","floor":1,"turns":4},{"damage":0,"enemies":"2 Louse","floor":4,"turns":2},{"damage":0,"enemies":"Small Slimes","floor":5,"turns":2},{"damage":34,"enemies":"Lagavulin","floor":6,"turns":7},{"damage":0,"enemies":"Blue Slaver","floor":7,"turns":2},{"damage":0,"enemies":"Gremlin Gang","floor":8,"turns":2},{"damage":0,"enemies":"Large Slime","floor":11,"turns":5},{"damage":7,"enemies":"Exordium Wildlife","floor":12,"turns":5},{"damage":3,"enemies":"The Guardian","floor":16,"turns":8},{"damage":12,"enemies":"2 Thieves","floor":18,"turns":4},{"damage":0,"enemies":"Spheric Guardian","floor":22,"turns":4},{"damage":0,"enemies":"Book of Stabbing","floor":24,"turns":4},{"damage":0,"enemies":"Slavers","floor":27,"turns":5},{"damage":0,"enemies":"Snake Plant","floor":28,"turns":4},{"damage":0,"enemies":"Snecko","floor":30,"turns":4},{"damage":0,"enemies":"Centurion and Healer","floor":31,"turns":7},{"damage":11,"enemies":"Collector","floor":33,"turns":6},{"damage":0,"enemies":"3 Shapes","floor":35,"turns":3},{"damage":0,"enemies":"3 Darklings","floor":36,"turns":4},{"damage":0,"enemies":"Mind Bloom Boss Battle","floor":37,"turns":5},{"damage":0,"enemies":"Spire Growth","floor":38,"turns":3},{"damage":4,"enemies":"Maw","floor":41,"turns":6},{"damage":1,"enemies":"Nemesis","floor":42,"turns":4},{"damage":0,"enemies":"Jaw Worm Horde","floor":45,"turns":4},{"damage":0,"enemies":"Giant Head","floor":46,"turns":6},{"damage":0,"enemies":"Awakened One","floor":50,"turns":14},{"damage":0,"enemies":"Donu and Deca","floor":51,"turns":11}],"seed_played":"6188166916472629977","potions_obtained":[{"floor":7,"key":"DuplicationPotion"},{"floor":8,"key":"Fire Potion"},{"floor":12,"key":"GamblersBrew"},{"floor":22,"key":"Energy Potion"},{"floor":27,"key":"LifebloodPotion"},{"floor":28,"key":"LifebloodPotion"},{"floor":31,"key":"CultistPotion"},{"floor":36,"key":"Strength Potion"},{"floor":41,"key":"Strength Potion"}],"is_trial":false,"path_per_floor":["M","$","?","M","M","E","M","M","T","R","M","M","?","$","R","B",null,"M","?","?","$","M","R","E","R","T","E","M","R","M","M","R","B",null,"M","M","?","M","$","R","M","E","T","R","M","E","R","?","R","B","B",null],"character_chosen":"THE_SILENT","items_purchased":["TwistedFunnel","Noxious Fumes","Adrenaline","Finesse"],"campfire_rested":3,"item_purchase_floors":[2,14,14,14],"current_hp_per_floor":[58,58,58,58,58,24,24,24,24,24,24,17,17,17,17,14,41,29,29,60,60,60,60,60,60,60,60,60,60,60,60,60,49,57,57,57,57,57,57,60,56,55,55,60,60,60,60,60,60,60,60],"gold":237,"neow_bonus":"HUNDRED_GOLD","is_daily":false,"chose_seed":false,"campfire_upgraded":6,"win_rate":0.0,"timestamp":1611473627,"path_taken":["M","?","?","M","M","E","M","M","T","R","?","M","?","$","R","BOSS","M","?","?","$","M","R","E","R","T","E","M","R","?","M","R","BOSS","M","M","?","M","$","R","M","E","T","R","M","E","R","?","R","BOSS","BOSS"],"items_purchased_type":["Relic","Card","Card","Card"],"build_version":"2020-12-22","purchased_purges":3,"victory":true,"max_hp_per_floor":[66,66,66,66,66,66,66,66,66,66,66,66,66,66,66,66,50,50,50,60,60,60,60,60,60,60,60,60,60,60,60,60,60,60,60,60,60,60,60,60,60,60,60,60,60,60,60,60,60,60,60],"relic_stats":{"counters":[27,135],"Snake Skull":[239],"Bag of Preparation":[24],"obtain_stats":[{"TwistedFunnel":2,"Vampiric Spirits":43,"Oddly Smooth Stone":46,"Snake Skull":6,"Bag of Preparation":9,"Du-Vu Doll":37,"keyreminder:keyreminder":47,"Matryoshka":26,"Molten Egg 2":42,"Fusion Hammer":34,"ReplayTheSpireMod:TigerMarble":24,"Replay:Drink Me":17,"ReplayTheSpireMod:Lightbulb":43,"InkBottle":27,"Ring of the Snake":0},{"TwistedFunnel":1,"Vampiric Spirits":23,"Oddly Smooth Stone":25,"Snake Skull":4,"Bag of Preparation":6,"Du-Vu Doll":20,"keyreminder:keyreminder":25,"Matryoshka":12,"Molten Egg 2":23,"Fusion Hammer":17,"ReplayTheSpireMod:TigerMarble":12,"Replay:Drink Me":9,"ReplayTheSpireMod:Lightbulb":23,"InkBottle":13,"Ring of the Snake":0},{"TwistedFunnel":4,"Vampiric Spirits":100,"Oddly Smooth Stone":110,"Snake Skull":15,"Bag of Preparation":19,"Du-Vu Doll":87,"keyreminder:keyreminder":110,"Matryoshka":49,"Molten Egg 2":100,"Fusion Hammer":75,"ReplayTheSpireMod:TigerMarble":49,"Replay:Drink Me":37,"ReplayTheSpireMod:Lightbulb":100,"InkBottle":54,"Ring of the Snake":0}],"InkBottle":[55],"Ring of the Snake":[54]},"card_choices":[{"not_picked":["Outmaneuver","Dodge and Roll"],"picked":"Dagger Spray","floor":1},{"not_picked":["Acrobatics","PiercingWail"],"picked":"Replay:Poison Smokescreen","floor":4},{"not_picked":["Envenom","Dodge and Roll"],"picked":"Blade Dance","floor":5},{"not_picked":["Deflect","Finisher"],"picked":"ReplayTheSpireMod:Speed Training","floor":6},{"not_picked":["Dagger Spray","Setup"],"picked":"Footwork","floor":7},{"not_picked":["Sucker Punch","Heel Hook"],"picked":"Backflip","floor":8},{"not_picked":["Slice","Backflip"],"picked":"Quick Slash","floor":11},{"not_picked":["Eviscerate","Heel Hook"],"picked":"Deadly Poison","floor":12},{"not_picked":["Unload","Night Terror"],"picked":"Storm of Steel","floor":16},{"not_picked":["Prepared","PiercingWail"],"picked":"Blade Dance","floor":18},{"not_picked":["Dagger Spray","Heel Hook"],"picked":"Blur+1","floor":22},{"not_picked":["PiercingWail","Bane"],"picked":"Burst","floor":24},{"not_picked":["Heel Hook","Accuracy"],"picked":"Cloak And Dagger","floor":27},{"not_picked":["Backflip+1","Accuracy","Deadly Poison"],"picked":"SKIP","floor":28},{"not_picked":["Outmaneuver","Dagger Spray+1"],"picked":"Catalyst","floor":30},{"not_picked":["Flying Knee","Outmaneuver"],"picked":"Poisoned Stab+1","floor":31},{"not_picked":["A Thousand Cuts","Grand Finale"],"picked":"Storm of Steel","floor":33},{"not_picked":["Quick Slash+1","Blade Dance"],"picked":"Deflect","floor":35},{"not_picked":["Terror","Flechettes+1","Dagger Throw"],"picked":"SKIP","floor":36},{"not_picked":["Concentrate","Bane"],"picked":"Dodge and Roll","floor":37},{"not_picked":["Underhanded Strike","Acrobatics"],"picked":"Poisoned Stab+1","floor":38},{"not_picked":["Dagger Throw","Masterful Stab","Outmaneuver"],"picked":"SKIP","floor":41},{"not_picked":["Night Terror","Dagger Throw+1","Dodge and Roll"],"picked":"SKIP","floor":42},{"not_picked":["Acrobatics+1","Dodge and Roll"],"picked":"After Image","floor":45},{"not_picked":["Heel Hook+1","Prepared","Underhanded Strike+1"],"picked":"SKIP","floor":46}],"player_experience":934655,"relics_obtained":[{"floor":6,"key":"Snake Skull"},{"floor":9,"key":"Bag of Preparation"},{"floor":24,"key":"ReplayTheSpireMod:TigerMarble"},{"floor":26,"key":"Matryoshka"},{"floor":27,"key":"InkBottle"},{"floor":37,"key":"Du-Vu Doll"},{"floor":42,"key":"Molten Egg 2"},{"floor":43,"key":"ReplayTheSpireMod:Lightbulb"},{"floor":43,"key":"Vampiric Spirits"},{"floor":46,"key":"Oddly Smooth Stone"}],"event_choices":[{"damage_healed":0,"gold_gain":0,"cards_transformed":["Strike_G"],"player_choice":"Transformed","damage_taken":0,"max_hp_gain":0,"max_hp_loss":0,"event_name":"Transmorgrifier","floor":3,"gold_loss":0,"cards_obtained":["Calculated Gamble"]},{"damage_healed":0,"gold_gain":150,"player_choice":"AGREE","damage_taken":0,"max_hp_gain":0,"max_hp_loss":0,"event_name":"Liars Game","floor":13,"gold_loss":0,"cards_obtained":["Doubt"]},{"damage_healed":0,"gold_gain":0,"player_choice":"Ignored","damage_taken":0,"max_hp_gain":0,"max_hp_loss":0,"event_name":"Cursed Tome","floor":19,"gold_loss":0},{"cards_removed":["Storm of Steel"],"damage_healed":21,"gold_gain":0,"player_choice":"Offered Rare","damage_taken":0,"max_hp_gain":10,"max_hp_loss":0,"event_name":"Bonfire Elementals","floor":20,"gold_loss":0},{"damage_healed":0,"gold_gain":0,"player_choice":"Fight","damage_taken":0,"max_hp_gain":0,"max_hp_loss":0,"event_name":"MindBloom","floor":37,"gold_loss":0},{"damage_healed":0,"gold_gain":0,"player_choice":"Copied","damage_taken":0,"max_hp_gain":0,"max_hp_loss":0,"event_name":"Duplicator","floor":48,"gold_loss":0,"cards_obtained":["Blur"]}],"is_beta":false,"boss_relics":[{"not_picked":["Philosopher\u0027s Stone","Snecko Heart"],"picked":"Replay:Drink Me"},{"not_picked":["Ring of Chaos","ReplayTheSpireMod:DimensionalGlitch"],"picked":"Fusion Hammer"}],"items_purged_floors":[14,21,39],"is_endless":false,"potions_floor_spawned":[7,8,12,16,22,27,28,31,36,41,46],"ascension_level":20}}