{"host":"df48i9djcn92c5sx","time":1611501368,"event":{"mods":["Act Like it!","Arknights The Spire","BaseMod","Decade(王小明)","Downfall","Gensokyo","Marisa（F雨　魔理沙）","Minty Spire (QoL Compilation)","READ ME - Guardian Mod","READ ME - Snecko Mod","Reimu（博丽灵梦）","Remilia（蕾米莉亚）","Shop Mod","StSLib","The Jungle","The Servant 0.9.4"],"gold_per_floor":[111,127,160,160,174,174,207,207,207,207,83,101,101,101,101,101,101],"floor_reached":16,"language":"ZHS","playtime":780,"items_purged":[],"score":195,"play_id":"56c9ec00-4d79-4d6e-9463-609bd5e5e6b1","local_time":"20210124231608","is_ascension_mode":true,"campfire_choices":[{"data":"DarkMatter","floor":6,"key":"SMITH"},{"data":"MasterSpark","floor":10,"key":"SMITH"},{"data":"GrandCross","floor":15,"key":"SMITH"}],"circlet_count":0,"master_deck":["AscendersBane","Strike_MRS","Strike_MRS","Strike_MRS","Strike_MRS","Defend_MRS","Defend_MRS","Defend_MRS","Defend_MRS","MasterSpark+1","UpSweep","DarkMatter+1","OrrerysSun","EscapeVelocity","Gensokyo:BlemishedSteel","GrandCross+1","Clumsy"],"relics":["MiniHakkero","NeowsBlessing","Ornamental Fan","Pear","Gensokyo:MarisaIngredientList","Gremlin Horn","Gensokyo:NagashiBinaDoll"],"acts_visited":["Exordium"],"potions_floor_usage":[12,16],"damage_taken":[{"damage":0,"enemies":"Gensokyo:Gryphon","floor":1,"turns":1},{"damage":0,"enemies":"Gensokyo:2_Kodama","floor":2,"turns":1},{"damage":0,"enemies":"Gensokyo:Mamizou","floor":3,"turns":2},{"damage":8,"enemies":"Gensokyo:3_Fairies","floor":5,"turns":4},{"damage":19,"enemies":"Gensokyo:Cirno","floor":7,"turns":9},{"damage":7,"enemies":"Gensokyo:Python_and_Kodama","floor":12,"turns":4},{"damage":49,"enemies":"Gensokyo:Kokoro","floor":16,"turns":11}],"seed_played":"-4991668276544611342","potions_obtained":[{"floor":3,"key":"GrandPatriotsElixir:ReiMu"},{"floor":7,"key":"Fire Potion"}],"is_trial":false,"path_per_floor":["M","M","?","?","M","R","E","?","T","R","COS","M","$","?","R","B"],"character_chosen":"MARISA","items_purchased":[],"campfire_rested":0,"item_purchase_floors":[],"current_hp_per_floor":[68,68,68,68,60,60,51,51,51,51,51,44,44,44,44,0,0],"gold":101,"neow_bonus":"THREE_ENEMY_KILL","is_daily":false,"chose_seed":false,"campfire_upgraded":3,"win_rate":0.0,"timestamp":1611501368,"path_taken":["M","M","?","?","M","R","E","?","T","R","COS","M","$","?","R","BOSS"],"items_purchased_type":[],"build_version":"2020-12-22","purchased_purges":0,"victory":false,"max_hp_per_floor":[75,75,75,75,75,75,85,85,85,85,85,85,85,85,85,85,85],"card_choices":[{"not_picked":["WitchLeyline","GasGiant","GalacticHalo"],"picked":"SKIP","floor":1},{"not_picked":["NonDirectionalLaser","DC"],"picked":"DarkMatter","floor":2},{"not_picked":["MagicAbsorber","LuminesStrike"],"picked":"OortCloud","floor":3},{"not_picked":["6A","NonDirectionalLaser"],"picked":"OrrerysSun","floor":5},{"not_picked":["FairyDestructionRay","ShootTheMoon"],"picked":"EscapeVelocity","floor":7},{"not_picked":["DC","IllusionStar"],"picked":"GrandCross","floor":12}],"player_experience":1466244,"relics_obtained":[{"floor":3,"key":"Ornamental Fan"},{"floor":7,"key":"Pear"},{"floor":9,"key":"Gremlin Horn"}],"event_choices":[],"is_beta":false,"boss_relics":[],"items_purged_floors":[],"is_endless":false,"potions_floor_spawned":[3,7],"killed_by":"Gensokyo:Kokoro","ascension_level":11}}