{"host":"pcbz64t4k17ey4z1","time":1611490013,"event":{"mods":["2.2 Compatiblity","AchievementEnabler","Act Like it!","Aspiration","BaseMod","Beaked The Cultist","Better Match","Better Third Choice","BetterRewards","Card Forge","Colored Map","Colored Powertips","Conspire","Disable Question Mark Monsters","Fireblade Mod","Friendly Minions","Gensokyo","GifTheSpireLib","Glutton Mod","Googly Eyes","Gremlin Mod","Hermit","Hubris","Infinite Spire","Koishi","Marisa????????","Minty Spire (QoL Compilation)","Permanent Neow","Potionbrewer","Quick Restart","Random Character Button","Rare Cards Sparkle","Relic Filter","Replay The Spire","Robot Space Explorer","Shade Mod","Shop Mod","Spicy Shops","StSLib","Stuff the Spire","SuperFastMode","The Cursed","The Druid","The Gatherer","The Hierophant","The IronCluck","The Jungle","The Marked","The Runesmith","Virulent Crown","Waifu the Spire","Wandering Minibosses","vexMod"],"gold_per_floor":[111,21,32,32,13,13,47,47,121,146,157,157,190,205,205,303,303,314,326,343,359,359,388,356,386,386,386,386,386],"floor_reached":28,"language":"ENG","playtime":2041,"items_purged":[],"score":546,"play_id":"96a50005-2788-4ed1-b494-a78e67da07ea","local_time":"20210124120653","is_ascension_mode":true,"campfire_choices":[{"data":"Runesmith:Grindstone","floor":6,"key":"SMITH"},{"data":"Runesmith:MetallurgicalResearch","floor":12,"key":"SMITH"},{"data":"Runesmith:BackupBattery","floor":15,"key":"SMITH"},{"floor":27,"key":"REST"}],"circlet_count":0,"master_deck":["Runesmith:Strike_RS","Runesmith:Defend_RS+1","Runesmith:CraftFirestone","Runesmith:Fortify","Runesmith:LithiumIon","Runesmith:BackupBattery+1","Madness+1","Runesmith:Grindstone+1","Runesmith:Terraform","Runesmith:MetallurgicalResearch+1","Runesmith:EarthShield","Runesmith:EarthShield","Runesmith:CraftIndustria","Runesmith:RuneHurl+1","Runesmith:RuneHurl","Runesmith:EarthShield","Runesmith:CraftSpiculum","Runesmith:FrozenChisel","hubris:Rewind","Runesmith:Firestorm+1"],"relics":["Hammer of Thor","Seething Fire","conspire:Boomerang","Sling","Bag of Marbles","hubris:Towel","Omamori","Frozen Egg 2","Pen Nib","Blood Vial","StuffTheSpire:RunicHypercube","vexMod:RedPlottingStone","Replay:Kaleidoscope","hubris:FunFungus"],"acts_visited":["Exordium","TheCity"],"potions_floor_usage":[10,13,16,23,25,25],"damage_taken":[{"damage":0,"enemies":"2 Louse","floor":1,"turns":3},{"damage":0,"enemies":"Small Slimes","floor":3,"turns":5},{"damage":0,"enemies":"Jaw Worm","floor":5,"turns":8},{"damage":0,"enemies":"Lagavulin","floor":7,"turns":8},{"damage":0,"enemies":"Replay:BlueRogue","floor":10,"turns":7},{"damage":0,"enemies":"Blue Slaver","floor":11,"turns":6},{"damage":18,"enemies":"Gremlin Nob","floor":13,"turns":5},{"damage":11,"enemies":"3 Louse","floor":14,"turns":5},{"damage":36,"enemies":"The Guardian","floor":16,"turns":9},{"damage":2,"enemies":"Shell Parasite","floor":18,"turns":7},{"damage":0,"enemies":"3 Byrds","floor":19,"turns":5},{"damage":0,"enemies":"Cultist and Chosen","floor":20,"turns":5},{"damage":4,"enemies":"Snake Plant","floor":21,"turns":5},{"damage":0,"enemies":"Slavers","floor":23,"turns":6},{"damage":0,"enemies":"conspire:HollyBat","floor":24,"turns":7},{"damage":13,"enemies":"Nightmare","floor":25,"turns":7},{"damage":72,"enemies":"conspire:Head Lice","floor":28,"turns":6}],"seed_played":"-3022711313144283604","potions_obtained":[{"floor":3,"key":"potionbrewer:BoundlessPotion"},{"floor":5,"key":"Reflective Coating"},{"floor":11,"key":"Regen Potion"},{"floor":14,"key":"potionbrewer:CleansingPotion"},{"floor":19,"key":"potionbrewer:HastePotion"},{"floor":20,"key":"SpeedPotion"},{"floor":24,"key":"PowerPotion"},{"floor":25,"key":"SteroidPotion"}],"is_trial":false,"path_per_floor":["M","$","M","?","M","R","E","$","T","E","M","R","E","M","R","B",null,"M","M","M","M","?","E","M","NM","T","R","E"],"character_chosen":"RUNESMITH_CLASS","items_purchased":["conspire:Boomerang","Sling","Bag of Marbles","Runesmith:LithiumIon","Madness"],"campfire_rested":1,"item_purchase_floors":[0,0,0,0,2],"current_hp_per_floor":[70,70,70,70,70,70,70,70,70,70,70,70,52,43,43,24,70,68,70,70,66,53,55,57,46,46,68,0,0],"gold":386,"neow_bonus":"","is_daily":false,"chose_seed":false,"campfire_upgraded":3,"win_rate":0.0,"timestamp":1611490013,"path_taken":["M","$","M","?","M","R","E","$","T","E","M","R","E","M","R","BOSS","M","M","M","M","?","E","M","NM","T","R","E"],"items_purchased_type":["Relic","Relic","Relic","Card","Card"],"build_version":"2020-12-22","purchased_purges":0,"victory":false,"max_hp_per_floor":[70,70,70,70,70,70,70,70,70,70,70,70,70,70,70,70,70,70,70,70,70,75,75,75,75,75,75,75,75],"card_choices":[{"not_picked":["Runesmith:ChiselStab","Runesmith:Accelerate"],"picked":"Runesmith:BackupBattery","floor":1},{"not_picked":["Runesmith:CraftMagma","Runesmith:ChiselStab"],"picked":"Runesmith:Grindstone","floor":3},{"not_picked":["Runesmith:RuneHurl","Runesmith:Repurpose"],"picked":"Runesmith:Terraform","floor":5},{"not_picked":["Runesmith:Discharge","Runesmith:CraftMagma"],"picked":"Runesmith:MetallurgicalResearch","floor":7},{"not_picked":["Runesmith:WhiteBalance","Runesmith:MakeshiftArmor","Runesmith:HammerTime"],"picked":"SKIP","floor":10},{"not_picked":["Runesmith:UnstableHammer","Runesmith:Electrocute","Runesmith:WhiteBalance"],"picked":"SKIP","floor":11},{"not_picked":["Runesmith:Augment","Runesmith:UnstableHammer"],"picked":"Runesmith:EarthShield","floor":13},{"not_picked":["Runesmith:UnstableHammer","Runesmith:HammerThrow"],"picked":"Runesmith:EarthShield","floor":14},{"not_picked":["Runesmith:GrandSlam","Runesmith:CreatorForm+1"],"picked":"Runesmith:CraftIndustria","floor":16},{"not_picked":["Runesmith:StaticCage+1","Runesmith:GrandSlam"],"picked":"Runesmith:RuneHurl+1","floor":18},{"not_picked":["Runesmith:EarthShield","Runesmith:Malloc"],"picked":"Runesmith:RuneHurl","floor":19},{"not_picked":["Runesmith:Retool+1","Runesmith:NegativeSpace"],"picked":"Runesmith:EarthShield","floor":20},{"not_picked":["Runesmith:MakeshiftArmor","Runesmith:HeatedChisel","Runesmith:RuneHurl"],"picked":"SKIP","floor":21},{"not_picked":["Runesmith:HeatedChisel+1","Runesmith:Discharge"],"picked":"Runesmith:CraftSpiculum","floor":23},{"not_picked":["Runesmith:StaticCage","Runesmith:Attraction"],"picked":"Runesmith:FrozenChisel","floor":24},{"not_picked":["ReplayTheSpireMod:??????????????????????","infinitespire:SevenWalls"],"picked":"hubris:Rewind","floor":25},{"not_picked":["Runesmith:Repurpose+1","Runesmith:HammerThrow+1"],"picked":"Runesmith:Firestorm+1","floor":25}],"player_experience":3353446,"relics_obtained":[{"floor":7,"key":"Omamori"},{"floor":9,"key":"Frozen Egg 2"},{"floor":10,"key":"Pen Nib"},{"floor":13,"key":"Blood Vial"},{"floor":23,"key":"vexMod:RedPlottingStone"},{"floor":25,"key":"Replay:Kaleidoscope"},{"floor":26,"key":"hubris:FunFungus"}],"event_choices":[{"damage_healed":0,"gold_gain":0,"player_choice":"Shed Blood","damage_taken":18,"max_hp_gain":5,"max_hp_loss":0,"event_name":"Forgotten Altar","floor":22,"gold_loss":0}],"is_beta":false,"boss_relics":[{"not_picked":["conspire:RoyalGoblet","Snecko Heart"],"picked":"StuffTheSpire:RunicHypercube"}],"items_purged_floors":[],"is_endless":false,"potions_floor_spawned":[3,5,11,14,19,20,24,25],"killed_by":"conspire:Head Lice","ascension_level":4}}