{"host":"fm9e0lfunjlbhzxv","time":1611463267,"event":{"mods":["2.2 Compatiblity","Alarm Clock","Astrologer","BaseMod","Bestiary","Better Match","Better Skull","Better Third Choice","Colored Map","Colored Powertips","Downfall","Energized Spire","Good Game Mod","Key Reminder","Magitek Elite","Minty Spire (QoL Compilation)","Permanent Neow","Random Character Button","Rare Cards Sparkle","Relic Stats","Spicy Shops","StSLib","The Administrix","The Blue Laboratory","The Bug Knight","The Disciple","The Servant 0.9.4","The Vixen","Trackpad","slay the spire mod where everything is the same but ironclad has a cowboy hat"],"gold_per_floor":[99,116,126,226,236,268,292,317,5,22,22,34,34,62,75,75,75,75],"floor_reached":16,"language":"ENG","playtime":1173,"items_purged":[],"score":140,"play_id":"78d2d830-1bdd-47f3-8856-d841857ee6ea","local_time":"20210123204107","is_ascension_mode":true,"campfire_choices":[{"floor":1,"key":"RECALL"},{"data":"sneckomod:Transmogrify","floor":11,"key":"SMITH"},{"data":"sneckomod:Unknown3Cost","floor":13,"key":"SMITH"}],"circlet_count":0,"master_deck":["sneckomod:Strike","sneckomod:Strike","sneckomod:Strike","sneckomod:Defend","sneckomod:Defend","sneckomod:Defend","sneckomod:TailWhip","sneckomod:SnekBite","sneckomod:Unknown","sneckomod:Unknown","sneckomod:UnknownBoss","sneckomod:UnknownUncommonAttack","sneckomod:QuickBite","sneckomod:PureSnecko","sneckomod:UnknownClassLichGold","sneckomod:UnknownUncommonPower","sneckomod:UnknownUncommonSkill","sneckomod:WideSting","sneckomod:Unknown3Cost+1","sneckomod:Transmogrify+1","sneckomod:QuickMove","sneckomod:UnknownExhaust","sneckomod:UnknownX"],"relics":["REME:ComplimentaryCards","Philosopher\u0027s Stone","keyreminder:keyreminder","sneckomod:SneckoCommon","Blood Vial","bronze:DecasWashers","Membership Card","Kunai"],"acts_visited":["Exordium"],"potions_floor_usage":[12],"damage_taken":[{"damage":1,"enemies":"Jaw Worm","floor":2,"turns":3},{"damage":0,"enemies":"Cultist","floor":3,"turns":2},{"damage":0,"enemies":"Small Slimes","floor":5,"turns":2},{"damage":36,"enemies":"Lagavulin","floor":6,"turns":5},{"damage":6,"enemies":"Gremlin Nob","floor":8,"turns":3},{"damage":7,"enemies":"downfall:FleeingMerchant","floor":9,"turns":4},{"damage":9,"enemies":"2 Fungi Beasts","floor":10,"turns":2},{"damage":0,"enemies":"Exordium Wildlife","floor":12,"turns":5},{"damage":41,"enemies":"Lagavulin","floor":14,"turns":6},{"damage":12,"enemies":"Exordium Thugs","floor":15,"turns":4},{"damage":20,"enemies":"DF_ARCHETYPE_STREAMLINE","floor":16,"turns":4}],"seed_played":"7180581114996595129","potions_obtained":[{"floor":8,"key":"SkillPotion"},{"floor":10,"key":"blueLaboratory:CorrosionFlask"},{"floor":14,"key":"blueLaboratory:RememoryPotion"},{"floor":15,"key":"Guardian:BlockOnCardUsePotion"}],"is_trial":false,"path_per_floor":["R","M","M","?","M","E","T","E","$","M","R","M","R","E","M","B"],"character_chosen":"THE_SNECKO","items_purchased":["Membership Card","sneckomod:Unknown3Cost","sneckomod:Transmogrify"],"campfire_rested":0,"item_purchase_floors":[9,9,9],"current_hp_per_floor":[90,89,89,89,89,53,53,49,44,37,37,39,39,27,17,0,0,0],"gold":75,"neow_bonus":"BOSS_RELIC","is_daily":false,"chose_seed":false,"campfire_upgraded":2,"win_rate":0.0,"timestamp":1611463267,"path_taken":["R","M","M","?","M","E","T","E","$","M","R","?","R","E","M","BOSS"],"items_purchased_type":["Relic","Card","Card"],"build_version":"2020-12-22","purchased_purges":0,"victory":false,"max_hp_per_floor":[90,90,90,90,90,90,90,90,90,90,90,90,90,90,90,90,90,90],"relic_stats":{"Blood Vial":14,"counters":[11,40],"Kunai":[2],"obtain_stats":[{"keyreminder:keyreminder":1,"Blood Vial":7,"REME:ComplimentaryCards":0,"sneckomod:SneckoCommon":6,"bronze:DecasWashers":8,"Philosopher\u0027s Stone":0,"Membership Card":9,"Kunai":14,"sneckomod:SneckoSoul":0},{"keyreminder:keyreminder":0,"Blood Vial":4,"REME:ComplimentaryCards":0,"sneckomod:SneckoCommon":4,"bronze:DecasWashers":5,"Philosopher\u0027s Stone":0,"Membership Card":6,"Kunai":9,"sneckomod:SneckoSoul":0},{"keyreminder:keyreminder":0,"Blood Vial":12,"REME:ComplimentaryCards":0,"sneckomod:SneckoCommon":12,"bronze:DecasWashers":15,"Philosopher\u0027s Stone":0,"Membership Card":19,"Kunai":32,"sneckomod:SneckoSoul":0}]},"card_choices":[{"not_picked":["sneckomod:UnknownDraw","sneckomod:Memorize"],"picked":"sneckomod:UnknownUncommonAttack","floor":2},{"not_picked":["sneckomod:Unknown0Cost","sneckomod:DiceCrush"],"picked":"sneckomod:QuickBite","floor":3},{"not_picked":["sneckomod:Rotation","sneckomod:QuickBite"],"picked":"sneckomod:PureSnecko","floor":5},{"not_picked":["sneckomod:SoulDraw","sneckomod:UnknownDraw"],"picked":"sneckomod:UnknownUncommonPower","floor":6},{"not_picked":["sneckomod:DiceBlock","sneckomod:UnknownVulnerable"],"picked":"sneckomod:UnknownUncommonSkill","floor":8},{"not_picked":["sneckomod:PureSnecko","sneckomod:DiceBoulder"],"picked":"sneckomod:WideSting","floor":9},{"not_picked":["sneckomod:IronFang","sneckomod:UnknownDraw"],"picked":"sneckomod:QuickMove","floor":10},{"not_picked":["sneckomod:WideSting","sneckomod:UnknownDraw"],"picked":"sneckomod:UnknownExhaust","floor":12},{"not_picked":["sneckomod:UnknownDraw","sneckomod:Unknown1Cost"],"picked":"sneckomod:UnknownX","floor":14},{"not_picked":["sneckomod:Nope","sneckomod:RainOfDice","sneckomod:DiceBlock"],"picked":"SKIP","floor":15}],"player_experience":849970,"relics_obtained":[{"floor":6,"key":"sneckomod:SneckoCommon"},{"floor":7,"key":"Blood Vial"},{"floor":8,"key":"bronze:DecasWashers"},{"floor":12,"key":"Membership Card"},{"floor":14,"key":"Membership Card"},{"floor":14,"key":"Kunai"},{"floor":15,"key":"Kunai"}],"event_choices":[],"is_beta":false,"boss_relics":[],"items_purged_floors":[],"is_endless":false,"potions_floor_spawned":[8,10,14,15],"killed_by":"DF_ARCHETYPE_STREAMLINE","ascension_level":3}}