{"host":"c6u7e77myxvw4d0m","time":1611511967,"event":{"mods":["AchievementEnabler","BaseMod","Bestiary","Colored Map","Colored Powertips","Minty Spire (QoL Compilation)","Rare Cards Sparkle","Relic Stats","everything is the same but u backflip on backflip"],"gold_per_floor":[119,34,34,50,63,93,93,93,93],"floor_reached":8,"language":"ENG","playtime":392,"items_purged":[],"score":78,"play_id":"089248d0-0154-4f03-b148-36525bc55e4e","local_time":"20210124201247","is_ascension_mode":true,"campfire_choices":[{"data":"Bash","floor":7,"key":"SMITH"}],"circlet_count":0,"master_deck":["Strike_R","Strike_R","Strike_R","Strike_R","Strike_R","Defend_R","Defend_R","Defend_R","Defend_R","Bash+1","Sword Boomerang","Dual Wield","Reaper","Feel No Pain","Barricade"],"relics":["Mark of Pain","Question Card"],"acts_visited":["Exordium"],"potions_floor_usage":[6,6,8],"damage_taken":[{"damage":7,"enemies":"Small Slimes","floor":1,"turns":3},{"damage":5,"enemies":"2 Louse","floor":4,"turns":3},{"damage":6,"enemies":"Cultist","floor":5,"turns":5},{"damage":33,"enemies":"Lagavulin","floor":6,"turns":7},{"damage":53,"enemies":"Gremlin Nob","floor":8,"turns":4}],"seed_played":"5026731887261778535","potions_obtained":[{"floor":1,"key":"DuplicationPotion"},{"floor":4,"key":"DuplicationPotion"}],"is_trial":false,"path_per_floor":["M","$","?","M","M","E","R","E"],"character_chosen":"IRONCLAD","items_purchased":["Dual Wield","AttackPotion"],"campfire_rested":0,"item_purchase_floors":[2,2],"current_hp_per_floor":[65,65,70,65,67,38,38,0,0],"gold":93,"neow_bonus":"BOSS_RELIC","is_daily":false,"chose_seed":false,"campfire_upgraded":1,"win_rate":0.0,"timestamp":1611511967,"path_taken":["M","$","?","M","M","E","R","E"],"items_purchased_type":["Card","Potion"],"build_version":"2020-12-22","purchased_purges":0,"victory":false,"max_hp_per_floor":[80,80,85,85,85,85,85,85,85],"relic_stats":{"counters":[5,22],"Question Card":0,"obtain_stats":[{"Mark of Pain":0,"Question Card":6,"Burning Blood":0},{"Mark of Pain":0,"Question Card":4,"Burning Blood":0},{"Mark of Pain":0,"Question Card":18,"Burning Blood":0}]},"card_choices":[{"not_picked":["True Grit","Warcry"],"picked":"Sword Boomerang","floor":1},{"not_picked":["Heavy Blade","True Grit"],"picked":"Reaper","floor":4},{"not_picked":["Dark Embrace","Armaments"],"picked":"Feel No Pain","floor":5},{"not_picked":["Armaments","Clothesline"],"picked":"Barricade","floor":6}],"player_experience":461584,"relics_obtained":[{"floor":6,"key":"Question Card"}],"event_choices":[{"damage_healed":0,"gold_gain":0,"player_choice":"Donut","damage_taken":0,"max_hp_gain":5,"max_hp_loss":0,"event_name":"Big Fish","floor":3,"gold_loss":0}],"is_beta":false,"boss_relics":[],"items_purged_floors":[],"is_endless":false,"potions_floor_spawned":[1,4],"killed_by":"Gremlin Nob","ascension_level":8}}