{"host":"f76kcizrccta30ww","time":1611470347,"event":{"mods":["Act Like it!","Aspiration","BaseMod","Gensokyo","Marisa（F雨　魔理沙）","Minty Spire (QoL Compilation)","Pale of the Ancients","Replay The Spire","Shop Mod","StSLib","TestMod","vexMod"],"gold_per_floor":[109,122,122,122,139,165,184,213,287,341,341,341,341,396,396,507,507,540,5,27,27,62,116,116,162,188,208,276,676,708,12,12,114,114,133,17,35,52,52,87,112,141,215,41,75,75,100,156,156,187,225,260,260,7,7,58,58,58,58,87],"floor_reached":61,"language":"ZHS","playtime":4581,"items_purged":["Pot Of Greed","Pot Of Greed","Parasite"],"score":1682,"play_id":"2fd987ec-9bac-4bf5-9551-b70bd7f11a06","local_time":"20210124143907","is_ascension_mode":true,"campfire_choices":[{"floor":13,"key":"REST"},{"floor":15,"key":"REST"},{"floor":24,"key":"REST"},{"floor":32,"key":"REST"},{"data":"Footwork","floor":46,"key":"SMITH"},{"data":"Noxious Fumes","floor":49,"key":"SMITH"},{"data":"Crippling Poison","floor":55,"key":"SMITH"},{"data":"ReplayTheSpireMod:Scrap Shanks","floor":57,"key":"SMITH"}],"circlet_count":0,"master_deck":["Strike_G","Strike_G","Strike_G","Strike_G","Strike_G","Defend_G","Defend_G","Defend_G","Defend_G","Defend_G","Survivor","Neutralize+1","ReplayTheSpireMod:Tripwire","Crippling Poison+1","Heel Hook","Deadly Poison","Dagger Spray","Endless Agony","Deadly Poison+1","Backflip+1","Corpse Explosion+1","Terror+1","Prepared+1","Deadly Poison+1","Pot Of Greed+1","Quick Slash","Blade Dance+1","Replay:Poison Smokescreen+1","Catalyst+1","Prepared+1","Blur+1","Noxious Fumes+1","Footwork+1","Dodge and Roll+1","Finesse+1","Replay:Bag of Tricks+1","Slice","Pot Of Greed+1","Bouncing Flask+1","Acrobatics+1","Blade Dance+1","ReplayTheSpireMod:Speed Training+1","Deflect+1","Sucker Punch+1","ReplayTheSpireMod:Speed Training+1","Toxin Wave+1","ReplayTheSpireMod:From All Sides","Distraction+1","Hidden Blade+1","Pot Of Greed+1","Tactician+1","ReplayTheSpireMod:Tripwire+1","Underhanded Strike+1","ReplayTheSpireMod:Scrap Shanks+1"],"relics":["Ring of the Snake","testmod-RealStoneCalender","Grinning Jar","Replay:Bandana","Toxic Egg 2","Juzu Bracelet","testmod-Muramasa","Replay:WaspNest","testmod-CardMagician","MerchantsRug","OrangePellets","testmod-TurbochargingSystem","aspiration:ChemicalBlood","testmod-Antiphasic","Smiling Mask","testmod-Charity","Question Card","testmod-DeterminationOfClimber","Vajra","Ancient Tea Set","ReplayTheSpireMod:Lightbulb","Replay:Ringing Soul","Replay:M_StaffOfTheSnake","testmod-IndustrialRevolution","testmod-AssaultLearning","paleoftheancients:Timepiece","Letter Opener","Spirit Poop","paleoftheancients:SoulOfTheShowman","aspiration:VileToxins","testmod-InfectionSource"],"acts_visited":["Exordium","TheCity","TheBeyond","paleoftheancients:PaleOfTheAncients"],"potions_floor_usage":[8,16,16,28],"damage_taken":[{"damage":0,"enemies":"Jaw Worm","floor":1,"turns":3},{"damage":0,"enemies":"Small Slimes","floor":2,"turns":3},{"damage":0,"enemies":"Cultist","floor":5,"turns":4},{"damage":16,"enemies":"3 Sentries","floor":6,"turns":5},{"damage":5,"enemies":"Looter","floor":7,"turns":3},{"damage":15,"enemies":"Gremlin Nob","floor":8,"turns":4},{"damage":17,"enemies":"3 Sentries","floor":10,"turns":5},{"damage":21,"enemies":"Gremlin Nob","floor":14,"turns":4},{"damage":13,"enemies":"Hexaghost","floor":16,"turns":5},{"damage":20,"enemies":"Spheric Guardian","floor":18,"turns":4},{"damage":19,"enemies":"2 Thieves","floor":20,"turns":3},{"damage":16,"enemies":"Shelled Parasite and Fungi","floor":22,"turns":3},{"damage":18,"enemies":"Gremlin Leader","floor":23,"turns":3},{"damage":14,"enemies":"Book of Stabbing","floor":25,"turns":5},{"damage":10,"enemies":"Snecko","floor":27,"turns":4},{"damage":0,"enemies":"Gremlin Leader","floor":28,"turns":4},{"damage":0,"enemies":"Chosen and Byrds","floor":30,"turns":3},{"damage":1,"enemies":"Champ","floor":33,"turns":7},{"damage":0,"enemies":"Orb Walker","floor":35,"turns":3},{"damage":0,"enemies":"3 Darklings","floor":37,"turns":1},{"damage":0,"enemies":"Maw","floor":38,"turns":1},{"damage":0,"enemies":"Nemesis","floor":40,"turns":1},{"damage":0,"enemies":"Spire Growth","floor":41,"turns":1},{"damage":0,"enemies":"Reptomancer","floor":42,"turns":1},{"damage":0,"enemies":"Giant Head","floor":45,"turns":1},{"damage":0,"enemies":"Writhing Mass","floor":47,"turns":2},{"damage":0,"enemies":"R_Hoarder","floor":48,"turns":4},{"damage":0,"enemies":"Replay:Hell Engine","floor":50,"turns":2},{"damage":0,"enemies":"Replay:Hell Engine","floor":51,"turns":3},{"damage":0,"enemies":"Replay:Hell Engine","floor":52,"turns":1},{"damage":0,"enemies":"Replay:Hell Engine","floor":56,"turns":2},{"damage":0,"enemies":"paleoftheancients:N","floor":60,"turns":3}],"seed_played":"-576316245322744551","potions_obtained":[{"floor":1,"key":"BlessingOfTheForge"},{"floor":2,"key":"Poison Potion"},{"floor":4,"key":"FairyPotion"},{"floor":6,"key":"Fruit Juice"},{"floor":10,"key":"Poison Potion"},{"floor":18,"key":"Block Potion"},{"floor":27,"key":"Swift Potion"},{"floor":30,"key":"Weak Potion"},{"floor":33,"key":"Doom Potion"},{"floor":35,"key":"FearPotion"},{"floor":38,"key":"FearPotion"},{"floor":40,"key":"ColorlessPotion"},{"floor":45,"key":"SteroidPotion"},{"floor":56,"key":"Reflective Coating"}],"is_trial":false,"path_per_floor":["M","M","?","?","M","E","M","E","T","E","?","?","R","E","R","B",null,"M","$","M","?","M","E","R","E","T","M","E","?","M","$","R","B",null,"M","$","M","M","?","E","M","E","T","$","E","R","M","E","R","B","M","M","?","$","R","M","R","T","?","B",null],"character_chosen":"THE_SILENT","items_purchased":["MerchantsRug","OrangePellets","testmod-TurbochargingSystem","Prepared+1","Deadly Poison+1","testmod-Charity","Footwork","Dodge and Roll+1","Finesse+1","Replay:Mystery Machine","Question Card","Vajra","aspiration:Nostalgia","ReplayTheSpireMod:Speed Training+1","aspiration:VileToxins","ReplayTheSpireMod:Tripwire+1","Underhanded Strike+1"],"campfire_rested":4,"item_purchase_floors":[19,19,19,19,19,31,31,31,31,31,31,36,44,44,54,54,54],"current_hp_per_floor":[77,77,82,82,82,66,61,51,51,34,27,27,53,32,58,45,87,67,67,48,48,32,14,40,26,26,16,16,16,16,18,44,62,108,137,140,177,218,218,264,327,388,389,394,452,452,475,529,529,668,780,970,970,972,972,1160,1160,1160,1160,1387],"gold":87,"neow_bonus":"RANDOM_COMMON_RELIC","is_daily":false,"chose_seed":false,"campfire_upgraded":4,"win_rate":0.0,"timestamp":1611470347,"path_taken":["M","M","?","?","M","E","M","E","T","E","?","?","R","E","R","BOSS","M","$","M","?","M","E","R","E","T","M","E","?","M","$","R","BOSS","M","$","M","M","?","E","M","E","T","$","E","R","M","E","R","BOSS","M","M","?","$","R","M","R","T","?","BOSS"],"items_purchased_type":["Relic","Relic","Relic","Card","Card","Relic","Card","Card","Card","Relic","Relic","Relic","Relic","Card","Relic","Card","Card"],"build_version":"2020-12-22","purchased_purges":3,"victory":true,"max_hp_per_floor":[77,77,82,82,82,82,82,87,87,87,87,87,87,87,87,87,87,87,87,87,87,87,87,87,87,87,87,87,87,87,89,89,108,108,137,140,177,218,218,264,327,388,389,394,452,452,475,529,529,668,780,970,970,972,972,1160,1160,1160,1160,1387],"card_choices":[{"not_picked":["ReplayTheSpireMod:Exploit Weakness","Fluid Movement"],"picked":"ReplayTheSpireMod:Tripwire","floor":1},{"not_picked":["ReplayTheSpireMod:Tripwire","Sucker Punch"],"picked":"Crippling Poison","floor":2},{"not_picked":["Hidden Blade","Deflect"],"picked":"Heel Hook","floor":5},{"not_picked":["Poison Darts","Choke"],"picked":"Deadly Poison","floor":6},{"not_picked":["Underhanded Strike","Deflect"],"picked":"Dagger Spray","floor":7},{"not_picked":["Deflect","Catalyst"],"picked":"Endless Agony","floor":8},{"not_picked":["Reflex+1","Masterful Stab"],"picked":"Deadly Poison+1","floor":10},{"not_picked":["Dash","Catalyst+1"],"picked":"Backflip+1","floor":14},{"not_picked":["After Image","Wraith Form v2"],"picked":"Corpse Explosion+1","floor":16},{"not_picked":["Escape Plan+1","Backflip+1"],"picked":"Terror+1","floor":18},{"not_picked":["Choke","Dodge and Roll+1"],"picked":"Quick Slash","floor":20},{"not_picked":["Dagger Throw","Deflect+1"],"picked":"Blade Dance+1","floor":22},{"not_picked":["Dodge and Roll+1","Deadly Poison+1"],"picked":"Replay:Poison Smokescreen+1","floor":23},{"not_picked":["Quick Slash","ReplayTheSpireMod:The Works+1"],"picked":"Catalyst+1","floor":25},{"not_picked":["Finisher","ReplayTheSpireMod:Shiv Toss+1"],"picked":"Prepared+1","floor":27},{"not_picked":["Dagger Throw+1","Fluid Movement"],"picked":"Blur+1","floor":28},{"not_picked":["Blur+1","Choke+1"],"picked":"Noxious Fumes","floor":30},{"not_picked":["Wraith Form v2","aspiration:Lunge","Phantasmal Killer+1"],"picked":"Replay:Bag of Tricks+1","floor":33},{"not_picked":["Predator+1","Choke+1","Deadly Poison+1"],"picked":"Slice","floor":35},{"not_picked":["Underhanded Strike+1","Sucker Punch","Blade Dance+1"],"picked":"Bouncing Flask+1","floor":37},{"not_picked":["Underhanded Strike","ReplayTheSpireMod:Speed Training+1","Draining Mist+1"],"picked":"Acrobatics+1","floor":38},{"not_picked":["Dodge and Roll+1","ReplayTheSpireMod:From All Sides","Tactician+1"],"picked":"ReplayTheSpireMod:Speed Training+1","floor":40},{"not_picked":["Hidden Blade+1","Blade Dance+1","Acrobatics+1"],"picked":"Deflect+1","floor":41},{"not_picked":["Catalyst+1","Outmaneuver+1","Slice"],"picked":"Sucker Punch+1","floor":42},{"not_picked":["Endless Agony+1","Crippling Poison+1","Blade Dance+1"],"picked":"Toxin Wave+1","floor":45},{"not_picked":["Blade Dance+1","ThirdEye+1","Skewer+1"],"picked":"ReplayTheSpireMod:From All Sides","floor":47},{"not_picked":["Infinite Blades","ThirdEye+1","Weave"],"picked":"Distraction+1","floor":48},{"not_picked":["ReplayTheSpireMod:Shiv Toss+1","Flying Knee","Fluid Movement+1"],"picked":"Hidden Blade+1","floor":51},{"not_picked":["Fluid Movement+1","ReplayTheSpireMod:The Works+1","Outmaneuver+1"],"picked":"Tactician+1","floor":52},{"not_picked":["Blade Dance+1","Sucker Punch","Predator"],"picked":"ReplayTheSpireMod:Scrap Shanks","floor":56}],"player_experience":15278,"relics_obtained":[{"floor":6,"key":"Grinning Jar"},{"floor":8,"key":"Replay:Bandana"},{"floor":9,"key":"Toxic Egg 2"},{"floor":10,"key":"Juzu Bracelet"},{"floor":14,"key":"Replay:WaspNest"},{"floor":23,"key":"vexMod:MemoryStick"},{"floor":25,"key":"aspiration:ChemicalBlood"},{"floor":26,"key":"testmod-Antiphasic"},{"floor":28,"key":"Smiling Mask"},{"floor":40,"key":"Ancient Tea Set"},{"floor":42,"key":"ReplayTheSpireMod:Lightbulb"},{"floor":43,"key":"Replay:Ringing Soul"},{"floor":45,"key":"testmod-IndustrialRevolution"},{"floor":48,"key":"testmod-AssaultLearning"},{"floor":52,"key":"paleoftheancients:SoulOfTheShowman"},{"floor":58,"key":"testmod-InfectionSource"}],"event_choices":[{"damage_healed":0,"gold_gain":0,"player_choice":"Donut","damage_taken":0,"max_hp_gain":5,"max_hp_loss":0,"event_name":"Big Fish","floor":3,"gold_loss":0},{"damage_healed":0,"gold_gain":0,"player_choice":"Success","damage_taken":7,"relics_obtained":["testmod-Muramasa"],"max_hp_gain":0,"max_hp_loss":0,"event_name":"Scrap Ooze","floor":11,"gold_loss":0},{"damage_healed":0,"gold_gain":0,"player_choice":"Swap Relic","damage_taken":0,"relics_obtained":["Cracked Core"],"max_hp_gain":0,"max_hp_loss":0,"event_name":"给自己的盒子","floor":12,"relics_lost":["Strawberry"],"gold_loss":0},{"damage_healed":0,"gold_gain":0,"player_choice":"Forge","damage_taken":0,"max_hp_gain":0,"max_hp_loss":0,"event_name":"Accursed Blacksmith","floor":21,"gold_loss":0,"cards_upgraded":["Neutralize"]},{"damage_healed":0,"gold_gain":400,"player_choice":"Sell","damage_taken":0,"max_hp_gain":0,"max_hp_loss":0,"event_name":"恩洛斯的盘子","floor":29,"relics_lost":["testmod-TestBox"],"gold_loss":0},{"damage_healed":0,"gold_gain":0,"player_choice":"Copied","damage_taken":0,"max_hp_gain":0,"max_hp_loss":0,"event_name":"Duplicator","floor":39,"gold_loss":0,"cards_obtained":["Blade Dance"]}],"is_beta":false,"boss_relics":[{"not_picked":["aspiration:WatcherSkillbook","Snecko Scales"],"picked":"testmod-CardMagician"},{"not_picked":["Sozu","SacredBark"],"picked":"testmod-DeterminationOfClimber"}],"items_purged_floors":[19,36,54],"is_endless":false,"potions_floor_spawned":[1,2,6,10,18,27,30,33,35,38,40,42,45,56],"ascension_level":1}}