{"host":"kkheweh6jrpo3b02","time":1611505234,"event":{"mods":["AchievementEnabler","BaseMod","Colored Map","Googly Eyes","Jorbs\u0027s Wanderer Trilogy","Minty Spire (QoL Compilation)","Quick Restart","Replay The Spire","StSLib","SuperFastMode","The Construct"],"gold_per_floor":[229,241,253,285,55,55,55,55,55,83,83,112,112,112,112,217,217,206,222,222,162,162,162,162],"floor_reached":23,"language":"ENG","playtime":908,"items_purged":["construct:Strike_Gold"],"score":228,"play_id":"2c70a117-6da4-4731-a264-3ae620d116e8","local_time":"20210124112034","is_ascension_mode":true,"campfire_choices":[{"data":"construct:Autoturret","floor":6,"key":"SMITH"},{"data":"construct:Autoturret+1","floor":8,"key":"SMITH"},{"data":"construct:AttackMode+1","floor":11,"key":"SMITH"},{"data":"construct:DefenseMode","floor":13,"key":"SMITH"},{"data":"construct:VentSteam+1","floor":15,"key":"SMITH"}],"circlet_count":0,"master_deck":["construct:Strike_Gold","construct:Strike_Gold","construct:Strike_Gold","construct:Defend_Gold","construct:Defend_Gold","construct:Defend_Gold","construct:Defend_Gold","construct:Defend_Gold","construct:AttackMode+2","construct:DefenseMode+1","CurseOfTheBell","construct:Autoturret+2","construct:VentSteam+2","construct:BatteryCore"],"relics":["construct:ClockworkPhoenix","Calling Bell","Replay:Wanted Poster","MawBank","Singing Bowl","CaptainsWheel","OrangePellets","Bag of Marbles","Strawberry","Blue Doll","construct:WeddingRing","Nilry\u0027s Codex"],"acts_visited":["Exordium","TheCity"],"potions_floor_usage":[10,12,16,16,23],"damage_taken":[{"damage":2,"enemies":"Small Slimes","floor":1,"turns":6},{"damage":2,"enemies":"2 Louse","floor":4,"turns":4},{"damage":16,"enemies":"Gremlin Nob","floor":10,"turns":4},{"damage":6,"enemies":"Replay:BlueRogue","floor":12,"turns":4},{"damage":44,"enemies":"The Guardian","floor":16,"turns":8},{"damage":26,"enemies":"2 Thieves","floor":18,"turns":4},{"damage":7,"enemies":"Chosen","floor":19,"turns":6},{"damage":0,"enemies":"Slavers","floor":23,"turns":1}],"seed_played":"9110689448247331477","potions_obtained":[{"floor":3,"key":"Flashbang"},{"floor":3,"key":"CultistPotion"},{"floor":3,"key":"construct:ShiftPotion"},{"floor":10,"key":"Weak Potion"},{"floor":12,"key":"SteroidPotion"},{"floor":16,"key":"Languid Potion"},{"floor":18,"key":"BlessingOfTheForge"}],"is_trial":false,"path_per_floor":["M","?","?","M","$","R","$","R","T","E","R","E","R","?","R","B",null,"M","M","?","?","?","E"],"character_chosen":"THE_CONSTRUCT_MOD","items_purchased":["construct:Autoturret","OrangePellets"],"campfire_rested":0,"item_purchase_floors":[5,5],"current_hp_per_floor":[85,85,85,85,85,85,85,85,85,78,78,74,74,74,74,30,100,76,71,55,55,34,34,34],"gold":162,"neow_bonus":"DOUBLE_BOSS_RELIC","is_daily":false,"chose_seed":false,"campfire_upgraded":5,"win_rate":0.0,"timestamp":1611505234,"path_taken":["M","?","?","?","$","R","$","R","T","E","R","E","R","?","R","BOSS","M","M","?","?","?","E"],"items_purchased_type":["Card","Relic"],"build_version":"2020-12-22","purchased_purges":1,"victory":false,"max_hp_per_floor":[87,87,87,89,89,89,89,89,89,98,98,100,100,100,100,100,100,102,104,104,104,109,109,109],"card_choices":[{"not_picked":["construct:Rollout","construct:Disrupt","construct:Anticipate"],"picked":"Singing Bowl","floor":1},{"not_picked":["construct:QuickAttack","construct:PowerUp","construct:Forcefield"],"picked":"Singing Bowl","floor":4},{"not_picked":["construct:ClusterMines","construct:Anticipate","construct:Meltdown"],"picked":"Singing Bowl","floor":10},{"not_picked":["construct:Accumulate","construct:VentSteam","construct:FocusedBeam"],"picked":"Singing Bowl","floor":12},{"not_picked":["construct:ShiftingStance","construct:ShieldGenerator"],"picked":"construct:BatteryCore","floor":16},{"not_picked":["construct:SyphonStrike+1","construct:FlashFreeze","construct:ShiftGuard"],"picked":"Singing Bowl","floor":18},{"not_picked":["construct:FlashFreeze","construct:Accumulate+1","construct:NuclearCore+1"],"picked":"Singing Bowl","floor":19}],"player_experience":492504,"relics_obtained":[{"floor":0,"key":"MawBank"},{"floor":0,"key":"Singing Bowl"},{"floor":0,"key":"CaptainsWheel"},{"floor":9,"key":"Bag of Marbles"},{"floor":10,"key":"Strawberry"},{"floor":12,"key":"Blue Doll"},{"floor":20,"key":"Nilry\u0027s Codex"}],"event_choices":[{"damage_healed":0,"gold_gain":0,"player_choice":"Grow","damage_taken":0,"max_hp_gain":0,"max_hp_loss":0,"event_name":"Living Wall","floor":2,"gold_loss":0,"cards_upgraded":["construct:AttackMode"]},{"damage_healed":0,"gold_gain":0,"player_choice":"Got Potions","damage_taken":0,"max_hp_gain":0,"max_hp_loss":0,"event_name":"Lab","floor":3,"gold_loss":0},{"damage_healed":0,"gold_gain":0,"player_choice":"Obtained Book","damage_taken":16,"max_hp_gain":0,"max_hp_loss":0,"event_name":"Cursed Tome","floor":20,"gold_loss":0},{"damage_healed":0,"gold_gain":0,"player_choice":"Shed Blood","damage_taken":26,"max_hp_gain":5,"max_hp_loss":0,"event_name":"Forgotten Altar","floor":22,"gold_loss":0}],"is_beta":false,"boss_relics":[{"not_picked":["Velvet Choker","Ring of Chaos"],"picked":"construct:WeddingRing"}],"items_purged_floors":[5],"is_endless":false,"potions_floor_spawned":[10,12,16,18],"killed_by":"Slavers","ascension_level":1}}