{"host":"u1dfzl6o6mfmauc3","time":1611452458,"event":{"mods":["2.2 Compatiblity","AchievementEnabler","BaseMod","Block Reminder","Challenge The Spire","Dark Map","Hermit","Minty Spire (QoL Compilation)","Relic Stats","Robot Space Explorer","StSLib","The Disciple"],"gold_per_floor":[117,117,135,151,326,326,17,45,45,60,76,99,117,130,130,228,228,248,267,192,192,206,237,237,270,323,342,342,342,359,12,24,24,123,123,136,146,12,12,12],"floor_reached":39,"language":"ENG","playtime":2012,"items_purged":["Doubt","Defend_G","Defend_G"],"score":489,"play_id":"667b1ccc-efa4-4ae5-b3f2-d7a7292c4fe8","local_time":"20210123204058","is_ascension_mode":true,"campfire_choices":[{"data":"Neutralize","floor":6.0,"key":"SMITH"},{"data":"Caltrops","floor":15.0,"key":"SMITH"},{"floor":24,"key":"REST"},{"floor":28,"key":"REST"},{"data":"Footwork","floor":29,"key":"SMITH"},{"data":"Adrenaline","floor":33,"key":"SMITH"}],"circlet_count":0,"master_deck":["Strike_G","Defend_G+1","Defend_G","Survivor","Neutralize+1","Flying Knee","Escape Plan","Cloak And Dagger","Leg Sweep","Caltrops+1","Adrenaline+1","Dagger Spray","Riddle With Holes","Crippling Poison+1","Blade Dance","Night Terror","Cloak And Dagger","Sucker Punch+1","Prepared","Footwork+1","Prepared","PiercingWail+1","Acrobatics","Unload","Dash"],"relics":["Ring of the Snake","NeowsBlessing","Medical Kit","Ninja Scroll","Happy Flower","Smiling Mask","Runic Pyramid","WingedGreaves","Eternal Feather","War Paint","Lee\u0027s Waffle","Vajra","Empty Cage"],"acts_visited":["Exordium","TheCity","TheBeyond"],"potions_floor_usage":[25,27,30,34],"damage_taken":[{"damage":0.0,"enemies":"Small Slimes","floor":1.0,"turns":1.0},{"damage":0.0,"enemies":"Cultist","floor":3.0,"turns":1.0},{"damage":0.0,"enemies":"Jaw Worm","floor":4.0,"turns":1.0},{"damage":21.0,"enemies":"Lagavulin","floor":8.0,"turns":10.0},{"damage":9.0,"enemies":"Exordium Wildlife","floor":10.0,"turns":2.0},{"damage":0.0,"enemies":"Looter","floor":11.0,"turns":3.0},{"damage":0.0,"enemies":"Lots of Slimes","floor":13.0,"turns":2.0},{"damage":0.0,"enemies":"Red Slaver","floor":14.0,"turns":3.0},{"damage":35.0,"enemies":"Slime Boss","floor":16.0,"turns":10.0},{"damage":4.0,"enemies":"Shell Parasite","floor":18.0,"turns":5.0},{"damage":8.0,"enemies":"2 Thieves","floor":19.0,"turns":4.0},{"damage":2.0,"enemies":"Centurion and Healer","floor":22.0,"turns":9.0},{"damage":18.0,"enemies":"Slavers","floor":23.0,"turns":7.0},{"damage":42,"enemies":"Gremlin Leader","floor":25,"turns":15},{"damage":3,"enemies":"Shelled Parasite and Fungi","floor":27,"turns":7},{"damage":42,"enemies":"Snecko","floor":30,"turns":6},{"damage":0,"enemies":"Snake Plant","floor":32,"turns":4},{"damage":26,"enemies":"Automaton","floor":34,"turns":13},{"damage":32,"enemies":"3 Darklings","floor":36,"turns":7},{"damage":16,"enemies":"3 Shapes","floor":37,"turns":6},{"damage":38,"enemies":"Maw","floor":39,"turns":11}],"seed_played":"-4821725795808920665","potions_obtained":[{"floor":1.0,"key":"SpeedPotion"},{"floor":3.0,"key":"PowerPotion"},{"floor":11.0,"key":"Swift Potion"},{"floor":16.0,"key":"FearPotion"},{"floor":19.0,"key":"SkillPotion"},{"floor":25,"key":"Block Potion"},{"floor":30,"key":"DistilledChaos"},{"floor":34,"key":"CultistPotion"},{"floor":36,"key":"Strength Potion"}],"is_trial":false,"path_per_floor":["M","?","M","M","?","R","$","E","T","M","M","T","M","M","R","B",null,"M","M","?","?","M","E","R","E","T","M","R","R","M","$","M","R","B",null,"M","M","$","M"],"character_chosen":"THE_SILENT","items_purchased":["Medical Kit","Caltrops","Explosive Potion","Lee\u0027s Waffle","Vajra","Dash","SteroidPotion"],"campfire_rested":2,"item_purchase_floors":[7,7,7,31,31,38,38],"current_hp_per_floor":[70,70,70,70,70,70,70,49,49,40,40,40,40,40,40,5,70,66,58,58,58,56,38,59,17,17,14,50,65,23,77,77,77,51,77,45,29,29,0,0],"gold":12,"neow_bonus":"THREE_ENEMY_KILL","is_daily":false,"chose_seed":false,"campfire_upgraded":4,"win_rate":0.0,"timestamp":1611452458,"path_taken":["M","?","?","M","?","R","$","E","T","M","M","?","M","M","R","BOSS","M","M","?","?","?","E","R","E","T","?","R","R","M","$","M","R","BOSS","M","M","?","M"],"items_purchased_type":["Relic","Card","Potion","Relic","Relic","Card","Potion"],"build_version":"2020-12-22","purchased_purges":3,"victory":false,"max_hp_per_floor":[70,70,70,70,70,70,70,70,70,70,70,70,70,70,70,70,70,70,70,70,70,70,70,70,70,70,70,70,70,70,77,77,77,77,77,77,77,77,77,77],"relic_stats":{"Lee\u0027s Waffle":54,"Happy Flower":[38],"counters":[21,127],"Eternal Feather":30,"War Paint":["Defend_G","Crippling Poison"],"Medical Kit":[3],"Smiling Mask":125,"obtain_stats":[{"Lee\u0027s Waffle":31,"NeowsBlessing":0,"Happy Flower":9,"Vajra":31,"Eternal Feather":25,"War Paint":26,"Medical Kit":7,"Smiling Mask":12,"Empty Cage":35,"Ninja Scroll":8,"WingedGreaves":23,"Ring of the Snake":0,"Runic Pyramid":17},{"Lee\u0027s Waffle":16,"NeowsBlessing":0,"Happy Flower":4,"Vajra":16,"Eternal Feather":14,"War Paint":14,"Medical Kit":3,"Smiling Mask":6,"Empty Cage":18,"Ninja Scroll":4,"WingedGreaves":13,"Ring of the Snake":0,"Runic Pyramid":9},{"Lee\u0027s Waffle":86,"NeowsBlessing":0,"Happy Flower":13,"Vajra":86,"Eternal Feather":73,"War Paint":73,"Medical Kit":3,"Smiling Mask":18,"Empty Cage":103,"Ninja Scroll":13,"WingedGreaves":58,"Ring of the Snake":0,"Runic Pyramid":33}],"Ring of the Snake":[42]},"card_choices":[{"not_picked":["Eviscerate","Tactician"],"picked":"Flying Knee","floor":1.0},{"not_picked":["Backstab","Prepared"],"picked":"Cloak And Dagger","floor":3.0},{"not_picked":["PiercingWail","Choke"],"picked":"Leg Sweep","floor":4.0},{"not_picked":["Dagger Throw","Bane"],"picked":"Adrenaline","floor":8.0},{"not_picked":["Dodge and Roll","Deadly Poison"],"picked":"Dagger Spray","floor":10.0},{"not_picked":["Dagger Spray","Underhanded Strike"],"picked":"Riddle With Holes","floor":11.0},{"not_picked":["Distraction","Slice"],"picked":"Crippling Poison","floor":13.0},{"not_picked":["Cloak And Dagger","Quick Slash"],"picked":"Blade Dance","floor":14.0},{"not_picked":["Unload","Doppelganger"],"picked":"Night Terror","floor":16.0},{"not_picked":["Dagger Spray","Eviscerate"],"picked":"Cloak And Dagger","floor":18.0},{"not_picked":["Cloak And Dagger","Blade Dance+1"],"picked":"Sucker Punch+1","floor":19.0},{"not_picked":["Poisoned Stab","Bane"],"picked":"Prepared","floor":22.0},{"not_picked":["Crippling Poison","Sucker Punch"],"picked":"Footwork","floor":23},{"not_picked":["Heel Hook","Sucker Punch"],"picked":"Prepared","floor":25},{"not_picked":["Poisoned Stab+1","Infinite Blades"],"picked":"PiercingWail+1","floor":27},{"not_picked":["Well Laid Plans+1","Poisoned Stab"],"picked":"Acrobatics","floor":30},{"not_picked":["Reflex","Quick Slash","Underhanded Strike"],"picked":"SKIP","floor":32},{"not_picked":["Tools of the Trade","Wraith Form v2"],"picked":"Unload","floor":34},{"not_picked":["Heel Hook","All Out Attack","Poisoned Stab+1"],"picked":"SKIP","floor":36},{"not_picked":["Eviscerate","Bane+1","Dagger Throw"],"picked":"SKIP","floor":37}],"player_experience":136275,"relics_obtained":[{"floor":8.0,"key":"Ninja Scroll"},{"floor":9.0,"key":"Happy Flower"},{"floor":12.0,"key":"Smiling Mask"},{"floor":23,"key":"WingedGreaves"},{"floor":25,"key":"Eternal Feather"},{"floor":26,"key":"War Paint"}],"event_choices":[{"damage_healed":0.0,"max_hp_gain":0.0,"max_hp_loss":0.0,"gold_gain":0.0,"cards_transformed":["Strike_G"],"event_name":"Transmorgrifier","player_choice":"Transformed","floor":2.0,"gold_loss":0.0,"damage_taken":0.0,"cards_obtained":["Escape Plan"]},{"damage_healed":0.0,"max_hp_gain":0.0,"max_hp_loss":0.0,"gold_gain":175.0,"event_name":"Liars Game","player_choice":"AGREE","floor":5.0,"gold_loss":0.0,"damage_taken":0.0,"cards_obtained":["Doubt"]},{"cards_removed":["Strike_G"],"damage_healed":0.0,"max_hp_gain":0.0,"max_hp_loss":0.0,"gold_gain":0.0,"event_name":"Beggar","player_choice":"Gave Gold","floor":20.0,"gold_loss":75.0,"damage_taken":0.0},{"cards_removed":["Strike_G"],"damage_healed":0.0,"max_hp_gain":0.0,"max_hp_loss":0.0,"gold_gain":0.0,"event_name":"Purifier","player_choice":"Purged","floor":21.0,"gold_loss":0.0,"damage_taken":0.0}],"is_beta":false,"boss_relics":[{"not_picked":["Cursed Key","Ectoplasm"],"picked":"Runic Pyramid"},{"not_picked":["Velvet Choker","Runic Dome"],"picked":"Empty Cage"}],"items_purged_floors":[7,31,38],"is_endless":false,"potions_floor_spawned":[1,3,11,13,16,19,25,30,34,36],"killed_by":"Maw","ascension_level":3}}