{"host":"0bf1j2iyw2812bby","time":1611450702,"event":{"mods":["BaseMod","Colored Map","Downfall","Highlight Path","Minty Spire (QoL Compilation)","StSLib"],"gold_per_floor":[113,124,139,139,139,155,169,169,169,188,188,206,217,249,249,351,351,366,31,31,46,46,46,63,63,63,94,193,193,206,206,206,311,311,328,328,339,356,23,23,35,35,35,35,47,66,66,77,77,77],"floor_reached":51,"language":"ENG","playtime":2761,"items_purged":["Strike_R","Strike_R"],"score":916,"play_id":"99d4384b-7e3b-46ab-a863-caf6f86c1c9a","local_time":"20210123201142","is_ascension_mode":true,"campfire_choices":[{"data":"Infernal Blade","floor":8,"key":"SMITH"},{"data":"Carnage","floor":11,"key":"SMITH"},{"data":"Hemokinesis","floor":15,"key":"SMITH"},{"data":"Feed","floor":23,"key":"SMITH"},{"data":"Offering","floor":25,"key":"SMITH"},{"data":"Flex","floor":29,"key":"SMITH"},{"data":"Shockwave","floor":32,"key":"SMITH"},{"data":"Rupture","floor":40,"key":"SMITH"},{"data":"Bloodletting","floor":42,"key":"SMITH"},{"data":"Whirlwind","floor":44,"key":"SMITH"},{"data":"Offering","floor":47,"key":"SMITH"},{"data":"Pommel Strike","floor":49,"key":"SMITH"}],"circlet_count":0,"master_deck":["Strike_R","Defend_R","Defend_R","Defend_R","Defend_R","Bash","Carnage+1","Whirlwind+1","Infernal Blade+1","Hemokinesis+1","Iron Wave","Pommel Strike+1","Offering+1","Bloodletting+1","Feed+1","Flex+1","Clash+1","Thunderclap+1","Clash+1","Shockwave+1","Feed+1","Shrug It Off+1","Dropkick+1","Rupture+1","Clash+1","Flex+1","Offering+1","Metallicize+1"],"relics":["Burning Blood","Turnip","Orichalcum","Mummified Hand","Meat on the Bone","Coffee Dripper","Molten Egg 2","Happy Flower","Regal Pillow","Runic Cube","Lee\u0027s Waffle","Frozen Egg 2"],"acts_visited":["Exordium","TheCity","TheBeyond"],"potions_floor_usage":[14,16,27,50],"damage_taken":[{"damage":6,"enemies":"Cultist","floor":1,"turns":4},{"damage":2,"enemies":"Jaw Worm","floor":2,"turns":3},{"damage":5,"enemies":"Small Slimes","floor":3,"turns":3},{"damage":7,"enemies":"2 Fungi Beasts","floor":6,"turns":4},{"damage":30,"enemies":"Large Slime","floor":7,"turns":10},{"damage":8,"enemies":"Exordium Thugs","floor":10,"turns":3},{"damage":15,"enemies":"Lots of Slimes","floor":12,"turns":2},{"damage":11,"enemies":"Red Slaver","floor":13,"turns":2},{"damage":2,"enemies":"Gremlin Nob","floor":14,"turns":2},{"damage":34,"enemies":"Slime Boss","floor":16,"turns":7},{"damage":8,"enemies":"3 Byrds","floor":18,"turns":4},{"damage":9,"enemies":"Spheric Guardian","floor":21,"turns":3},{"damage":22,"enemies":"Snecko","floor":24,"turns":4},{"damage":8,"enemies":"Slavers","floor":27,"turns":4},{"damage":14,"enemies":"Chosen and Byrds","floor":30,"turns":4},{"damage":30,"enemies":"Collector","floor":33,"turns":5},{"damage":33,"enemies":"3 Shapes","floor":35,"turns":2},{"damage":6,"enemies":"Orb Walker","floor":37,"turns":1},{"damage":6,"enemies":"3 Darklings","floor":38,"turns":2},{"damage":20,"enemies":"Jaw Worm Horde","floor":41,"turns":5},{"damage":18,"enemies":"4 Shapes","floor":45,"turns":1},{"damage":11,"enemies":"Sphere and 2 Shapes","floor":46,"turns":3},{"damage":14,"enemies":"Maw","floor":48,"turns":4},{"damage":111,"enemies":"Awakened One","floor":50,"turns":9}],"seed_played":"-2401410291415053509","potions_obtained":[{"floor":3,"key":"SkillPotion"},{"floor":6,"key":"ElixirPotion"},{"floor":12,"key":"Regen Potion"},{"floor":13,"key":"DistilledChaos"},{"floor":14,"key":"FairyPotion"},{"floor":16,"key":"GamblersBrew"},{"floor":21,"key":"BloodPotion"},{"floor":24,"key":"Block Potion"},{"floor":33,"key":"ElixirPotion"},{"floor":35,"key":"PowerPotion"}],"is_trial":false,"path_per_floor":["M","M","M","?","?","M","M","R","T","M","R","M","M","E","R","B",null,"M","$","?","M","?","R","M","R","T","E","?","R","M","?","R","B",null,"M","?","M","M","$","R","M","R","T","R","M","M","R","M","R","B",null],"character_chosen":"IRONCLAD","items_purchased":["Molten Egg 2","Rupture","Lee\u0027s Waffle"],"campfire_rested":0,"item_purchase_floors":[19,39,39],"current_hp_per_floor":[72,72,72,72,72,71,47,47,47,45,45,36,31,35,35,34,63,64,64,64,61,61,61,45,45,45,55,55,55,51,51,51,43,73,54,54,58,58,102,102,92,92,92,92,84,87,87,79,79,37],"gold":77,"neow_bonus":"ONE_RARE_RELIC","is_daily":false,"chose_seed":false,"campfire_upgraded":12,"win_rate":0.0,"timestamp":1611450702,"path_taken":["M","?","M","?","?","M","M","R","T","M","R","?","M","E","R","BOSS","M","$","?","M","?","R","M","R","T","E","?","R","M","?","R","BOSS","M","?","M","M","$","R","M","R","T","R","?","M","R","M","R","BOSS"],"items_purchased_type":["Relic","Card","Relic"],"build_version":"2020-12-13","purchased_purges":2,"victory":true,"max_hp_per_floor":[72,72,72,72,72,72,72,72,72,72,72,72,72,72,72,72,72,75,75,75,75,75,75,75,75,75,75,75,75,79,79,79,83,83,91,91,95,95,102,102,106,106,106,106,110,118,118,118,118,122],"card_choices":[{"not_picked":["Armaments","Dropkick"],"picked":"Carnage","floor":1},{"not_picked":["Power Through","Fire Breathing"],"picked":"Whirlwind","floor":2},{"not_picked":["Body Slam","Second Wind","Warcry"],"picked":"SKIP","floor":3},{"not_picked":["Havoc","Power Through"],"picked":"Infernal Blade","floor":6},{"not_picked":["Warcry","Blood for Blood"],"picked":"Hemokinesis","floor":7},{"not_picked":["Sword Boomerang","Seeing Red"],"picked":"Iron Wave","floor":10},{"not_picked":["Clothesline","True Grit"],"picked":"Pommel Strike","floor":12},{"not_picked":["Heavy Blade","Sever Soul"],"picked":"Offering","floor":13},{"not_picked":["Twin Strike","Shrug It Off"],"picked":"Bloodletting","floor":14},{"not_picked":["Double Tap","Juggernaut"],"picked":"Feed","floor":16},{"not_picked":["Anger","Body Slam"],"picked":"Flex","floor":18},{"not_picked":["Second Wind","Clothesline+1"],"picked":"Clash+1","floor":21},{"not_picked":["Impervious","Armaments+1"],"picked":"Thunderclap+1","floor":24},{"not_picked":["Pommel Strike+1","Uppercut+1"],"picked":"Clash+1","floor":27},{"not_picked":["True Grit","Pommel Strike+1"],"picked":"Shockwave","floor":30},{"not_picked":["Juggernaut","Berserk"],"picked":"Feed+1","floor":33},{"not_picked":["Thunderclap+1","Iron Wave+1"],"picked":"Shrug It Off+1","floor":35},{"not_picked":["Sword Boomerang+1","Hemokinesis+1","Perfected Strike+1"],"picked":"SKIP","floor":37},{"not_picked":["Cleave+1","Sword Boomerang+1"],"picked":"Dropkick+1","floor":38},{"not_picked":["Heavy Blade+1","Rampage+1"],"picked":"Clash+1","floor":41},{"not_picked":["True Grit+1","Clash+1"],"picked":"Flex+1","floor":45},{"not_picked":["Cleave+1","Feel No Pain+1"],"picked":"Offering","floor":46},{"not_picked":["Uppercut+1","Warcry+1"],"picked":"Metallicize+1","floor":48}],"player_experience":382442,"relics_obtained":[{"floor":9,"key":"Mummified Hand"},{"floor":14,"key":"Meat on the Bone"},{"floor":26,"key":"Happy Flower"},{"floor":27,"key":"Regal Pillow"},{"floor":43,"key":"Frozen Egg 2"}],"event_choices":[{"damage_healed":0,"gold_gain":0,"player_choice":"Ignored","damage_taken":0,"max_hp_gain":0,"max_hp_loss":0,"event_name":"Liars Game","floor":4,"gold_loss":0},{"damage_healed":0,"gold_gain":0,"player_choice":"Gave Potion","damage_taken":0,"relics_obtained":["Orichalcum"],"max_hp_gain":0,"max_hp_loss":0,"event_name":"WeMeetAgain","floor":5,"gold_loss":0},{"damage_healed":0,"gold_gain":0,"player_choice":"Ignored","damage_taken":0,"max_hp_gain":0,"max_hp_loss":0,"event_name":"Ghosts","floor":20,"gold_loss":0},{"damage_healed":0,"gold_gain":99,"player_choice":"Stole From Cult","damage_taken":0,"max_hp_gain":0,"max_hp_loss":0,"event_name":"Nest","floor":28,"gold_loss":0},{"cards_removed":["Strike_R"],"damage_healed":0,"gold_gain":0,"player_choice":"Purged","damage_taken":0,"max_hp_gain":0,"max_hp_loss":0,"event_name":"Purifier","floor":31,"gold_loss":0},{"cards_removed":["Strike_R"],"damage_healed":0,"gold_gain":0,"player_choice":"Offered Basic","damage_taken":0,"max_hp_gain":0,"max_hp_loss":0,"event_name":"Bonfire Elementals","floor":36,"gold_loss":0}],"is_beta":false,"boss_relics":[{"not_picked":["Mark of Pain","SacredBark"],"picked":"Coffee Dripper"},{"not_picked":["bronze:MakeshiftBattery","Cursed Key"],"picked":"Runic Cube"}],"items_purged_floors":[19,39],"is_endless":false,"potions_floor_spawned":[3,6,12,13,14,16,21,24,33,35,38,41],"ascension_level":5}}