{"host":"fdq5pmhluajjrf8d","time":1611448807,"event":{"mods":["BaseMod","Minty Spire (QoL Compilation)"],"gold_per_floor":[113,123,123,134,150,180,191,191,191,202,152,152,168,183,183,183,183],"floor_reached":16,"language":"ENG","playtime":769,"items_purged":[],"score":212,"play_id":"715d76ea-4627-4deb-8d2f-31d4aee524e2","local_time":"20210123194007","is_ascension_mode":true,"campfire_choices":[{"data":"Zap","floor":8,"key":"SMITH"},{"floor":15,"key":"REST"}],"circlet_count":0,"master_deck":["AscendersBane","Strike_B","Strike_B","Strike_B","Strike_B","Defend_B","Defend_B","Defend_B","Defend_B","Zap+1","Dualcast","Beam Cell","Hologram","Go for the Eyes","Sweeping Beam","Gash","Steam","Genetic Algorithm+1","Hologram+1"],"relics":["Cracked Core","Letter Opener","Toxic Egg 2"],"acts_visited":["Exordium"],"potions_floor_usage":[6,16,16],"damage_taken":[{"damage":9,"enemies":"Jaw Worm","floor":1,"turns":4},{"damage":1,"enemies":"Cultist","floor":2,"turns":4},{"damage":1,"enemies":"2 Louse","floor":4,"turns":3},{"damage":5,"enemies":"Blue Slaver","floor":5,"turns":3},{"damage":59,"enemies":"3 Sentries","floor":6,"turns":12},{"damage":12,"enemies":"2 Fungi Beasts","floor":7,"turns":3},{"damage":9,"enemies":"Large Slime","floor":10,"turns":5},{"damage":0,"enemies":"3 Louse","floor":13,"turns":2},{"damage":8,"enemies":"2 Fungi Beasts","floor":14,"turns":3},{"damage":44,"enemies":"Slime Boss","floor":16,"turns":8}],"seed_played":"-4410675739263991189","potions_obtained":[{"floor":4,"key":"DistilledChaos"},{"floor":7,"key":"FairyPotion"},{"floor":13,"key":"Strength Potion"},{"floor":14,"key":"Energy Potion"}],"is_trial":false,"path_per_floor":["M","M","?","M","M","E","M","R","T","M","?","?","M","M","R","B"],"character_chosen":"DEFECT","items_purchased":[],"campfire_rested":1,"item_purchase_floors":[],"current_hp_per_floor":[62,61,78,77,72,13,1,1,1,21,21,21,21,13,36,0,0],"gold":183,"neow_bonus":"TEN_PERCENT_HP_BONUS","is_daily":false,"chose_seed":false,"campfire_upgraded":1,"win_rate":0.0,"timestamp":1611448807,"path_taken":["M","M","?","M","M","E","M","R","T","?","?","?","M","M","R","BOSS"],"items_purchased_type":[],"build_version":"2020-12-22","purchased_purges":0,"victory":false,"max_hp_per_floor":[78,78,78,78,78,78,78,78,78,78,78,78,78,78,78,78,78],"card_choices":[{"not_picked":["Coolheaded","Conserve Battery"],"picked":"Beam Cell","floor":1},{"not_picked":["Conserve Battery","Rebound"],"picked":"Hologram","floor":2},{"not_picked":["Fusion","Sweeping Beam"],"picked":"Go for the Eyes","floor":4},{"not_picked":["Go for the Eyes","Steam"],"picked":"Sweeping Beam","floor":5},{"not_picked":["Sweeping Beam","Steam"],"picked":"Gash","floor":6},{"not_picked":["Ball Lightning","Conserve Battery"],"picked":"Steam","floor":7},{"not_picked":["Amplify+1","Steam+1"],"picked":"Genetic Algorithm+1","floor":10},{"not_picked":["Redo+1","Steam+1"],"picked":"Hologram+1","floor":13},{"not_picked":["Beam Cell","Ball Lightning","Sweeping Beam"],"picked":"SKIP","floor":14}],"player_experience":1926978,"relics_obtained":[{"floor":6,"key":"Letter Opener"},{"floor":9,"key":"Toxic Egg 2"}],"event_choices":[{"damage_healed":17,"gold_gain":0,"player_choice":"Full Heal","damage_taken":0,"max_hp_gain":0,"max_hp_loss":0,"event_name":"Wheel of Change","floor":3,"gold_loss":0},{"damage_healed":0,"gold_gain":0,"player_choice":"Left Gold","damage_taken":0,"max_hp_gain":0,"max_hp_loss":0,"event_name":"World of Goop","floor":11,"gold_loss":50},{"damage_healed":0,"gold_gain":0,"player_choice":"Fled","damage_taken":0,"max_hp_gain":0,"max_hp_loss":0,"event_name":"Scrap Ooze","floor":12,"gold_loss":0}],"is_beta":false,"boss_relics":[],"items_purged_floors":[],"is_endless":false,"potions_floor_spawned":[4,7,13,14],"killed_by":"Slime Boss","ascension_level":20}}