{"host":"3imo7wsdyu7efakj","time":1611527016,"event":{"mods":["ATMod(°¢èªMod)","BaseMod","Downfall","Minty Spire (QoL Compilation)","StSLib"],"gold_per_floor":[99,99,118,28,40,40,40,75,75,87,115,115,133,162,173,269,269,269,282,282,295,295,53,53,53,53,38,38,54,79,79,95,194,194,194,204,218,234,234,247,247,247,325,344,192,219,19,39,51,51],"floor_reached":51,"language":"ZHS","playtime":4328,"items_purged":["bronze:Strike","bronze:Defend"],"score":732,"play_id":"978a4439-170f-4723-9a00-4e02333412ce","local_time":"20210125062336","is_ascension_mode":false,"campfire_choices":[{"data":"AT_EmpoweredMortalDraw","floor":1,"key":"SMITH"},{"data":"bronze:InfiniteBeams","floor":6,"key":"SMITH"},{"data":"bronze:Replicate","floor":9,"key":"SMITH"},{"floor":18,"key":"RECALL"},{"data":"bronze:BurnOut","floor":26,"key":"SMITH"},{"data":"bronze:Repair","floor":28,"key":"SMITH"},{"data":"bronze:InfiniteLoop","floor":35,"key":"SMITH"},{"data":"expansioncontent:DashGenerateEvil","floor":47,"key":"SMITH"}],"circlet_count":0,"master_deck":["bronze:Strike","bronze:Strike","bronze:Defend","bronze:Defend","bronze:Replicate+1","bronze:Goto+1","AT_EmpoweredMortalDraw+1","bronze:Repair+1","bronze:InfiniteBeams+1","bronze:Backtrace","bronze:Assembly","bronze:BronzeOrb","bronze:BurnOut+1","bronze:Terminator+1","bronze:Backtrace","bronze:Turbo","bronze:Mutator","bronze:InfiniteLoop+1","expansioncontent:DashGenerateEvil+1","bronze:SpaghettiCode"],"relics":["bronze:BronzeCore","AT_ATBox","Dead Branch","Ancient Tea Set","Odd Mushroom","SacredBark","Nunchaku","AT_DeathDance","Eternal Feather","bronze:DecasWashers","Busted Crown","Red Mask","downfall:RedIOUUpgrade","Pear","bronze:BottledCode","AT_SunfireAegis","Pen Nib","downfall:HeartBlessingRed","downfall:HeartBlessingGreen"],"acts_visited":["Exordium","TheCity","TheBeyond"],"potions_floor_usage":[8,16,16,32,33,38,46,50,50],"damage_taken":[{"damage":1,"enemies":"Jaw Worm","floor":3,"turns":2},{"damage":10,"enemies":"downfall:FleeingMerchant","floor":4,"turns":4},{"damage":0,"enemies":"Cultist","floor":5,"turns":2},{"damage":0,"enemies":"3 Sentries","floor":8,"turns":2},{"damage":0,"enemies":"Small Slimes","floor":10,"turns":3},{"damage":6,"enemies":"Gremlin Nob","floor":11,"turns":3},{"damage":0,"enemies":"Blue Slaver","floor":13,"turns":2},{"damage":0,"enemies":"The Mushroom Lair","floor":14,"turns":1},{"damage":0,"enemies":"Large Slime","floor":15,"turns":4},{"damage":57,"enemies":"WA_ARCHETYPE_RETAIN","floor":16,"turns":10},{"damage":0,"enemies":"Shell Parasite","floor":19,"turns":2},{"damage":10,"enemies":"Cultist and Chosen","floor":21,"turns":5},{"damage":5,"enemies":"downfall:FleeingMerchant","floor":23,"turns":4},{"damage":15,"enemies":"downfall:FleeingMerchant","floor":27,"turns":4},{"damage":0,"enemies":"Shelled Parasite and Fungi","floor":29,"turns":2},{"damage":0,"enemies":"Gremlin Leader","floor":30,"turns":2},{"damage":2,"enemies":"Chosen and Byrds","floor":32,"turns":4},{"damage":46,"enemies":"IC_MUSHROOM_ARCHETYPE","floor":33,"turns":7},{"damage":0,"enemies":"3 Shapes","floor":36,"turns":2},{"damage":16,"enemies":"3 Darklings","floor":37,"turns":5},{"damage":25,"enemies":"Maw","floor":38,"turns":7},{"damage":9,"enemies":"4 Shapes","floor":40,"turns":1},{"damage":0,"enemies":"downfall:FleeingMerchant","floor":43,"turns":2},{"damage":5,"enemies":"Jaw Worm Horde","floor":44,"turns":3},{"damage":9,"enemies":"Nemesis","floor":46,"turns":3},{"damage":6,"enemies":"Maw","floor":48,"turns":3},{"damage":0,"enemies":"Sphere and 2 Shapes","floor":49,"turns":1},{"damage":63,"enemies":"DF_ARCHETYPE_ORBS","floor":50,"turns":4}],"seed_played":"4541156720198020417","potions_obtained":[{"floor":3,"key":"AttackPotion"},{"floor":10,"key":"Fire Potion"},{"floor":14,"key":"EssenceOfSteel"},{"floor":21,"key":"Regen Potion"},{"floor":29,"key":"Fire Potion"},{"floor":30,"key":"bronze:CleanCodePotion"},{"floor":36,"key":"Swift Potion"},{"floor":40,"key":"SkillPotion"},{"floor":48,"key":"PowerPotion"},{"floor":49,"key":"Strength Potion"}],"is_trial":false,"path_per_floor":["R","?","M","$","M","R","T","E","R","M","E","?","M","?","M","B",null,"R","M","?","M","?","$","T","T","R","$","R","M","E","?","M","B",null,"R","M","M","M","?","M","T","?","$","M","$","E","R","M","M","B",null],"character_chosen":"THE_AUTOMATON","items_purchased":["bronze:Backtrace","Nunchaku","expansioncontent:DashGenerateEvil","AT_SunfireAegis"],"campfire_rested":0,"item_purchase_floors":[23,23,43,45],"current_hp_per_floor":[49,49,48,38,38,38,38,38,38,45,46,39,46,46,53,3,70,70,70,57,54,54,56,56,56,65,57,66,75,75,75,73,29,75,75,75,59,44,44,35,45,45,55,60,60,61,73,69,69,22],"gold":51,"neow_bonus":"REMOVE_TWO","is_daily":false,"chose_seed":false,"campfire_upgraded":7,"win_rate":0.0,"timestamp":1611527016,"path_taken":["R","?","?","$","M","R","T","E","R","M","E","?","M","?","M","BOSS","R","M","?","M","?","$","T","?","R","?","R","?","E","?","M","BOSS","R","M","M","M","?","M","T","?","?","M","?","E","R","?","M","BOSS"],"items_purchased_type":["Card","Relic","Card","Relic"],"build_version":"2020-12-22","purchased_purges":2,"victory":true,"max_hp_per_floor":[70,70,70,70,70,70,70,70,70,70,70,70,70,70,70,70,70,70,70,75,75,75,75,75,75,75,75,75,75,75,75,75,75,75,75,75,75,75,75,75,85,75,75,75,75,75,75,75,75,75],"card_choices":[{"not_picked":["bronze:BronzeArmor","bronze:BitShift","bronze:BuggyMess"],"picked":"SKIP","floor":3},{"not_picked":["bronze:Separator","bronze:Shell"],"picked":"bronze:Repair","floor":4},{"not_picked":["bronze:Separator","bronze:BitShift"],"picked":"bronze:InfiniteBeams","floor":5},{"not_picked":["bronze:BugBarrage","bronze:Turbo","bronze:Optimize"],"picked":"SKIP","floor":8},{"not_picked":["bronze:BitShift","bronze:DigitalCarnage"],"picked":"bronze:BronzeOrb","floor":10},{"not_picked":["bronze:BuggyMess","bronze:Shell","bronze:DelayedGuard"],"picked":"SKIP","floor":11},{"not_picked":["bronze:Fortify","bronze:BuggyMess"],"picked":"bronze:Backtrace","floor":13},{"not_picked":["bronze:Refactor","bronze:Philosophize"],"picked":"bronze:Assembly","floor":14},{"not_picked":["bronze:Philosophize","bronze:Overheat"],"picked":"bronze:BronzeOrb","floor":15},{"not_picked":["bronze:Hardcode","bronze:HyperBeam"],"picked":"bronze:BurnOut","floor":16},{"not_picked":["bronze:Boost","bronze:ItsAFeature"],"picked":"bronze:Terminator+1","floor":19},{"not_picked":["bronze:Overheat","bronze:CutThrough","bronze:Deprecate+1"],"picked":"SKIP","floor":21},{"not_picked":["bronze:FineTuning","bronze:Branch","bronze:Overload+1"],"picked":"SKIP","floor":23},{"not_picked":["bronze:Fortify","bronze:ChosenStrike"],"picked":"bronze:Turbo","floor":27},{"not_picked":["bronze:Shield","bronze:Invalidate+1","bronze:WhirlingStrike"],"picked":"SKIP","floor":29},{"not_picked":["bronze:OilSpill","bronze:Invalidate+1","bronze:Fortify"],"picked":"SKIP","floor":30},{"not_picked":["bronze:DelayedGuard","bronze:Iterate"],"picked":"bronze:Mutator","floor":32},{"not_picked":["bronze:Assembly","bronze:Hardcode"],"picked":"bronze:InfiniteLoop","floor":33},{"not_picked":["bronze:Constructor"],"picked":"SKIP","floor":36},{"not_picked":["bronze:Shield+1"],"picked":"SKIP","floor":37},{"not_picked":["bronze:Shield+1"],"picked":"SKIP","floor":38},{"not_picked":["bronze:CutThrough"],"picked":"SKIP","floor":40},{"not_picked":["bronze:CutThrough"],"picked":"SKIP","floor":43},{"not_picked":["bronze:BronzeArmor"],"picked":"SKIP","floor":44},{"not_picked":[],"picked":"bronze:SpaghettiCode","floor":46},{"not_picked":["bronze:Iterate"],"picked":"SKIP","floor":48},{"not_picked":["bronze:CutThrough"],"picked":"SKIP","floor":49}],"player_experience":289538,"relics_obtained":[{"floor":8,"key":"Dead Branch"},{"floor":11,"key":"Ancient Tea Set"},{"floor":14,"key":"Odd Mushroom"},{"floor":24,"key":"AT_DeathDance"},{"floor":25,"key":"Eternal Feather"},{"floor":30,"key":"bronze:DecasWashers"},{"floor":41,"key":"Pear"},{"floor":46,"key":"Pen Nib"}],"event_choices":[{"damage_healed":0,"gold_gain":0,"player_choice":"Success","damage_taken":7,"relics_obtained":["Bag of Preparation"],"max_hp_gain":0,"max_hp_loss":0,"event_name":"Scrap Ooze","floor":12,"gold_loss":0},{"damage_healed":0,"gold_gain":0,"player_choice":"Fought Mushrooms","damage_taken":0,"max_hp_gain":0,"max_hp_loss":0,"event_name":"Mushrooms","floor":14,"gold_loss":0},{"damage_healed":0,"gold_gain":0,"player_choice":"Ignored","damage_taken":0,"max_hp_gain":0,"max_hp_loss":0,"event_name":"Vampires","floor":22,"gold_loss":0}],"is_beta":false,"boss_relics":[{"not_picked":["Velvet Choker","Snecko Eye"],"picked":"SacredBark"},{"not_picked":["Calling Bell","sneckomod:SneckoTalon"],"picked":"Busted Crown"}],"items_purged_floors":[4,43],"is_endless":false,"potions_floor_spawned":[3,10,14,21,29,30,36,40,48,49],"ascension_level":0}}