{"host":"7eytxr1oawi6r5nr","time":1611523387,"event":{"mods":["BaseMod","Better Third Choice","Curses Come First","Dark Map","Hermit","Hubris","Ironclad Rager","Jorbs\u0027s Wanderer Trilogy","Minty Spire (QoL Compilation)","Permanent Neow","Quick Restart","Rare Cards Sparkle","Replay The Spire","Robot Space Explorer","StSLib","The Cursed","The Disciple","The Forsaken","The Marked","The Mystic","The Runesmith","UnlockEverythingMod","Wide Potions"],"gold_per_floor":[118,137,152,152,167,167,201,201,201,201,201,201,222,222,222,242,242,373,373,373,373],"floor_reached":20,"language":"ENG","playtime":1125,"items_purged":[],"score":181,"play_id":"757dbea9-1a61-4bf6-8bf7-f7eeab7a1c84","local_time":"20210124212307","is_ascension_mode":true,"campfire_choices":[{"data":"theForsaken:Preservation","floor":6,"key":"SMITH"},{"floor":8,"key":"REST"},{"data":"theForsaken:Tranquility","floor":10,"key":"SMITH"}],"circlet_count":0,"master_deck":["theForsaken:TheForsaken_Strike","theForsaken:TheForsaken_Strike","theForsaken:TheForsaken_Strike","theForsaken:TheForsaken_Defend","theForsaken:TheForsaken_Defend","theForsaken:TheForsaken_Defend","theForsaken:TheForsaken_Defend","theForsaken:Smite+1","theForsaken:Penitence","theForsaken:PanicDive","theForsaken:PowerUp","theForsaken:Preservation+1","theForsaken:Tranquility+1","theForsaken:QuickAttack","Injury","theForsaken:Enfeeble+1","theForsaken:CorruptedForm"],"relics":["theForsaken:JudgementScales","Iron Hammer","hubris:TinFlute","Golden Idol","ChewingGum"],"acts_visited":["Exordium","TheCity"],"potions_floor_usage":[],"damage_taken":[{"damage":8,"enemies":"Small Slimes","floor":1,"turns":5},{"damage":2,"enemies":"Jaw Worm","floor":2,"turns":4},{"damage":6,"enemies":"2 Louse","floor":3,"turns":3},{"damage":0,"enemies":"Blue Slaver","floor":5,"turns":4},{"damage":27,"enemies":"Lagavulin","floor":7,"turns":12},{"damage":3,"enemies":"Red Slaver","floor":13,"turns":6},{"damage":6,"enemies":"Exordium Thugs","floor":16,"turns":8},{"damage":49,"enemies":"The Guardian","floor":18,"turns":18},{"damage":31,"enemies":"3 Byrds","floor":20,"turns":4}],"seed_played":"-7757601020514417273","potions_obtained":[{"floor":2,"key":"LifebloodPotion"},{"floor":3,"key":"BlessingOfTheForge"},{"floor":13,"key":"LiquidBronze"},{"floor":16,"key":"SpeedPotion"}],"is_trial":false,"path_per_floor":["M","M","M","?","M","R","E","R","T","R","?","?","M","PTL","PTL","M","R","B",null,"M"],"character_chosen":"THE_FORSAKEN","items_purchased":[],"campfire_rested":1,"item_purchase_floors":[],"current_hp_per_floor":[62,65,61,29,34,34,13,32,32,32,32,32,35,35,35,38,57,14,65,37,37],"gold":373,"neow_bonus":"UPGRADE_CARD","is_daily":false,"chose_seed":false,"campfire_upgraded":2,"win_rate":0.0,"timestamp":1611523387,"path_taken":["M","M","M","?","M","R","E","R","T","R","?","?","M","PTL","PTL","M","R","BOSS","M"],"items_purchased_type":[],"build_version":"2020-12-22","purchased_purges":0,"victory":false,"max_hp_per_floor":[65,65,65,65,65,65,65,65,65,65,65,65,65,65,65,65,65,65,65,65,65],"card_choices":[{"not_picked":["theForsaken:Backlash","theForsaken:HorrifyingStrike"],"picked":"theForsaken:PanicDive","floor":1},{"not_picked":["theForsaken:WordsOfMight","theForsaken:StoreUp"],"picked":"theForsaken:PowerUp","floor":2},{"not_picked":["theForsaken:BlightOfFamine","theForsaken:InspiringBlow","theForsaken:DefensiveStance"],"picked":"SKIP","floor":3},{"not_picked":["theForsaken:SpinAttack","theForsaken:ShieldBash"],"picked":"theForsaken:Preservation","floor":5},{"not_picked":["theForsaken:ChargeAttack","theForsaken:Riposte"],"picked":"theForsaken:Tranquility","floor":7},{"not_picked":["theForsaken:HymnOfPatience","theForsaken:QuickAttack"],"picked":"theForsaken:Enfeeble","floor":13},{"not_picked":["theForsaken:CreepingInfection","theForsaken:SacrificeSoul","theForsaken:DarkBarrier"],"picked":"SKIP","floor":16},{"not_picked":["theForsaken:FountainOfLife","theForsaken:Retribution"],"picked":"theForsaken:CorruptedForm","floor":18}],"player_experience":183326,"relics_obtained":[{"floor":9,"key":"hubris:TinFlute"}],"event_choices":[{"damage_healed":0,"gold_gain":1,"player_choice":"Relic ","damage_taken":32,"max_hp_gain":0,"max_hp_loss":0,"event_name":"betterThird:BetterScrap","floor":4,"gold_loss":0,"cards_obtained":["hubris:SpecializedCircuitry"]},{"damage_healed":0,"gold_gain":0,"cards_transformed":["theForsaken:TheForsaken_Strike"],"player_choice":"Change","damage_taken":0,"max_hp_gain":0,"max_hp_loss":0,"event_name":"Living Wall","floor":11,"gold_loss":0,"cards_obtained":["theForsaken:QuickAttack"]},{"damage_healed":0,"gold_gain":0,"player_choice":"Take Wound","damage_taken":0,"relics_obtained":["Golden Idol"],"max_hp_gain":0,"max_hp_loss":0,"event_name":"Golden Idol","floor":12,"gold_loss":0,"cards_obtained":["Injury"]}],"is_beta":false,"boss_relics":[{"not_picked":["Snecko Eye","Ectoplasm"],"picked":"ChewingGum"}],"items_purged_floors":[],"is_endless":false,"potions_floor_spawned":[2,3,13,16],"killed_by":"3 Byrds","ascension_level":1}}