{"host":"ci7ivtocgfxh0ueo","time":1611461321,"event":{"mods":["BaseMod","GifTheSpireLib","Minty Spire (QoL Compilation)","StSLib"],"gold_per_floor":[118,33,33,92,92,124,124,139,139,164,164,164,20,37,37,109,109,127,27,27],"floor_reached":19,"language":"ZHT","playtime":480,"items_purged":[],"score":329,"play_id":"61d2ed00-184d-489a-838f-53cd7408a040","local_time":"20210124120841","is_ascension_mode":true,"campfire_choices":[{"data":"Armaments","floor":7,"key":"SMITH"},{"floor":11,"key":"REST"},{"floor":15,"key":"REST"}],"circlet_count":0,"master_deck":["AscendersBane","Strike_R","Strike_R","Strike_R","Strike_R","Strike_R","Defend_R","Defend_R+1","Defend_R","Defend_R","Bash","Pommel Strike+1","Headbutt","Spot Weakness+1","Bludgeon","Rupture","Armaments+1","Blood for Blood","Demon Form","Bandage Up+1","Havoc+1","Corruption","CurseOfTheBell","Feel No Pain"],"relics":["Burning Blood","Pantograph","Mummified Hand","Toxic Egg 2","Calling Bell","War Paint","Matryoshka","Thread and Needle"],"acts_visited":["Exordium","TheCity"],"potions_floor_usage":[10,16,19,19],"damage_taken":[{"damage":2,"enemies":"Cultist","floor":1,"turns":4},{"damage":40,"enemies":"Lagavulin","floor":6,"turns":7},{"damage":3,"enemies":"2 Louse","floor":8,"turns":3},{"damage":37,"enemies":"3 Sentries","floor":10,"turns":8},{"damage":24,"enemies":"Small Slimes","floor":14,"turns":3},{"damage":64,"enemies":"The Guardian","floor":16,"turns":11},{"damage":31,"enemies":"Chosen","floor":18,"turns":6},{"damage":43,"enemies":"2 Thieves","floor":19,"turns":3}],"seed_played":"-7154977998516867794","potions_obtained":[{"floor":6,"key":"DistilledChaos"},{"floor":8,"key":"LiquidBronze"},{"floor":18,"key":"BlessingOfTheForge"}],"is_trial":false,"path_per_floor":["M","$","?","?","?","E","R","M","T","E","R","?","$","M","R","B",null,"M","M"],"character_chosen":"IRONCLAD","items_purchased":["Spot Weakness","Bandage Up+1","ColorlessPotion"],"campfire_rested":2,"item_purchase_floors":[2,13,13],"current_hp_per_floor":[72,72,72,72,72,38,38,41,41,10,32,57,57,45,67,23,62,43,0,0],"gold":27,"neow_bonus":"THREE_CARDS","is_daily":false,"chose_seed":false,"campfire_upgraded":1,"win_rate":0.0,"timestamp":1611461321,"path_taken":["M","$","?","?","?","E","R","?","T","E","R","?","?","M","R","BOSS","M","M"],"items_purchased_type":["Card","Card","Potion"],"build_version":"2020-12-22","purchased_purges":0,"victory":false,"max_hp_per_floor":[75,75,75,75,75,75,75,75,75,75,75,75,75,75,75,75,75,75,75,75],"card_choices":[{"not_picked":["Warcry","Sword Boomerang"],"picked":"Pommel Strike","floor":0},{"not_picked":["Shrug It Off","Anger"],"picked":"Headbutt","floor":1},{"not_picked":["Anger","Feel No Pain"],"picked":"Armaments","floor":6},{"not_picked":["Thunderclap","Twin Strike"],"picked":"Blood for Blood","floor":8},{"not_picked":["Hemokinesis","Shrug It Off+1"],"picked":"Demon Form","floor":10},{"not_picked":["Thunderclap","Twin Strike"],"picked":"Havoc+1","floor":14},{"not_picked":["Bludgeon","Demon Form"],"picked":"Corruption","floor":16},{"not_picked":["Rampage","Clothesline"],"picked":"Feel No Pain","floor":18}],"player_experience":1355211,"relics_obtained":[{"floor":6,"key":"Pantograph"},{"floor":9,"key":"Mummified Hand"},{"floor":10,"key":"Toxic Egg 2"},{"floor":17,"key":"War Paint"},{"floor":17,"key":"Matryoshka"},{"floor":17,"key":"Thread and Needle"}],"event_choices":[{"damage_healed":0,"gold_gain":0,"player_choice":"Grow","damage_taken":0,"max_hp_gain":0,"max_hp_loss":0,"event_name":"Living Wall","floor":3,"gold_loss":0,"cards_upgraded":["Pommel Strike"]},{"damage_healed":0,"gold_gain":59,"player_choice":"Gained Gold","damage_taken":0,"max_hp_gain":0,"max_hp_loss":0,"event_name":"Golden Wing","floor":4,"gold_loss":0},{"damage_healed":0,"gold_gain":0,"player_choice":"2 cards matched","damage_taken":0,"max_hp_gain":0,"max_hp_loss":0,"event_name":"Match and Keep!","floor":5,"gold_loss":0,"cards_obtained":["Bludgeon","Rupture"]},{"damage_healed":25,"gold_gain":0,"player_choice":"Banana","damage_taken":0,"max_hp_gain":0,"max_hp_loss":0,"event_name":"Big Fish","floor":12,"gold_loss":0}],"is_beta":false,"boss_relics":[{"not_picked":["Ectoplasm","Tiny House"],"picked":"Calling Bell"}],"items_purged_floors":[],"is_endless":false,"potions_floor_spawned":[6,8,18],"killed_by":"2 Thieves","ascension_level":18}}