{"host":"m1hsm1cztz438mir","time":1611457730,"event":{"mods":["2.2 Compatiblity","AchievementEnabler","Act Like it!","BaseMod","Colored Map","Curses Come First","Downfall","Minty Spire (QoL Compilation)","Relic Stats","Shop Mod","StSLib"],"gold_per_floor":[99,119,131,131,151,51,106,132,152,152,177,196,96,123,142,240,240,240,252,83,83,100,125,125,125,144,156,156,185,185,200,211,309,309,309,326,339,357,407,433,479,493,493,112,130,161,161,196,96,96,96,126,36,36,36,36,36],"floor_reached":56,"language":"ENG","playtime":5078,"items_purged":["bronze:Replicate","bronze:Flail","bronze:OilSpill"],"score":918,"play_id":"53d82a7f-af82-48b3-8fac-fe5918e345f4","local_time":"20210124030850","is_ascension_mode":true,"campfire_choices":[{"floor":1,"key":"RECALL"},{"data":"bronze:HardenedForm","floor":6,"key":"SMITH"},{"data":"bronze:Format","floor":13,"key":"SMITH"},{"data":"bronze:Verify","floor":18,"key":"SMITH"},{"data":"bronze:BuggyMess","floor":28,"key":"SMITH"},{"data":"bronze:Verify","floor":30,"key":"SMITH"},{"data":"bronze:Shell","floor":35,"key":"SMITH"},{"data":"bronze:Format","floor":43,"key":"SMITH"},{"floor":49,"key":"REST"},{"data":"bronze:BronzeArmor","floor":54,"key":"SMITH"}],"circlet_count":0,"master_deck":["bronze:Goto+1","bronze:Invalidate","bronze:DarkDash","bronze:ChildClass","bronze:HardenedForm+1","bronze:Iterate","bronze:Format+1","bronze:Optimize","bronze:Verify+1","bronze:Repair","bronze:Optimize","bronze:RecursiveStrike+1","bronze:ChosenStrike+1","bronze:Flail","bronze:Mutator","bronze:Repulsor+1","bronze:OilSpill","bronze:BuggyMess+1","bronze:Verify+1","bronze:Shell+1","bronze:Mutator","bronze:ClassDefault+1","bronze:Turbo+1","bronze:Format+1","bronze:Allocate+1","bronze:ItsAFeature","bronze:BronzeArmor+1","bronze:Shell+1","bronze:Overheat+1","bronze:ItsAFeature"],"relics":["bronze:BronzeCore","downfall:HeartBlessingRed","Meat on the Bone","Omamori","downfall:HeartBlessingBlue","Mummified Hand","Pandora\u0027s Box","Whetstone","Gremlin Horn","White Beast Statue","Smiling Mask","Calling Bell","bronze:ProtectiveGoggles","Darkstone Periapt","Thread and Needle","Turnip","Toy Ornithopter","Anchor","Bottled Tornado","Gambling Chip","bronze:SilverBullet","downfall:HeartBlessingGreen","Mercury Hourglass"],"acts_visited":["Exordium","TheCity","TheBeyond","TheEnding"],"potions_floor_usage":[33,33,38,38,39,40,42,50,50,52,55],"damage_taken":[{"damage":2,"enemies":"2 Louse","floor":2,"turns":3},{"damage":1,"enemies":"Jaw Worm","floor":3,"turns":3},{"damage":4,"enemies":"Small Slimes","floor":5,"turns":3},{"damage":0,"enemies":"Lagavulin","floor":8,"turns":4},{"damage":1,"enemies":"Exordium Wildlife","floor":9,"turns":3},{"damage":20,"enemies":"3 Sentries","floor":11,"turns":8},{"damage":0,"enemies":"2 Fungi Beasts","floor":12,"turns":3},{"damage":0,"enemies":"Gremlin Nob","floor":14,"turns":2},{"damage":0,"enemies":"Large Slime","floor":15,"turns":2},{"damage":11,"enemies":"WA_ARCHETYPE_RETAIN","floor":16,"turns":7},{"damage":25,"enemies":"Shell Parasite","floor":19,"turns":4},{"damage":0,"enemies":"downfall:FleeingMerchant","floor":20,"turns":4},{"damage":0,"enemies":"Spheric Guardian","floor":22,"turns":1},{"damage":14,"enemies":"Book of Stabbing","floor":23,"turns":4},{"damage":0,"enemies":"Chosen and Byrds","floor":26,"turns":4},{"damage":0,"enemies":"Centurion and Healer","floor":27,"turns":1},{"damage":5,"enemies":"Gremlin Leader","floor":29,"turns":3},{"damage":0,"enemies":"3 Cultists","floor":31,"turns":2},{"damage":10,"enemies":"Snake Plant","floor":32,"turns":2},{"damage":4,"enemies":"SI_MIRROR_ARCHETYPE","floor":33,"turns":5},{"damage":18,"enemies":"3 Shapes","floor":36,"turns":3},{"damage":3,"enemies":"Orb Walker","floor":37,"turns":2},{"damage":0,"enemies":"Transient","floor":38,"turns":5},{"damage":29,"enemies":"Transient","floor":39,"turns":6},{"damage":0,"enemies":"Nemesis","floor":40,"turns":3},{"damage":28,"enemies":"Writhing Mass","floor":42,"turns":5},{"damage":0,"enemies":"downfall:FleeingMerchant","floor":44,"turns":4},{"damage":0,"enemies":"Jaw Worm Horde","floor":45,"turns":3},{"damage":15,"enemies":"Giant Head","floor":46,"turns":7},{"damage":47,"enemies":"Reptomancer","floor":48,"turns":5},{"damage":21,"enemies":"DF_ARCHETYPE_ORBS","floor":50,"turns":8},{"damage":0,"enemies":"downfall:CharBossMerchant","floor":52,"turns":6},{"damage":0,"enemies":"downfall:NeowBoss","floor":55,"turns":10},{"damage":115,"enemies":"downfall:NeowBossFinal","floor":56,"turns":5}],"seed_played":"-5780028301352910170","potions_obtained":[{"floor":3,"key":"SpeedPotion"},{"floor":5,"key":"Swift Potion"},{"floor":12,"key":"SpeedPotion"},{"floor":14,"key":"Dexterity Potion"},{"floor":16,"key":"AttackPotion"},{"floor":23,"key":"PowerPotion"},{"floor":33,"key":"sneckomod:MuddlingPotion"},{"floor":36,"key":"BlessingOfTheForge"},{"floor":38,"key":"ColorlessPotion"},{"floor":39,"key":"hexamod:SoulburnPotion"},{"floor":40,"key":"hexamod:SoulburnPotion"},{"floor":42,"key":"Energy Potion"},{"floor":44,"key":"SteroidPotion"},{"floor":45,"key":"Slimebound:ThreeZeroPotion"},{"floor":46,"key":"CultistPotion"},{"floor":52,"key":"bronze:BurnAndBuffPotion"}],"is_trial":false,"path_per_floor":["R","M","M","?","M","R","T","E","M","?","E","M","R","E","M","B",null,"R","M","$","?","M","E","T","T","M","M","R","E","R","M","M","B",null,"R","M","M","M","?","E","T","M","R","$","M","E","?","E","R","B",null,"E","$","R","B","B"],"character_chosen":"THE_AUTOMATON","items_purchased":["bronze:Mutator","Bottled Tornado","bronze:ItsAFeature","bronze:ItsAFeature"],"campfire_rested":1,"item_purchase_floors":[20,44,44,53],"current_hp_per_floor":[70,68,67,67,63,63,63,63,62,62,42,42,52,52,52,41,80,80,55,55,55,55,48,48,48,55,55,55,50,50,50,47,50,80,80,72,69,79,51,58,58,45,45,52,52,60,60,35,59,55,80,80,80,80,80,0,0],"gold":36,"neow_bonus":"UPGRADE_CARD","is_daily":false,"chose_seed":false,"campfire_upgraded":8,"win_rate":0.0,"timestamp":1611457730,"path_taken":["R","M","M","?","M","R","T","E","M","?","E","?","R","E","M","BOSS","R","M","$","?","M","E","T","?","M","M","R","E","R","M","M","BOSS","R","M","M","M","?","E","T","M","R","$","M","E","?","E","R","BOSS","E","$","R","BOSS","BOSS"],"items_purchased_type":["Card","Relic","Card","Card"],"build_version":"2020-12-22","purchased_purges":3,"victory":false,"max_hp_per_floor":[70,70,70,70,70,70,70,70,70,70,70,70,80,80,80,80,80,80,80,80,80,80,80,80,80,80,80,80,80,80,80,80,80,80,80,80,80,80,80,80,80,80,80,80,80,80,80,80,80,80,80,80,80,80,80,80,80],"relic_stats":{"Darkstone Periapt":0,"Gremlin Horn":[24,24],"counters":[34,140],"Whetstone":["bronze:RecursiveStrike","bronze:ChosenStrike"],"Smiling Mask":125,"Mercury Hourglass":[16],"Mummified Hand":[191],"Gambling Chip":[8],"Pandora\u0027s Box":["bronze:Repair","bronze:Optimize","bronze:RecursiveStrike","bronze:ChosenStrike","bronze:OilSpill","bronze:Flail"],"Turnip":[5],"obtain_stats":[{"Darkstone Periapt":34,"bronze:BronzeCore":0,"downfall:HeartBlessingRed":6,"Gremlin Horn":24,"Thread and Needle":34,"downfall:HeartBlessingGreen":49,"Omamori":11,"Whetstone":23,"Bottled Tornado":44,"Smiling Mask":29,"White Beast Statue":25,"Mercury Hourglass":52,"Calling Bell":34,"Anchor":41,"bronze:ProtectiveGoggles":34,"downfall:HeartBlessingBlue":13,"Mummified Hand":14,"Gambling Chip":46,"Pandora\u0027s Box":17,"Turnip":39,"bronze:SilverBullet":48,"Toy Ornithopter":40,"Meat on the Bone":8},{"Darkstone Periapt":20,"bronze:BronzeCore":0,"downfall:HeartBlessingRed":3,"Gremlin Horn":14,"Thread and Needle":20,"downfall:HeartBlessingGreen":30,"Omamori":6,"Whetstone":14,"Bottled Tornado":27,"Smiling Mask":17,"White Beast Statue":14,"Mercury Hourglass":32,"Calling Bell":20,"Anchor":25,"bronze:ProtectiveGoggles":20,"downfall:HeartBlessingBlue":7,"Mummified Hand":8,"Gambling Chip":29,"Pandora\u0027s Box":10,"Turnip":24,"bronze:SilverBullet":30,"Toy Ornithopter":25,"Meat on the Bone":4},{"Darkstone Periapt":68,"bronze:BronzeCore":0,"downfall:HeartBlessingRed":9,"Gremlin Horn":51,"Thread and Needle":68,"downfall:HeartBlessingGreen":111,"Omamori":24,"Whetstone":51,"Bottled Tornado":96,"Smiling Mask":59,"White Beast Statue":51,"Mercury Hourglass":125,"Calling Bell":68,"Anchor":87,"bronze:ProtectiveGoggles":68,"downfall:HeartBlessingBlue":27,"Mummified Hand":29,"Gambling Chip":106,"Pandora\u0027s Box":38,"Turnip":84,"bronze:SilverBullet":111,"Toy Ornithopter":87,"Meat on the Bone":13}],"Toy Ornithopter":15,"Meat on the Bone":12},"card_choices":[{"not_picked":["bronze:DelayedSlice","bronze:BronzeArmor"],"picked":"bronze:Invalidate","floor":2},{"not_picked":["bronze:Invalidate","bronze:DelayedSlice"],"picked":"bronze:DarkDash","floor":3},{"not_picked":["bronze:Separator","bronze:ChildClass"],"picked":"bronze:HardenedForm","floor":5},{"not_picked":["bronze:WildBeam","bronze:FineTuning"],"picked":"bronze:Iterate","floor":8},{"not_picked":["bronze:Turbo","bronze:ForceShield"],"picked":"bronze:Format","floor":9},{"not_picked":["bronze:WildBeam","bronze:Philosophize","bronze:WhirlingStrike"],"picked":"SKIP","floor":11},{"not_picked":["bronze:Invalidate","bronze:Iterate"],"picked":"bronze:Flail","floor":12},{"not_picked":["bronze:CutThrough","bronze:Safeguard","bronze:Frontload"],"picked":"SKIP","floor":14},{"not_picked":["bronze:OilSpill","bronze:CutThrough"],"picked":"bronze:Optimize","floor":15},{"not_picked":["bronze:Break","bronze:ThunderWave"],"picked":"bronze:Verify","floor":16},{"not_picked":["bronze:Overheat","bronze:Iterate","bronze:Terminator"],"picked":"SKIP","floor":19},{"not_picked":["bronze:ForLoop","bronze:FineTuning+1","bronze:Overheat"],"picked":"SKIP","floor":20},{"not_picked":["bronze:Branch","bronze:ForceShield"],"picked":"bronze:Repulsor+1","floor":22},{"not_picked":["bronze:ChildClass","bronze:Iterate"],"picked":"bronze:OilSpill","floor":23},{"not_picked":["bronze:DarkDash+1","bronze:Safeguard","bronze:Separator"],"picked":"SKIP","floor":26},{"not_picked":["bronze:WhirlingStrike","bronze:WildBeam"],"picked":"bronze:BuggyMess","floor":27},{"not_picked":["bronze:ClassDefault","bronze:BronzeArmor+1"],"picked":"bronze:Verify","floor":29},{"not_picked":["bronze:Separator+1","bronze:BugBarrage","bronze:BuggyMess"],"picked":"SKIP","floor":31},{"not_picked":["bronze:BugBarrage+1","bronze:DelayedGuard"],"picked":"bronze:Shell","floor":32},{"not_picked":["bronze:Verify","bronze:BurnOut"],"picked":"bronze:Mutator","floor":33},{"not_picked":["bronze:WhirlingStrike+1","bronze:ChosenStrike","bronze:Shield"],"picked":"SKIP","floor":36},{"not_picked":["bronze:BitShift+1","bronze:FollowUp"],"picked":"bronze:ClassDefault+1","floor":37},{"not_picked":["bronze:BitShift","bronze:Iterate"],"picked":"bronze:Turbo+1","floor":38},{"not_picked":["bronze:Branch+1","bronze:Constructor"],"picked":"bronze:Format","floor":40},{"not_picked":["bronze:Turbo","bronze:DigitalCarnage","bronze:BuggyMess"],"picked":"SKIP","floor":42},{"not_picked":["bronze:OilSpill","bronze:Constructor"],"picked":"bronze:Allocate+1","floor":44},{"not_picked":["bronze:BuggyMess","bronze:DelayedSlice+1"],"picked":"bronze:BronzeArmor","floor":45},{"not_picked":["bronze:FineTuning+1","bronze:ForLoop+1","bronze:DelayedSlice+1"],"picked":"SKIP","floor":46},{"not_picked":["bronze:Overheat","bronze:ChildClass+1"],"picked":"bronze:Shell+1","floor":48},{"not_picked":["bronze:GetLatest","bronze:WhirlingStrike+1"],"picked":"bronze:Overheat+1","floor":52}],"player_experience":398912,"relics_obtained":[{"floor":8,"key":"Meat on the Bone"},{"floor":11,"key":"Omamori"},{"floor":14,"key":"Mummified Hand"},{"floor":23,"key":"Whetstone"},{"floor":24,"key":"Gremlin Horn"},{"floor":25,"key":"White Beast Statue"},{"floor":29,"key":"Smiling Mask"},{"floor":34,"key":"bronze:ProtectiveGoggles"},{"floor":34,"key":"Darkstone Periapt"},{"floor":34,"key":"Thread and Needle"},{"floor":39,"key":"Turnip"},{"floor":40,"key":"Toy Ornithopter"},{"floor":41,"key":"Anchor"},{"floor":46,"key":"Gambling Chip"},{"floor":48,"key":"bronze:SilverBullet"},{"floor":52,"key":"Mercury Hourglass"}],"event_choices":[{"cards_removed":["bronze:Strike"],"damage_healed":0,"gold_gain":0,"player_choice":"Forget","damage_taken":0,"max_hp_gain":0,"max_hp_loss":0,"event_name":"Living Wall","floor":10,"gold_loss":0}],"is_beta":false,"boss_relics":[{"not_picked":["Velvet Choker","Coffee Dripper"],"picked":"Pandora\u0027s Box"},{"not_picked":["Empty Cage","Philosopher\u0027s Stone"],"picked":"Calling Bell"}],"items_purged_floors":[20,44,53],"is_endless":false,"potions_floor_spawned":[3,5,12,14,15,16,23,26,27,29,31,32,33,36,37,38,39,40,42,44,45,46,48,52],"killed_by":"downfall:NeowBossFinal","ascension_level":1}}