{"host":"dsxpg2dh2uupq0t9","time":1611468249,"event":{"mods":["Act Like it!","Aspiration","BaseMod","Better Note","Better Skull","BetterRewards","Colored Powertips","DeckTracker","Halation","Hallownest","Hubris","Minty Spire (QoL Compilation)","Replay The Spire","Shop Mod","Spicy Shops","StSLib"],"gold_per_floor":[117,134,74,74,74,74,399,332,332,332,507,507,527,545,545,640,640,652,47,47,60,76,76,87,97,97,97,109,109,109,122,122,122,122],"floor_reached":33,"language":"ENG","playtime":2502,"items_purged":[],"score":286,"play_id":"38ad4c84-48de-4c6f-ba8d-059af43fc3e5","local_time":"20210124010409","is_ascension_mode":true,"campfire_choices":[{"data":"Eruption","floor":6,"key":"SMITH"},{"data":"FollowUp","floor":10,"key":"SMITH"},{"floor":23,"key":"REST"},{"floor":27,"key":"REST"},{"floor":29,"key":"REST"},{"floor":32,"key":"REST"}],"circlet_count":0,"master_deck":["Strike_P","Strike_P","Strike_P","Strike_P","Defend_P","Defend_P","Defend_P","Defend_P","Eruption+1","Vigilance","Worship","FollowUp+1","Tantrum+1","Tantrum","Injury","Halt","JustLucky+1","Replay:BluntJabs+1","Doubt","Consecrate+1","Halt","LessonLearned+1","FollowUp+1","SashWhip+1","Consecrate+1","Halt","EmptyFist+1","Consecrate+1","WreathOfFlame","Sanctity","Wallop+1"],"relics":["PureWater","NeowsBlessing","Molten Egg 2","Replay:Bottled Steam","Old Coin","Art of War","Velvet Choker","Replay:Arrowhead","halation:Thesaurus","halation:TwoAmDonut","Darkstone Periapt","Incense Burner"],"acts_visited":["Exordium","TheCity"],"potions_floor_usage":[33],"damage_taken":[{"damage":0,"enemies":"Small Slimes","floor":1,"turns":1},{"damage":0,"enemies":"Jaw Worm","floor":2,"turns":1},{"damage":0,"enemies":"Replay:BlueRogue","floor":7,"turns":1},{"damage":0,"enemies":"2 Louse","floor":13,"turns":3},{"damage":14,"enemies":"Large Slime","floor":14,"turns":4},{"damage":44,"enemies":"Slime Boss","floor":16,"turns":8},{"damage":0,"enemies":"Spheric Guardian","floor":18,"turns":2},{"damage":20,"enemies":"2 Thieves","floor":21,"turns":3},{"damage":18,"enemies":"Sentry and Sphere","floor":22,"turns":3},{"damage":0,"enemies":"Chosen and Byrds","floor":24,"turns":3},{"damage":19,"enemies":"Snake Plant","floor":25,"turns":4},{"damage":24,"enemies":"Cultist and Chosen","floor":28,"turns":5},{"damage":0,"enemies":"Snecko","floor":31,"turns":2},{"damage":88,"enemies":"Collector","floor":33,"turns":8}],"seed_played":"-6236257553799820753","potions_obtained":[{"floor":1,"key":"Toxic Potion"},{"floor":13,"key":"Energy Potion"},{"floor":22,"key":"Ancient Potion"},{"floor":28,"key":"Strength Potion"}],"is_trial":false,"path_per_floor":["M","M","$","?","T","R","E","$","T","R","?","?","M","M","R","B",null,"M","$","?","M","M","R","M","M","T","R","M","R","$","M","R","B"],"character_chosen":"WATCHER","items_purchased":["Tantrum","JustLucky+1","Replay:BluntJabs+1","Replay:Arrowhead","SashWhip+1","FairyPotion","halation:Thesaurus","Incense Burner"],"campfire_rested":4,"item_purchase_floors":[3,8,8,19,19,19,19,30],"current_hp_per_floor":[72,72,72,72,72,72,72,72,72,72,72,72,72,58,58,14,72,72,72,72,52,34,55,55,36,36,57,33,54,33,33,54,0,0],"gold":122,"neow_bonus":"THREE_ENEMY_KILL","is_daily":false,"chose_seed":false,"campfire_upgraded":2,"win_rate":0.0,"timestamp":1611468249,"path_taken":["M","M","$","?","?","R","E","$","T","R","?","?","?","M","R","BOSS","M","$","?","M","M","R","M","M","T","R","?","R","?","?","R","BOSS"],"items_purchased_type":["Card","Card","Card","Relic","Card","Potion","Relic","Relic"],"build_version":"2020-12-22","purchased_purges":0,"victory":false,"max_hp_per_floor":[72,72,72,72,72,72,72,72,72,72,72,72,72,72,72,72,72,72,72,72,72,72,72,72,72,72,72,72,72,72,72,72,72,72],"card_choices":[{"not_picked":["Replay:Hum","Protect"],"picked":"Worship","floor":1},{"not_picked":["Tantrum","Study"],"picked":"FollowUp","floor":2},{"not_picked":["WreathOfFlame","Worship"],"picked":"Halt","floor":7},{"not_picked":["CutThroughFate+1","TalkToTheHand+1"],"picked":"Consecrate+1","floor":13},{"not_picked":["JustLucky+1","DeceiveReality"],"picked":"Halt","floor":14},{"not_picked":["Replay:AllIn","Vault"],"picked":"LessonLearned+1","floor":16},{"not_picked":["Prostrate","JustLucky+1"],"picked":"FollowUp+1","floor":18},{"not_picked":["ClearTheMind","Prostrate"],"picked":"Halt","floor":21},{"not_picked":["CutThroughFate+1","Replay:BluntJabs+1"],"picked":"EmptyFist+1","floor":22},{"not_picked":["JustLucky+1","PathToVictory"],"picked":"Consecrate+1","floor":24},{"not_picked":["Wireheading","FollowUp+1"],"picked":"WreathOfFlame","floor":25},{"not_picked":["Replay:AtTheReady+1","ThirdEye"],"picked":"Sanctity","floor":28},{"not_picked":["BattleHymn","Perseverance"],"picked":"Wallop+1","floor":31}],"player_experience":630268,"relics_obtained":[{"floor":5,"key":"Replay:Bottled Steam"},{"floor":7,"key":"Old Coin"},{"floor":9,"key":"Art of War"},{"floor":26,"key":"Darkstone Periapt"}],"event_choices":[{"damage_healed":0,"gold_gain":175,"player_choice":"AGREE","damage_taken":0,"max_hp_gain":0,"max_hp_loss":0,"event_name":"Liars Game","floor":11,"gold_loss":0,"cards_obtained":["Doubt"]},{"damage_healed":0,"gold_gain":0,"player_choice":"Gave Potion","damage_taken":0,"relics_obtained":["aspiration:FrozenJewel"],"max_hp_gain":0,"max_hp_loss":0,"event_name":"WeMeetAgain","floor":12,"gold_loss":0},{"damage_healed":0,"gold_gain":0,"player_choice":"Copied","damage_taken":0,"max_hp_gain":0,"max_hp_loss":0,"event_name":"Duplicator","floor":20,"gold_loss":0,"cards_obtained":["Consecrate"]}],"is_beta":false,"boss_relics":[{"not_picked":["ReplayTheSpireMod:DimensionalGlitch","halation:Risk"],"picked":"Velvet Choker"}],"items_purged_floors":[],"is_endless":false,"potions_floor_spawned":[1,13,22,28,31],"killed_by":"Collector","ascension_level":1}}