{"host":"cjhtzh7tp54jdfyv","time":1611452573,"event":{"mods":["AchievementEnabler","BaseMod","Colored Map","Colored Powertips","Curses Come First","DeckTracker","Filter the Spire","Minty Spire (QoL Compilation)","RNG Fix","Relic Sorter","Relic Stats","StSLib","UnlockEverythingMod","ojb\u0027s Better Paths Mod","ojb\u0027s Info Mod"],"gold_per_floor":[117,117,133,183,201,201,70,101,152,167,167,201,231,243,243,243,243],"floor_reached":16,"language":"ENG","playtime":954,"items_purged":["Defend_G"],"score":240,"play_id":"33894a9f-fe60-4809-b7a3-831bb217b050","local_time":"20210123204253","is_ascension_mode":true,"campfire_choices":[{"data":"Eviscerate","floor":6.0,"key":"SMITH"},{"floor":11.0,"key":"REST"},{"floor":15.0,"key":"REST"}],"circlet_count":0,"master_deck":["AscendersBane","Strike_G","Strike_G","Strike_G","Strike_G","Strike_G+1","Defend_G","Defend_G+1","Defend_G","Defend_G","Survivor","Neutralize","Dagger Throw","Eviscerate+1","Backflip","Blade Dance","Outmaneuver+1","Dagger Throw","Deflect+1","Finisher","Wraith Form v2"],"relics":["Ring of the Snake","Ancient Tea Set","Toxic Egg 2","Dream Catcher","WingedGreaves","Tiny Chest"],"acts_visited":["Exordium"],"potions_floor_usage":[],"damage_taken":[{"damage":1.0,"enemies":"Small Slimes","floor":1.0,"turns":6.0},{"damage":0.0,"enemies":"Jaw Worm","floor":3.0,"turns":3.0},{"damage":0.0,"enemies":"Cultist","floor":5.0,"turns":3.0},{"damage":6.0,"enemies":"Gremlin Nob","floor":8.0,"turns":3.0},{"damage":4.0,"enemies":"2 Fungi Beasts","floor":10.0,"turns":3.0},{"damage":3.0,"enemies":"3 Sentries","floor":12.0,"turns":4.0},{"damage":2.0,"enemies":"Gremlin Nob","floor":13.0,"turns":3.0},{"damage":8.0,"enemies":"3 Louse","floor":14.0,"turns":3.0},{"damage":49,"enemies":"Slime Boss","floor":16,"turns":10}],"seed_played":"-8484843189872588155","potions_obtained":[{"floor":1.0,"key":"Explosive Potion"},{"floor":5.0,"key":"ColorlessPotion"},{"floor":8.0,"key":"ColorlessPotion"},{"floor":12.0,"key":"BlessingOfTheForge"}],"is_trial":false,"path_per_floor":["M","?","M","?","M","R","$","E","T","M","R","E","E","M","R","B"],"character_chosen":"THE_SILENT","items_purchased":["Blade Dance"],"campfire_rested":2,"item_purchase_floors":[7],"current_hp_per_floor":[58,38,38,32,32,32,32,26,26,22,41,38,36,28,47,0,0],"gold":243,"neow_bonus":"RANDOM_COMMON_RELIC","is_daily":false,"chose_seed":false,"campfire_upgraded":1,"win_rate":0.0,"timestamp":1611452573,"path_taken":["M","?","?","?","M","R","$","E","T","M","R","E","E","M","R","BOSS"],"items_purchased_type":["Card"],"build_version":"2020-12-22","purchased_purges":1,"victory":false,"max_hp_per_floor":[66,66,66,66,66,66,66,66,66,66,66,66,66,66,66,66,66],"relic_stats":{"Dream Catcher":2,"counters":[9,38],"Tiny Chest":0,"obtain_stats":[{"Dream Catcher":9,"Tiny Chest":13,"WingedGreaves":12,"Toxic Egg 2":8,"Ancient Tea Set":0,"Ring of the Snake":0},{"Dream Catcher":4,"Tiny Chest":7,"WingedGreaves":6,"Toxic Egg 2":4,"Ancient Tea Set":0,"Ring of the Snake":0},{"Dream Catcher":15,"Tiny Chest":25,"WingedGreaves":22,"Toxic Egg 2":15,"Ancient Tea Set":0,"Ring of the Snake":0}],"Ring of the Snake":[18]},"card_choices":[{"not_picked":["Underhanded Strike","Acrobatics"],"picked":"Dagger Throw","floor":1.0},{"not_picked":["Unload","Crippling Poison"],"picked":"Eviscerate","floor":3.0},{"not_picked":["Flying Knee","Skewer"],"picked":"Backflip","floor":5.0},{"not_picked":["Blur+1","Infinite Blades"],"picked":"Outmaneuver+1","floor":8.0},{"not_picked":["Flying Knee","Sucker Punch"],"picked":"Dagger Throw","floor":10.0},{"not_picked":["Dagger Throw","Quick Slash"],"picked":"Deflect+1","floor":11.0},{"not_picked":["Poisoned Stab","Choke"],"picked":"Finisher","floor":12.0},{"not_picked":["Bane","Quick Slash","Bouncing Flask+1"],"picked":"SKIP","floor":13.0},{"not_picked":["Sucker Punch","Setup+1","Caltrops"],"picked":"SKIP","floor":14.0},{"not_picked":["Slice","Quick Slash"],"picked":"Wraith Form v2","floor":15.0}],"player_experience":4624916,"relics_obtained":[{"floor":8.0,"key":"Toxic Egg 2"},{"floor":9.0,"key":"Dream Catcher"},{"floor":12.0,"key":"WingedGreaves"},{"floor":13.0,"key":"Tiny Chest"}],"event_choices":[{"damage_healed":0.0,"max_hp_gain":0.0,"max_hp_loss":0.0,"gold_gain":0.0,"event_name":"Shining Light","player_choice":"Entered Light","floor":2.0,"gold_loss":0.0,"damage_taken":20.0,"cards_upgraded":["Defend_G","Strike_G"]},{"damage_healed":0.0,"max_hp_gain":0.0,"max_hp_loss":0.0,"gold_gain":50.0,"event_name":"FaceTrader","player_choice":"Touch","floor":4.0,"gold_loss":0.0,"damage_taken":6.0}],"is_beta":false,"boss_relics":[],"items_purged_floors":[7],"is_endless":false,"potions_floor_spawned":[1,5,8,12],"killed_by":"Slime Boss","ascension_level":20}}