{"host":"ypphcgdomtfqpc2w","time":1611493988,"event":{"mods":["BaseMod","DeckTracker","Minty Spire (QoL Compilation)","Relic Stats","StSLib"],"gold_per_floor":[12,29,29,47,122,122,139,139,139,150,161,191,191,215,215,292,292,307,307,323,413,424,424,444,444,469,469,485,485,485,510,510,587,587,602,602,617,630,646,646,646],"floor_reached":40,"language":"ENG","playtime":2249,"items_purged":[],"score":830,"play_id":"1439031f-0b5d-4b65-88a4-9ebf4e8af407","local_time":"20210124221308","is_ascension_mode":true,"campfire_choices":[{"data":"Searing Blow","floor":6,"key":"SMITH"},{"data":"Searing Blow+1","floor":8,"key":"SMITH"},{"data":"Armaments","floor":13,"key":"SMITH"},{"data":"Searing Blow+2","floor":15,"key":"SMITH"},{"data":"Searing Blow+3","floor":23,"key":"SMITH"},{"data":"Searing Blow+4","floor":25,"key":"SMITH"},{"data":"Searing Blow+5","floor":27,"key":"SMITH"},{"data":"Searing Blow+6","floor":29,"key":"SMITH"},{"data":"Evolve","floor":32,"key":"SMITH"}],"circlet_count":0,"master_deck":["AscendersBane","Strike_R","Defend_R","Defend_R","Defend_R","Defend_R","Bash","Anger+1","Battle Trance","Searing Blow+7","Second Wind","Armaments+1","Evolve+1","Spot Weakness","Shrug It Off","Demon Form","Pommel Strike","Necronomicurse","Whirlwind","Dual Wield","Reckless Charge","Feel No Pain","Warcry","Second Wind","Reaper","Shrug It Off+1","Burning Pact","Headbutt"],"relics":["Burning Blood","Thread and Needle","Happy Flower","Meat on the Bone","Odd Mushroom","Velvet Choker","Necronomicon","Nunchaku","Anchor","Empty Cage"],"acts_visited":["Exordium","TheCity","TheBeyond"],"potions_floor_usage":[12,16,22,40,40],"damage_taken":[{"damage":0,"enemies":"2 Louse","floor":1,"turns":4},{"damage":8,"enemies":"Jaw Worm","floor":2,"turns":2},{"damage":0,"enemies":"Small Slimes","floor":4,"turns":4},{"damage":4,"enemies":"Blue Slaver","floor":7,"turns":3},{"damage":0,"enemies":"Exordium Thugs","floor":10,"turns":4},{"damage":0,"enemies":"Looter","floor":11,"turns":3},{"damage":3,"enemies":"3 Sentries","floor":12,"turns":9},{"damage":1,"enemies":"The Mushroom Lair","floor":14,"turns":4},{"damage":36,"enemies":"Hexaghost","floor":16,"turns":8},{"damage":18,"enemies":"Spheric Guardian","floor":18,"turns":4},{"damage":7,"enemies":"2 Thieves","floor":20,"turns":3},{"damage":13,"enemies":"Shelled Parasite and Fungi","floor":22,"turns":5},{"damage":14,"enemies":"Centurion and Healer","floor":24,"turns":3},{"damage":2,"enemies":"Sentry and Sphere","floor":28,"turns":3},{"damage":36,"enemies":"Collector","floor":33,"turns":4},{"damage":0,"enemies":"Orb Walker","floor":35,"turns":3},{"damage":9,"enemies":"3 Darklings","floor":37,"turns":6},{"damage":0,"enemies":"Sphere and 2 Shapes","floor":38,"turns":3},{"damage":4,"enemies":"Jaw Worm Horde","floor":39,"turns":2},{"damage":108,"enemies":"Reptomancer","floor":40,"turns":7}],"seed_played":"6591875782781485618","potions_obtained":[{"floor":1,"key":"EssenceOfSteel"},{"floor":2,"key":"LiquidBronze"},{"floor":10,"key":"Energy Potion"},{"floor":14,"key":"SteroidPotion"},{"floor":20,"key":"Dexterity Potion"},{"floor":24,"key":"Weak Potion"},{"floor":38,"key":"DuplicationPotion"}],"is_trial":false,"path_per_floor":["M","M","?","M","?","R","M","R","T","M","M","E","R","?","R","B",null,"M","?","M","?","M","R","M","R","T","R","M","R","?","T","R","B",null,"M","?","M","M","M","E"],"character_chosen":"IRONCLAD","items_purchased":[],"campfire_rested":0,"item_purchase_floors":[],"current_hp_per_floor":[74,72,72,75,64,64,66,66,66,72,75,75,75,75,75,45,68,56,35,46,34,39,39,43,43,43,43,47,47,47,47,47,29,64,75,75,72,75,75,0,0],"gold":646,"neow_bonus":"ONE_RARE_RELIC","is_daily":false,"chose_seed":false,"campfire_upgraded":9,"win_rate":0.0,"timestamp":1611493988,"path_taken":["M","M","?","M","?","R","M","R","T","M","M","E","R","?","R","BOSS","M","?","M","?","?","R","M","R","T","R","M","R","?","?","R","BOSS","M","?","M","M","M","E"],"items_purchased_type":[],"build_version":"2020-12-22","purchased_purges":0,"victory":false,"max_hp_per_floor":[75,75,75,75,75,75,75,75,75,75,75,75,75,75,75,75,75,75,75,75,75,75,75,75,75,75,75,75,75,75,75,75,75,75,75,75,75,75,75,75,75],"relic_stats":{"Nunchaku":[5],"Happy Flower":[23],"counters":[20,84],"Necronomicon":[26],"obtain_stats":[{"Nunchaku":26,"Anchor":31,"Happy Flower":9,"Velvet Choker":17,"Thread and Needle":0,"Necronomicon":19,"Odd Mushroom":14,"Empty Cage":34,"Burning Blood":0,"Meat on the Bone":12},{"Nunchaku":13,"Anchor":14,"Happy Flower":4,"Velvet Choker":9,"Thread and Needle":0,"Necronomicon":10,"Odd Mushroom":8,"Empty Cage":15,"Burning Blood":0,"Meat on the Bone":7},{"Nunchaku":56,"Anchor":59,"Happy Flower":13,"Velvet Choker":41,"Thread and Needle":0,"Necronomicon":45,"Odd Mushroom":33,"Empty Cage":63,"Burning Blood":0,"Meat on the Bone":29}],"Burning Blood":85,"Meat on the Bone":48},"card_choices":[{"not_picked":["True Grit","Headbutt"],"picked":"Anger","floor":1},{"not_picked":["Uppercut","Flame Barrier"],"picked":"Battle Trance","floor":2},{"not_picked":["Anger","Sword Boomerang"],"picked":"Searing Blow","floor":4},{"not_picked":["True Grit","Pummel"],"picked":"Second Wind","floor":7},{"not_picked":["Warcry","Anger"],"picked":"Armaments","floor":10},{"not_picked":["Clash","Armaments"],"picked":"Evolve","floor":11},{"not_picked":["Rampage","Headbutt"],"picked":"Spot Weakness","floor":12},{"not_picked":["Burning Pact","Heavy Blade"],"picked":"Shrug It Off","floor":14},{"not_picked":["Exhume","Brutality"],"picked":"Demon Form","floor":16},{"not_picked":["Headbutt","Armaments"],"picked":"Pommel Strike","floor":18},{"not_picked":["Hemokinesis","Headbutt"],"picked":"Whirlwind","floor":20},{"not_picked":["Perfected Strike","Rupture"],"picked":"Dual Wield","floor":22},{"not_picked":["Iron Wave","Sever Soul"],"picked":"Reckless Charge","floor":24},{"not_picked":["Twin Strike","Battle Trance"],"picked":"Feel No Pain","floor":28},{"not_picked":["Double Tap","Impervious"],"picked":"Reaper","floor":33},{"not_picked":["Ghostly Armor+1","Twin Strike"],"picked":"Shrug It Off+1","floor":35},{"not_picked":["Pommel Strike","Sword Boomerang"],"picked":"Burning Pact","floor":37},{"not_picked":["Pommel Strike","Warcry"],"picked":"Headbutt","floor":38},{"not_picked":["Armaments","Thunderclap","Rupture"],"picked":"SKIP","floor":39}],"player_experience":2105340,"relics_obtained":[{"floor":9,"key":"Happy Flower"},{"floor":12,"key":"Meat on the Bone"},{"floor":14,"key":"Odd Mushroom"},{"floor":19,"key":"Necronomicon"},{"floor":26,"key":"Nunchaku"},{"floor":31,"key":"Anchor"}],"event_choices":[{"damage_healed":0,"gold_gain":0,"player_choice":"Grow","damage_taken":0,"max_hp_gain":0,"max_hp_loss":0,"event_name":"Living Wall","floor":3,"gold_loss":0,"cards_upgraded":["Anger"]},{"damage_healed":0,"gold_gain":75,"player_choice":"Gather Gold","damage_taken":11,"max_hp_gain":0,"max_hp_loss":0,"event_name":"World of Goop","floor":5,"gold_loss":0},{"damage_healed":0,"gold_gain":0,"player_choice":"Fought Mushrooms","damage_taken":0,"max_hp_gain":0,"max_hp_loss":0,"event_name":"Mushrooms","floor":14,"gold_loss":0},{"damage_healed":0,"gold_gain":0,"player_choice":"Obtained Book","damage_taken":21,"max_hp_gain":0,"max_hp_loss":0,"event_name":"Cursed Tome","floor":19,"gold_loss":0},{"damage_healed":0,"gold_gain":90,"player_choice":"GOLD ","damage_taken":12,"max_hp_gain":0,"max_hp_loss":0,"event_name":"Knowing Skull","floor":21,"potions_obtained":[],"gold_loss":0,"cards_obtained":[]},{"damage_healed":0,"gold_gain":0,"cards_transformed":["Strike_R","Strike_R"],"player_choice":"Became Test Subject","damage_taken":0,"max_hp_gain":0,"max_hp_loss":0,"event_name":"Drug Dealer","floor":30,"gold_loss":0,"cards_obtained":["Warcry","Second Wind"]},{"damage_healed":0,"gold_gain":0,"player_choice":"Ignored","damage_taken":0,"max_hp_gain":0,"max_hp_loss":0,"event_name":"Tomb of Lord Red Mask","floor":36,"gold_loss":0}],"is_beta":false,"boss_relics":[{"not_picked":["Snecko Eye","Cursed Key"],"picked":"Velvet Choker"},{"not_picked":["Runic Cube","Sozu"],"picked":"Empty Cage"}],"items_purged_floors":[],"is_endless":false,"potions_floor_spawned":[1,2,4,10,14,20,24,35,38,39],"killed_by":"Reptomancer","ascension_level":20}}