{"host":"takgv9cv6xf64vhq","time":1611509350,"event":{"mods":["BaseMod","Colored Powertips","Downfall","Hubris","LagranYue(拉格朗・月)","Marisa（F雨　魔理沙）","Minty Spire (QoL Compilation)","Replay The Spire","StSLib","The Cursed","The Jungle","TheHeartMod"],"gold_per_floor":[118,143,143,161,161,161,190,210,257,8,34,46,60,70,70,165,165,178,193,193,118,133,29,44,77,77,77,40,51,101,132,132,233,233,252,263,263,263],"floor_reached":37,"language":"ZHS","playtime":1972,"items_purged":[],"score":446,"play_id":"a8ca4902-9e5a-4dae-b6ae-bb5fdd75523e","local_time":"20210125012910","is_ascension_mode":false,"campfire_choices":[{"floor":6,"key":"RECALL"},{"floor":32,"key":"REST"}],"circlet_count":0,"master_deck":["Strike_B","Defend_B","Defend_B","Defend_B","Defend_B","Zap","Dualcast","ReplayTheSpireMod:Calculation Training","Loop","Metallicize","Cold Snap+1","ReplayRNGCard","Sweeping Beam+1","hubris:Ukulele+1","ReplayTheSpireMod:System Scan","ReplayTheSpireMod:Omega Cannon+1","Heatsinks+1","Storm","ReplayTheSpireMod:Calculation Training","ReplayTheSpireMod:IOU","Rip and Tear+1","Ball Lightning+1","Go for the Eyes+1","ReplayTheSpireMod:IOU","Core Surge+1","Double Energy","ReplayTheSpireMod:Splinters","Heatsinks","FIFO Queue","Defragment","Rainbow","CurseOfTheBell","Self Repair","Self Repair+1"],"relics":["LagranYue:RandomDrawCardRelic","Fusion Hammer","ReplayTheSpireMod:Lightbulb","hubris:DisguiseKit","Mercury Hourglass","Centennial Puzzle","Molten Egg 2","Replay:Multitool","Honey Jar","hubris:Towel","Replay:Wax Seal","Runic Capacitor","Chameleon Ring","Boot","Nunchaku","Bottled Tornado","Calling Bell","Eternal Feather","CaptainsWheel","Replay:Baseball"],"acts_visited":["Exordium","TheCity","TheBeyond"],"potions_floor_usage":[7,11,14,16,22,29,31,33,33,33,36],"damage_taken":[{"damage":1,"enemies":"Cultist","floor":1,"turns":3},{"damage":2,"enemies":"2 Louse","floor":4,"turns":3},{"damage":13,"enemies":"3 Sentries","floor":7,"turns":8},{"damage":0,"enemies":"Small Slimes","floor":8,"turns":2},{"damage":0,"enemies":"Lagavulin","floor":11,"turns":7},{"damage":7,"enemies":"Blue Slaver","floor":12,"turns":3},{"damage":11,"enemies":"Exordium Wildlife","floor":13,"turns":4},{"damage":6,"enemies":"Large Slime","floor":14,"turns":3},{"damage":7,"enemies":"Slime Boss","floor":16,"turns":9},{"damage":0,"enemies":"Spheric Guardian","floor":18,"turns":5},{"damage":0,"enemies":"3 Byrds","floor":19,"turns":2},{"damage":7,"enemies":"Shelled Parasite and Fungi","floor":22,"turns":3},{"damage":0,"enemies":"Chosen and Byrds","floor":24,"turns":4},{"damage":31,"enemies":"Gremlin Leader","floor":25,"turns":6},{"damage":12,"enemies":"Centurion and Healer","floor":29,"turns":2},{"damage":18,"enemies":"Book of Stabbing","floor":31,"turns":5},{"damage":16,"enemies":"Automaton","floor":33,"turns":6},{"damage":8,"enemies":"3 Darklings","floor":35,"turns":4},{"damage":35,"enemies":"3 Shapes","floor":36,"turns":3},{"damage":40,"enemies":"2 Orb Walkers","floor":37,"turns":3}],"seed_played":"1020691224266563423","potions_obtained":[{"floor":4,"key":"Fire Potion"},{"floor":8,"key":"Weak Potion"},{"floor":12,"key":"Reflective Coating"},{"floor":13,"key":"Fire Potion"},{"floor":14,"key":"LifebloodPotion"},{"floor":18,"key":"Reflective Coating"},{"floor":24,"key":"Reflective Coating"},{"floor":25,"key":"Energy Potion"},{"floor":29,"key":"Milkshake"},{"floor":30,"key":"Elixir"},{"floor":35,"key":"Block Potion"}],"is_trial":false,"path_per_floor":["M","T","?","M","?","R","E","M","T","$","E","M","M","M","R","B",null,"M","M","?","?","M","$","M","E","T","R","$","M","R","E","R","B",null,"M","M","?"],"character_chosen":"DEFECT","items_purchased":["Molten Egg 2","Replay:Wax Seal","Runic Capacitor","Core Surge+1"],"campfire_rested":1,"item_purchase_floors":[10,23,23,28],"current_hp_per_floor":[74,74,71,69,62,62,49,49,49,49,49,42,31,25,47,40,75,75,75,75,75,68,68,68,37,37,37,37,25,25,7,29,13,75,67,39,0,0],"gold":263,"neow_bonus":"BOSS_RELIC","is_daily":false,"chose_seed":false,"campfire_upgraded":0,"win_rate":0.0,"timestamp":1611509350,"path_taken":["M","?","?","M","?","R","E","M","T","?","E","M","M","M","R","BOSS","M","M","?","?","M","$","M","E","T","R","?","?","R","E","R","BOSS","M","M","?"],"items_purchased_type":["Relic","Relic","Relic","Card"],"build_version":"2020-12-22","purchased_purges":0,"victory":false,"max_hp_per_floor":[75,75,75,75,75,75,75,75,75,75,75,75,75,75,75,75,75,75,75,75,75,75,75,75,75,75,75,75,75,75,75,75,75,75,75,75,75,75],"card_choices":[{"not_picked":["Turbo","Steam Power"],"picked":"ReplayTheSpireMod:Calculation Training","floor":1},{"not_picked":["BasicCrystalCard","Streamline","Thunderclap"],"picked":"Loop","floor":4},{"not_picked":["Conserve Battery","Fusion","Coolheaded"],"picked":"Metallicize","floor":7},{"not_picked":["Ball Lightning","Rebound","Immolate"],"picked":"Cold Snap","floor":8},{"not_picked":["Steam Power","Skim","Body Slam"],"picked":"ReplayRNGCard","floor":11},{"not_picked":["Skim","Heatsinks","Flex"],"picked":"Sweeping Beam+1","floor":12},{"not_picked":["Go for the Eyes+1","Conserve Battery","Anger"],"picked":"hubris:Ukulele+1","floor":13},{"not_picked":["Conserve Battery","Leap","Massacre"],"picked":"ReplayTheSpireMod:System Scan","floor":14},{"not_picked":["hubris:Prefetch","All For One+1","Demonic Infusion"],"picked":"ReplayTheSpireMod:Omega Cannon+1","floor":16},{"not_picked":["Recycle","Beam Cell+1","BasicCrystalCard","Anger"],"picked":"Heatsinks+1","floor":18},{"not_picked":["Ball Lightning+1","Go for the Eyes+1","Conserve Battery","Fire Breathing"],"picked":"Storm","floor":19},{"not_picked":["Beam Cell+1","Steam","Reprogram+1","Run Through"],"picked":"ReplayTheSpireMod:Calculation Training","floor":22},{"not_picked":["FTL+1","Gash+1","Redo","Evolve"],"picked":"Rip and Tear+1","floor":24},{"not_picked":["FIFO Queue","Sweeping Beam+1","Panic Button","Feed"],"picked":"Ball Lightning+1","floor":25},{"not_picked":["Go for the Eyes+1","Scrape+1","Skim","Reckless Charge"],"picked":"Double Energy","floor":29},{"not_picked":["Barrage+1","Gash+1","Reprogram","Shrug It Off"],"picked":"Heatsinks","floor":30},{"not_picked":["Skim","ReplaySolidLightProjector","Streamline+1","ReplayTheSpireMod:Muscle Training"],"picked":"FIFO Queue","floor":30},{"not_picked":["Compile Driver+1","Steam","Redo+1","Shockwave"],"picked":"Defragment","floor":31},{"not_picked":["Fission","Hyperbeam+1","Amplify","Corruption"],"picked":"Rainbow","floor":33},{"not_picked":["Compile Driver+1","Panic Button+1","Conserve Battery","Havoc"],"picked":"Self Repair","floor":35},{"not_picked":["Conserve Battery","Compile Driver+1","FTL+1","Replay:Undeath\u0027s Touch"],"picked":"Self Repair+1","floor":36}],"player_experience":66174,"relics_obtained":[{"floor":2,"key":"ReplayTheSpireMod:Lightbulb"},{"floor":7,"key":"Mercury Hourglass"},{"floor":9,"key":"Centennial Puzzle"},{"floor":11,"key":"Replay:Multitool"},{"floor":25,"key":"Chameleon Ring"},{"floor":26,"key":"Boot"},{"floor":30,"key":"Nunchaku"},{"floor":31,"key":"Bottled Tornado"},{"floor":34,"key":"Eternal Feather"},{"floor":34,"key":"CaptainsWheel"},{"floor":34,"key":"Replay:Baseball"}],"event_choices":[{"damage_healed":0,"gold_gain":0,"player_choice":"Success","damage_taken":3,"relics_obtained":["hubris:DisguiseKit"],"max_hp_gain":0,"max_hp_loss":0,"event_name":"Scrap Ooze","floor":3,"gold_loss":0},{"cards_removed":["Strike_B"],"damage_healed":0,"gold_gain":0,"player_choice":"Card Removal","damage_taken":7,"max_hp_gain":0,"max_hp_loss":0,"event_name":"Golden Wing","floor":5,"gold_loss":0},{"cards_removed":["Strike_B"],"damage_healed":0,"gold_gain":0,"player_choice":"Gave Gold","damage_taken":0,"max_hp_gain":0,"max_hp_loss":0,"event_name":"Beggar","floor":21,"gold_loss":75},{"damage_healed":0,"gold_gain":0,"player_choice":"Fight","damage_taken":0,"max_hp_gain":0,"max_hp_loss":0,"event_name":"Mysterious Sphere","floor":37,"gold_loss":0}],"is_beta":false,"boss_relics":[{"not_picked":["Kintsugi","Ring of Chaos"],"picked":"Honey Jar"},{"not_picked":["Snecko Eye","bronze:MakeshiftBattery"],"picked":"Calling Bell"}],"items_purged_floors":[],"is_endless":false,"potions_floor_spawned":[4,8,12,13,14,18,24,25,29,35],"killed_by":"2 Orb Walkers","ascension_level":0}}