{"host":"qekv59dthhdg54sz","time":1611494664,"event":{"mods":["AchievementEnabler","BaseMod","Colored Map","DeckTracker","KOR Keyword Fix","Minty Spire (QoL Compilation)","Rare Cards Sparkle","StSLib","SuperFastMode"],"gold_per_floor":[119,194,214,214,214,214,214,214],"floor_reached":7,"language":"KOR","playtime":68,"items_purged":[],"score":78,"play_id":"edc1e5f9-39a7-41a8-a2aa-1cb3c53ddcf7","local_time":"20210124222424","is_ascension_mode":true,"campfire_choices":[{"data":"Neutralize","floor":6,"key":"SMITH"}],"circlet_count":0,"master_deck":["AscendersBane","Strike_G","Strike_G","Strike_G","Strike_G","Strike_G","Defend_G","Defend_G","Defend_G","Defend_G","Defend_G","Survivor","Neutralize+1","Die Die Die","Quick Slash","Dagger Spray"],"relics":["Ring of the Snake","Golden Idol"],"acts_visited":["Exordium"],"potions_floor_usage":[],"damage_taken":[{"damage":0,"enemies":"2 Louse","floor":1,"turns":3},{"damage":2,"enemies":"Jaw Worm","floor":3,"turns":3},{"damage":17,"enemies":"Lagavulin","floor":7,"turns":4}],"seed_played":"-7272110161370329918","potions_obtained":[],"is_trial":false,"path_per_floor":["M","?","M","?","?","R","E"],"character_chosen":"THE_SILENT","items_purchased":[],"campfire_rested":0,"item_purchase_floors":[],"current_hp_per_floor":[44,33,31,31,51,51,34,34],"gold":214,"neow_bonus":"THREE_RARE_CARDS","is_daily":false,"chose_seed":false,"campfire_upgraded":1,"win_rate":0.0,"timestamp":1611494664,"path_taken":["M","?","M","?","?","R","E"],"items_purchased_type":[],"build_version":"2020-12-22","purchased_purges":0,"victory":false,"max_hp_per_floor":[66,66,66,60,60,60,60,60],"card_choices":[{"not_picked":["Corpse Explosion","Wraith Form v2"],"picked":"Die Die Die","floor":0},{"not_picked":["Blade Dance","Dodge and Roll"],"picked":"Quick Slash","floor":1},{"not_picked":["Outmaneuver","Heel Hook"],"picked":"Dagger Spray","floor":3}],"player_experience":820072,"relics_obtained":[],"event_choices":[{"damage_healed":0,"gold_gain":75,"player_choice":"Gather Gold","damage_taken":11,"max_hp_gain":0,"max_hp_loss":0,"event_name":"World of Goop","floor":2,"gold_loss":0},{"damage_healed":0,"gold_gain":0,"player_choice":"Lose Max HP","damage_taken":0,"relics_obtained":["Golden Idol"],"max_hp_gain":0,"max_hp_loss":6,"event_name":"Golden Idol","floor":4,"gold_loss":0},{"damage_healed":20,"gold_gain":0,"player_choice":"Banana","damage_taken":0,"max_hp_gain":0,"max_hp_loss":0,"event_name":"Big Fish","floor":5,"gold_loss":0}],"is_beta":false,"boss_relics":[],"items_purged_floors":[],"is_endless":false,"potions_floor_spawned":[],"killed_by":"Lagavulin","ascension_level":20}}