{"host":"gfmw02tnhhvp9jba","time":1611507440,"event":{"mods":["AchievementEnabler","BaseMod","Colored Map","Conspire","Downfall","Highlight Path","Minty Spire (QoL Compilation)","StSLib"],"gold_per_floor":[99,119,139,155,155,55,79,111,111,111,111,286,311,311,326,326,326,326],"floor_reached":16,"language":"ENG","playtime":619,"items_purged":[],"score":133,"play_id":"918cf2c9-4af8-48f5-b5ba-0f58295129d5","local_time":"20210124175720","is_ascension_mode":false,"campfire_choices":[{"floor":1,"key":"RECALL"},{"data":"Guardian:BodySlam","floor":6,"key":"SMITH"},{"data":"Guardian:CurlUp","floor":9,"key":"SMITH"},{"data":"Guardian:SentryBeam","floor":11,"key":"SMITH"}],"circlet_count":0,"master_deck":["Guardian:Strike_Guardian","Guardian:Strike_Guardian","Guardian:Strike_Guardian","Guardian:Strike_Guardian","Guardian:Defend_Guardian","Guardian:Defend_Guardian","Guardian:Defend_Guardian","Guardian:Defend_Guardian","Guardian:CurlUp+1","Guardian:TwinSlam","Guardian:ShieldCharger","Guardian:BodySlam+1","Guardian:ShieldSpikes","Guardian:SentryBeam+1","Doubt","Guardian:BodySlam","Guardian:SpikerProtocol"],"relics":["Guardian:ModeShifter","downfall:HeartBlessingRed","Vajra","Bag of Marbles","downfall:ShatteredFragment","conspire:Flyswatter"],"acts_visited":["Exordium"],"potions_floor_usage":[16,16],"damage_taken":[{"damage":0,"enemies":"2 Louse","floor":2,"turns":3},{"damage":0,"enemies":"Small Slimes","floor":3,"turns":4},{"damage":6,"enemies":"Jaw Worm","floor":4,"turns":6},{"damage":0,"enemies":"Gremlin Nob","floor":8,"turns":4},{"damage":4,"enemies":"3 Sentries","floor":13,"turns":5},{"damage":6,"enemies":"Exordium Wildlife","floor":15,"turns":3},{"damage":43,"enemies":"SI_SHIV_ARCHETYPE","floor":16,"turns":10}],"seed_played":"-3975142536712276873","potions_obtained":[{"floor":3,"key":"EssenceOfSteel"},{"floor":4,"key":"Weak Potion"},{"floor":8,"key":"Block Potion"}],"is_trial":false,"path_per_floor":["R","M","M","M","?","R","T","E","R","?","R","?","E","?","M","B"],"character_chosen":"GUARDIAN","items_purchased":[],"campfire_rested":0,"item_purchase_floors":[],"current_hp_per_floor":[88,88,88,82,70,70,70,70,70,46,46,46,42,47,41,0,0,0],"gold":326,"neow_bonus":"TEN_PERCENT_HP_BONUS","is_daily":false,"chose_seed":false,"campfire_upgraded":3,"win_rate":0.0,"timestamp":1611507440,"path_taken":["R","M","M","M","?","R","T","E","R","?","R","?","E","?","M","BOSS"],"items_purchased_type":[],"build_version":"2020-12-22","purchased_purges":0,"victory":false,"max_hp_per_floor":[88,88,88,88,88,88,88,88,88,88,88,88,88,93,93,93,93,93],"card_choices":[{"not_picked":["Guardian:Gem_Cyan","Guardian:SpikerProtocol"],"picked":"Guardian:ShieldCharger","floor":2},{"not_picked":["Guardian:Gem_Cyan","Guardian:BronzeArmor"],"picked":"Guardian:BodySlam","floor":3},{"not_picked":["Guardian:SentryBeam","Guardian:ChargeCore"],"picked":"Guardian:ShieldSpikes","floor":4},{"not_picked":["Guardian:PrimingBeam","Guardian:Incinerate"],"picked":"Guardian:SentryBeam","floor":8},{"not_picked":["Guardian:Incinerate","Guardian:PiercingHide"],"picked":"Guardian:BodySlam","floor":13},{"not_picked":["Guardian:Suspension","Guardian:ChargeCore"],"picked":"Guardian:SpikerProtocol","floor":15}],"player_experience":75832,"relics_obtained":[{"floor":7,"key":"Vajra"},{"floor":8,"key":"Bag of Marbles"},{"floor":13,"key":"conspire:Flyswatter"}],"event_choices":[{"damage_healed":0,"gold_gain":0,"player_choice":"Donut","damage_taken":0,"max_hp_gain":5,"max_hp_loss":0,"event_name":"Big Fish","floor":14,"gold_loss":0}],"is_beta":false,"boss_relics":[],"items_purged_floors":[],"is_endless":false,"potions_floor_spawned":[3,4,8],"killed_by":"SI_SHIV_ARCHETYPE","ascension_level":0}}