{"host":"362zhnvmfmhc3u7b","time":1611520195,"event":{"mods":["BaseMod","Colored Powertips","Minty Spire (QoL Compilation)","Quick Restart","Rare Cards Sparkle","StSLib"],"gold_per_floor":[114,289,304,254,269,269,299,299,374,374,404,419,449,57,57,157,207,222,69,84,99,114,114,144,159,159,174,189,204,204,219,219,319,319,334,34,0,15,30,30,6,6,6,6,21,36,66,91,91,91],"floor_reached":51,"language":"ENG","playtime":4895,"items_purged":[],"score":746,"play_id":"cca472bf-e4c2-449c-81bd-f8f8e923f75e","local_time":"20210124152955","daily_mods":["Draft","Colorless Cards","Terminal"],"is_ascension_mode":false,"campfire_choices":[{"data":"Predator","floor":6.0,"key":"SMITH"},{"data":"Sucker Punch","floor":8.0,"key":"SMITH"},{"data":"Poisoned Stab","floor":10.0,"key":"SMITH"},{"data":"Enlightenment","floor":15.0,"key":"SMITH"},{"data":"Well Laid Plans","floor":23.0,"key":"SMITH"},{"data":"Catalyst","floor":30.0,"key":"SMITH"},{"floor":32.0,"key":"REST"},{"data":"Prepared","floor":40,"key":"SMITH"},{"data":"Noxious Fumes","floor":44,"key":"SMITH"},{"data":"Footwork","floor":49,"key":"SMITH"}],"circlet_count":0,"master_deck":["Backflip+1","Quick Slash","Enlightenment+1","Flying Knee","Catalyst+1","Finisher","Dagger Spray","PiercingWail","Cloak And Dagger","Cloak And Dagger","Poisoned Stab+1","Dodge and Roll","Predator+1","Flying Knee","Bane","Sucker Punch+1","Panacea","Dagger Throw","Dark Shackles","Prepared+1","Deflect","Well Laid Plans+1","Acrobatics+1","Underhanded Strike","Unload","Leg Sweep+1","Bouncing Flask+1","Malaise+1","Leg Sweep+1","Heel Hook","Dagger Spray+1","Noxious Fumes+1","Footwork+1","Deflect+1","Trip+1","PiercingWail+1","Cloak And Dagger+1","Panache","Dramatic Entrance","Dodge and Roll+1","Parasite","Underhanded Strike","Doubt","Noxious Fumes","Tactician+1","PiercingWail+1","Shame"],"relics":["Ring of the Snake","Bottled Flame","Mercury Hourglass","Oddly Smooth Stone","Bag of Marbles","Toxic Egg 2","Tiny House","Boot","Darkstone Periapt","Cursed Key","TwistedFunnel","Vajra","Red Mask","Blue Candle","Pantograph","Nunchaku"],"acts_visited":["Exordium","TheCity","TheBeyond"],"potions_floor_usage":[47],"damage_taken":[{"damage":0.0,"enemies":"Small Slimes","floor":1.0,"turns":2.0},{"damage":1.0,"enemies":"2 Louse","floor":3.0,"turns":2.0},{"damage":3.0,"enemies":"Jaw Worm","floor":5.0,"turns":2.0},{"damage":3.0,"enemies":"Lagavulin","floor":7.0,"turns":6.0},{"damage":0.0,"enemies":"3 Sentries","floor":11.0,"turns":5.0},{"damage":0.0,"enemies":"Lots of Slimes","floor":12.0,"turns":2.0},{"damage":4.0,"enemies":"Gremlin Nob","floor":13.0,"turns":3.0},{"damage":6.0,"enemies":"The Guardian","floor":16.0,"turns":10.0},{"damage":4.0,"enemies":"3 Byrds","floor":18.0,"turns":5.0},{"damage":0.0,"enemies":"Spheric Guardian","floor":20.0,"turns":3.0},{"damage":0.0,"enemies":"Centurion and Healer","floor":21.0,"turns":5.0},{"damage":0.0,"enemies":"Snake Plant","floor":22.0,"turns":3.0},{"damage":2.0,"enemies":"Book of Stabbing","floor":24.0,"turns":5.0},{"damage":0.0,"enemies":"3 Cultists","floor":25.0,"turns":4.0},{"damage":0.0,"enemies":"Snecko","floor":27.0,"turns":4.0},{"damage":10.0,"enemies":"Shelled Parasite and Fungi","floor":28.0,"turns":5.0},{"damage":0.0,"enemies":"Cultist and Chosen","floor":29.0,"turns":7.0},{"damage":9.0,"enemies":"Snecko","floor":31.0,"turns":6.0},{"damage":25.0,"enemies":"Collector","floor":33.0,"turns":8.0},{"damage":0,"enemies":"3 Shapes","floor":35,"turns":3},{"damage":0,"enemies":"3 Darklings","floor":38,"turns":3},{"damage":0,"enemies":"Writhing Mass","floor":39,"turns":5},{"damage":1,"enemies":"4 Shapes","floor":45,"turns":4},{"damage":0,"enemies":"Transient","floor":46,"turns":5},{"damage":1,"enemies":"Reptomancer","floor":47,"turns":4},{"damage":11,"enemies":"Awakened One","floor":50,"turns":15}],"seed_played":"-992185634128019100","potions_obtained":[{"floor":3.0,"key":"GamblersBrew"},{"floor":5.0,"key":"LiquidMemories"},{"floor":16.0,"key":"SneckoOil"},{"floor":17.0,"key":"PowerPotion"},{"floor":20.0,"key":"LiquidBronze"},{"floor":27.0,"key":"Strength Potion"},{"floor":31.0,"key":"FearPotion"},{"floor":38,"key":"Dexterity Potion"},{"floor":47,"key":"SpeedPotion"}],"is_trial":false,"path_per_floor":["M","?","M","?","M","R","E","R","T","R","E","M","E","$","R","B",null,"M","$","M","M","M","R","E","M","T","M","M","M","R","M","R","B",null,"M","$","?","M","M","R","$","?","T","R","M","M","E","T","R","B",null],"character_chosen":"THE_SILENT","items_purchased":["Well Laid Plans","Toxic Egg 2","Acrobatics+1","Underhanded Strike","Malaise+1","Leg Sweep+1","TwistedFunnel","Vajra","Underhanded Strike"],"campfire_rested":1,"item_purchase_floors":[14,14,14,14,19,19,36,36,41],"current_hp_per_floor":[68,67,66,65,62,62,59,59,59,59,58,57,53,53,53,47,57,53,53,53,53,52,51,49,49,48,47,37,37,37,28,40,15,40,39,38,37,36,41,40,39,38,43,42,41,40,39,44,43,32],"gold":91,"neow_bonus":"","is_daily":true,"chose_seed":false,"campfire_upgraded":9,"win_rate":0.0,"timestamp":1611520195,"path_taken":["M","?","M","?","M","R","E","R","T","R","E","M","E","?","R","BOSS","M","$","M","M","?","R","E","M","T","M","?","M","R","M","R","BOSS","M","$","?","M","M","R","$","?","T","R","?","M","E","?","R","BOSS"],"items_purchased_type":["Card","Relic","Card","Card","Card","Card","Relic","Relic","Card"],"build_version":"2020-12-22","purchased_purges":0,"victory":true,"max_hp_per_floor":[68,67,66,65,64,63,62,61,60,59,58,57,56,55,54,53,57,56,55,54,53,52,51,50,49,48,47,46,45,44,43,42,41,40,39,38,37,36,41,40,39,38,43,42,41,40,39,44,43,42],"card_choices":[{"not_picked":["Acrobatics","Slice"],"picked":"Backflip","floor":0.0},{"not_picked":["Prepared","Cloak And Dagger"],"picked":"Quick Slash","floor":0.0},{"not_picked":["PanicButton","Underhanded Strike"],"picked":"Enlightenment","floor":0.0},{"not_picked":["Trip","Impatience"],"picked":"Flying Knee","floor":0.0},{"not_picked":["Endless Agony","Finesse"],"picked":"Catalyst","floor":0.0},{"not_picked":["Acrobatics","PiercingWail"],"picked":"Finisher","floor":0.0},{"not_picked":["PiercingWail","Bane"],"picked":"Dagger Spray","floor":0.0},{"not_picked":["Prepared","Deadly Poison"],"picked":"PiercingWail","floor":0.0},{"not_picked":["Quick Slash","Expertise"],"picked":"Cloak And Dagger","floor":0.0},{"not_picked":["Quick Slash","Mind Blast"],"picked":"Cloak And Dagger","floor":0.0},{"not_picked":["Deadly Poison","Backflip"],"picked":"Poisoned Stab","floor":0.0},{"not_picked":["Dodge and Roll","Cloak And Dagger"],"picked":"Flying Knee","floor":0.0},{"not_picked":["Underhanded Strike","Acrobatics"],"picked":"Dodge and Roll","floor":0.0},{"not_picked":["Mind Blast","Escape Plan"],"picked":"Predator","floor":0.0},{"not_picked":["Cloak And Dagger","Caltrops"],"picked":"Flying Knee","floor":0.0},{"not_picked":["Poisoned Stab","Dark Shackles"],"picked":"Bane","floor":1.0},{"not_picked":["Outmaneuver","Bandage Up"],"picked":"Sucker Punch","floor":3.0},{"not_picked":["PiercingWail","Underhanded Strike"],"picked":"Panacea","floor":5.0},{"not_picked":["Mayhem","Acrobatics"],"picked":"Dagger Throw","floor":7.0},{"not_picked":["Escape Plan","Outmaneuver"],"picked":"Dark Shackles","floor":11.0},{"not_picked":["Dagger Throw","Finisher"],"picked":"Prepared","floor":12.0},{"not_picked":["Prepared","Deep Breath"],"picked":"Deflect","floor":13.0},{"not_picked":["Grand Finale","Night Terror+1"],"picked":"Unload","floor":16.0},{"not_picked":["Cloak And Dagger+1","Skewer"],"picked":"Leg Sweep+1","floor":17.0},{"not_picked":["Deflect+1","Escape Plan+1"],"picked":"Bouncing Flask+1","floor":18.0},{"not_picked":["Skewer+1","Mind Blast+1"],"picked":"Heel Hook","floor":20.0},{"not_picked":["Sucker Punch","Outmaneuver+1"],"picked":"Dagger Spray+1","floor":21.0},{"not_picked":["Mind Blast","Expertise+1","Dash"],"picked":"SKIP","floor":22.0},{"not_picked":["Tactician+1","Outmaneuver+1"],"picked":"Noxious Fumes","floor":24.0},{"not_picked":["Endless Agony","Heel Hook"],"picked":"Footwork","floor":25.0},{"not_picked":["Flying Knee+1","Poisoned Stab"],"picked":"Deflect+1","floor":27.0},{"not_picked":["Poisoned Stab","Outmaneuver+1"],"picked":"Trip+1","floor":28.0},{"not_picked":["Eviscerate","Accuracy"],"picked":"PiercingWail+1","floor":29.0},{"not_picked":["Dramatic Entrance","Infinite Blades"],"picked":"Cloak And Dagger+1","floor":31.0},{"not_picked":["Magnetism","Unload"],"picked":"Panache","floor":33.0},{"not_picked":["Caltrops","Underhanded Strike"],"picked":"Dramatic Entrance","floor":35},{"not_picked":["Quick Slash+1","Deadly Poison+1"],"picked":"Dodge and Roll+1","floor":38},{"not_picked":["Flying Knee+1","Skewer+1","Sucker Punch"],"picked":"SKIP","floor":39},{"not_picked":["Finisher","Endless Agony"],"picked":"Noxious Fumes","floor":45},{"not_picked":["Deadly Poison+1","Purity+1"],"picked":"Tactician+1","floor":46},{"not_picked":["Poisoned Stab","Panacea+1"],"picked":"PiercingWail+1","floor":47}],"player_experience":1567692,"relics_obtained":[{"floor":7.0,"key":"Bottled Flame"},{"floor":9.0,"key":"Mercury Hourglass"},{"floor":11.0,"key":"Oddly Smooth Stone"},{"floor":13.0,"key":"Bag of Marbles"},{"floor":24.0,"key":"Boot"},{"floor":26.0,"key":"Darkstone Periapt"},{"floor":43,"key":"Blue Candle"},{"floor":47,"key":"Pantograph"},{"floor":48,"key":"Nunchaku"}],"event_choices":[{"damage_healed":0.0,"max_hp_gain":0.0,"max_hp_loss":0.0,"gold_gain":175.0,"event_name":"Liars Game","player_choice":"AGREE","floor":2.0,"gold_loss":0.0,"damage_taken":0.0,"cards_obtained":["Doubt"]},{"cards_removed":["Doubt"],"damage_healed":0.0,"max_hp_gain":0.0,"max_hp_loss":0.0,"gold_gain":0.0,"event_name":"The Cleric","player_choice":"Card Removal","floor":4.0,"gold_loss":50.0,"damage_taken":0.0},{"damage_healed":0,"gold_gain":0,"player_choice":"Paid","damage_taken":0,"relics_obtained":["Red Mask"],"max_hp_gain":0,"max_hp_loss":0,"event_name":"Tomb of Lord Red Mask","floor":37,"gold_loss":34},{"cards_removed":["Flying Knee"],"damage_healed":0,"gold_gain":0,"player_choice":"Card Removal","damage_taken":0,"max_hp_gain":0,"max_hp_loss":0,"event_name":"Wheel of Change","floor":42,"gold_loss":0}],"is_beta":false,"boss_relics":[{"not_picked":["Ring of the Serpent","Philosopher\u0027s Stone"],"picked":"Tiny House"},{"not_picked":["WristBlade","Busted Crown"],"picked":"Cursed Key"}],"items_purged_floors":[],"is_endless":false,"potions_floor_spawned":[3,5,16,20,21,27,31,38,47],"ascension_level":0}}