{"host":"dm4yvegl9um2tlqd","time":1611473870,"event":{"mods":["2.2 Compatiblity","AchievementEnabler","BaseMod","Colored Map","DeckTracker","Highlight Path","KOR Keyword Fix","Keyboard Shortcuts","Minty Spire (QoL Compilation)","Permanent Neow","Quick Restart","Random Character Button","StSLib","SuperFastMode","everything is the same but u backflip on backflip"],"gold_per_floor":[11,29,43,43,43,76,76,103,129,140,151,36,36,49,49,153,153,163,163,181,193,193,193,224,224,249,276,286,312,331,331,331,331,331],"floor_reached":33,"language":"KOR","playtime":1091,"items_purged":["Strike_R"],"score":460,"play_id":"821df057-25d1-4d26-84e5-9eddda2e9f36","local_time":"20210124163750","is_ascension_mode":true,"campfire_choices":[{"data":"Bash","floor":7.0,"key":"SMITH"},{"floor":13.0,"key":"REST"},{"data":"Pommel Strike","floor":15.0,"key":"SMITH"},{"data":"Brutality","floor":23.0,"key":"SMITH"},{"floor":25.0,"key":"REST"},{"data":"Battle Trance","floor":32,"key":"SMITH"}],"circlet_count":0,"master_deck":["Strike_R","Strike_R","Strike_R","Defend_R+1","Defend_R","Defend_R","Defend_R","Bash+1","Apotheosis+1","Wild Strike","Rage+1","Pommel Strike+1","Anger","Hemokinesis","Anger","Brutality+1","Rage+1","Battle Trance+1","Wild Strike","Flame Barrier+1","Immolate","Writhe"],"relics":["Burning Blood","Boot","Orichalcum","Ancient Tea Set","SacredBark","HornCleat","Juzu Bracelet","Unceasing Top","War Paint","Oddly Smooth Stone"],"acts_visited":["Exordium","TheCity"],"potions_floor_usage":[33],"damage_taken":[{"damage":4.0,"enemies":"Small Slimes","floor":1.0,"turns":4.0},{"damage":6.0,"enemies":"Cultist","floor":2.0,"turns":3.0},{"damage":8.0,"enemies":"Jaw Worm","floor":3.0,"turns":4.0},{"damage":32.0,"enemies":"3 Sentries","floor":6.0,"turns":7.0},{"damage":16.0,"enemies":"Gremlin Nob","floor":8.0,"turns":3.0},{"damage":26.0,"enemies":"Exordium Wildlife","floor":10.0,"turns":4.0},{"damage":0.0,"enemies":"2 Fungi Beasts","floor":11.0,"turns":3.0},{"damage":0.0,"enemies":"Looter","floor":14.0,"turns":2.0},{"damage":25.0,"enemies":"Hexaghost","floor":16.0,"turns":7.0},{"damage":21.0,"enemies":"2 Thieves","floor":18.0,"turns":4.0},{"damage":19.0,"enemies":"3 Byrds","floor":20.0,"turns":6.0},{"damage":4.0,"enemies":"Centurion and Healer","floor":21.0,"turns":5.0},{"damage":14.0,"enemies":"Slavers","floor":24.0,"turns":5.0},{"damage":28.0,"enemies":"Gremlin Leader","floor":27.0,"turns":6.0},{"damage":23.0,"enemies":"Snecko","floor":28.0,"turns":5.0},{"damage":46.0,"enemies":"Slavers","floor":29.0,"turns":6.0},{"damage":22.0,"enemies":"3 Cultists","floor":30.0,"turns":5.0},{"damage":57,"enemies":"Automaton","floor":33,"turns":6}],"seed_played":"-2120414981145537535","potions_obtained":[{"floor":1.0,"key":"FairyPotion"},{"floor":6.0,"key":"Fire Potion"},{"floor":8.0,"key":"SteroidPotion"},{"floor":24.0,"key":"FairyPotion"},{"floor":29.0,"key":"Strength Potion"}],"is_trial":false,"path_per_floor":["M","M","M","?","$","E","R","E","T","M","M","$","R","M","R","B",null,"M","?","M","M","?","R","E","R","T","E","M","E","M","?","R","B"],"character_chosen":"IRONCLAD","items_purchased":["Hemokinesis"],"campfire_rested":2,"item_purchase_floors":[12],"current_hp_per_floor":[74,74,72,72,72,46,46,36,36,16,22,22,46,52,52,33,68,53,53,40,42,27,27,19,44,44,22,56,16,56,56,56,0,0],"gold":331,"neow_bonus":"RANDOM_COLORLESS_2","is_daily":false,"chose_seed":false,"campfire_upgraded":4,"win_rate":0.0,"timestamp":1611473870,"path_taken":["M","M","M","?","$","E","R","E","T","M","M","$","R","?","R","BOSS","M","?","M","M","?","R","E","R","T","E","M","E","M","?","R","BOSS"],"items_purchased_type":["Card"],"build_version":"2020-12-22","purchased_purges":1,"victory":false,"max_hp_per_floor":[80,80,80,80,80,80,80,80,80,80,80,80,80,80,80,80,80,80,80,80,80,85,85,85,85,85,85,85,85,85,85,85,85,85],"card_choices":[{"not_picked":["Mayhem","Secret Technique"],"picked":"Apotheosis","floor":0.0},{"not_picked":["Iron Wave","Warcry"],"picked":"Wild Strike","floor":1.0},{"not_picked":["Iron Wave","True Grit"],"picked":"Rage","floor":2.0},{"not_picked":["Headbutt","Rampage"],"picked":"Pommel Strike","floor":3.0},{"not_picked":["Whirlwind","Pommel Strike"],"picked":"Anger","floor":6.0},{"not_picked":["Seeing Red","Headbutt","Juggernaut"],"picked":"SKIP","floor":8.0},{"not_picked":["True Grit","Rampage","Bloodletting"],"picked":"SKIP","floor":10.0},{"not_picked":["Thunderclap","Havoc","Reckless Charge"],"picked":"SKIP","floor":11.0},{"not_picked":["Ghostly Armor","Fire Breathing"],"picked":"Anger","floor":14.0},{"not_picked":["Exhume","Corruption"],"picked":"Brutality","floor":16.0},{"not_picked":["Heavy Blade","Twin Strike"],"picked":"Rage+1","floor":18.0},{"not_picked":["Clash","Reckless Charge"],"picked":"Battle Trance","floor":20.0},{"not_picked":["Twin Strike","Clash+1","Body Slam"],"picked":"SKIP","floor":21.0},{"not_picked":["Body Slam","Barricade"],"picked":"Wild Strike","floor":24.0},{"not_picked":["Pummel","Ghostly Armor"],"picked":"Flame Barrier+1","floor":27.0},{"not_picked":["Clothesline","Flex","Havoc"],"picked":"SKIP","floor":28.0},{"not_picked":["Body Slam","Pummel"],"picked":"Immolate","floor":29.0},{"not_picked":["Intimidate+1","Inflame","Heavy Blade"],"picked":"SKIP","floor":30}],"player_experience":86018,"relics_obtained":[{"floor":6.0,"key":"Boot"},{"floor":8.0,"key":"Orichalcum"},{"floor":9.0,"key":"Ancient Tea Set"},{"floor":24.0,"key":"HornCleat"},{"floor":26.0,"key":"Juzu Bracelet"},{"floor":27.0,"key":"Unceasing Top"},{"floor":29.0,"key":"War Paint"}],"event_choices":[{"damage_healed":0.0,"max_hp_gain":0.0,"max_hp_loss":0.0,"gold_gain":0.0,"event_name":"Upgrade Shrine","player_choice":"Upgraded","floor":4.0,"gold_loss":0.0,"damage_taken":0.0,"cards_upgraded":["Apotheosis"]},{"cards_removed":["Strike_R"],"damage_healed":0.0,"max_hp_gain":0.0,"max_hp_loss":0.0,"gold_gain":0.0,"event_name":"Back to Basics","player_choice":"Elegance","floor":19.0,"gold_loss":0.0,"damage_taken":0.0},{"damage_healed":0.0,"max_hp_gain":5.0,"max_hp_loss":0.0,"gold_gain":0.0,"event_name":"Forgotten Altar","player_choice":"Shed Blood","floor":22.0,"gold_loss":0.0,"damage_taken":20.0},{"damage_healed":0,"gold_gain":0,"player_choice":"Opened","damage_taken":0,"relics_obtained":["Oddly Smooth Stone"],"max_hp_gain":0,"max_hp_loss":0,"event_name":"The Mausoleum","floor":31,"gold_loss":0,"cards_obtained":["Writhe"]}],"is_beta":false,"boss_relics":[{"not_picked":["Runic Dome","Ectoplasm"],"picked":"SacredBark"}],"items_purged_floors":[12],"is_endless":false,"potions_floor_spawned":[1,6,8,11,18,24,29],"killed_by":"Automaton","ascension_level":9}}