{"host":"kjcsj8kbkx3w6fc4","time":1611457388,"event":{"mods":["2.2 Compatiblity","Aspiration","BaseMod","Better Third Choice","Conspire","Downfall","Hermit","Infinite Spire","Minty Spire (QoL Compilation)","Permanent Neow","StSLib","The Cursed"],"gold_per_floor":[99,119,18,18,36,36,36,62,73,108,208,208,208,237,248,248,248,248],"floor_reached":16,"language":"ENG","playtime":1518,"items_purged":["Guardian:Strike_Guardian"],"score":118,"play_id":"1f58eb23-22a5-4415-bd89-0950bf320504","local_time":"20210123220308","is_ascension_mode":false,"campfire_choices":[{"data":"Guardian:CurlUp","floor":1,"key":"SMITH"},{"data":"Guardian:Orbwalk","floor":6,"key":"SMITH"},{"data":"Guardian:Preprogram","floor":13,"key":"SMITH"}],"circlet_count":0,"master_deck":["Guardian:Strike_Guardian","Guardian:Strike_Guardian","Guardian:Defend_Guardian","Guardian:Defend_Guardian","Guardian:Defend_Guardian","Guardian:Defend_Guardian","Guardian:CurlUp+1","Guardian:TwinSlam","Guardian:FloatingOrbs","Guardian:Preprogram+1","Guardian:Orbwalk+1","Guardian:Clone","Guardian:ChargeCore","Guardian:PiercingHide","Guardian:ShieldSpikes"],"relics":["Guardian:ModeShifter","Smiling Mask","Sundial","MealTicket","Matryoshka","Bag of Marbles"],"acts_visited":["Exordium"],"potions_floor_usage":[16],"damage_taken":[{"damage":1,"enemies":"Jaw Worm","floor":2,"turns":5},{"damage":0,"enemies":"downfall:FleeingMerchant","floor":3,"turns":4},{"damage":13,"enemies":"infinitespire:Voidling","floor":5,"turns":5},{"damage":14,"enemies":"Gremlin Nob","floor":8,"turns":5},{"damage":1,"enemies":"Cultist","floor":9,"turns":4},{"damage":18,"enemies":"Lagavulin","floor":10,"turns":6},{"damage":12,"enemies":"3 Sentries","floor":14,"turns":9},{"damage":6,"enemies":"Large Slime","floor":15,"turns":6},{"damage":31,"enemies":"WA_ARCHETYPE_RETAIN","floor":16,"turns":9}],"seed_played":"4983717841514455205","potions_obtained":[{"floor":2,"key":"LiquidBronze"},{"floor":8,"key":"DuplicationPotion"},{"floor":14,"key":"Guardian:AcceleratePotion"}],"is_trial":false,"path_per_floor":["R","M","$","?","M","R","T","E","M","E","?","?","R","E","M","B"],"character_chosen":"GUARDIAN","items_purchased":["Guardian:Preprogram"],"campfire_rested":0,"item_purchase_floors":[3],"current_hp_per_floor":[80,79,79,79,79,79,79,65,64,46,46,46,46,34,28,0,0,0],"gold":248,"neow_bonus":"RANDOM_COMMON_RELIC","is_daily":false,"chose_seed":false,"campfire_upgraded":3,"win_rate":0.0,"timestamp":1611457388,"path_taken":["R","M","$","?","M","R","T","E","M","E","?","?","R","E","M","BOSS"],"items_purchased_type":["Card"],"build_version":"2020-12-22","purchased_purges":1,"victory":false,"max_hp_per_floor":[80,80,80,80,80,80,80,80,80,80,80,80,80,80,80,80,80,80],"card_choices":[{"not_picked":["Guardian:Recover","Guardian:Gem_Crimson"],"picked":"Guardian:Gem_Lightblue","floor":2},{"not_picked":["Guardian:TemporalStrike","Guardian:Gem_Cyan"],"picked":"Guardian:FloatingOrbs","floor":3},{"not_picked":["Guardian:TemporalStrike","Guardian:RefractedBeam"],"picked":"Guardian:Orbwalk","floor":5},{"not_picked":["Guardian:BronzeOrb","Guardian:Gem_Purple"],"picked":"Guardian:Clone","floor":8},{"not_picked":["Guardian:Gem_Lightblue","Guardian:Planning"],"picked":"Guardian:ChargeCore","floor":9},{"not_picked":["Guardian:TemporalShield","Guardian:EvasiveProtocol"],"picked":"Guardian:Gem_Blue","floor":10},{"not_picked":["Guardian:Reroute","Guardian:DonusPower"],"picked":"Guardian:PiercingHide","floor":14},{"not_picked":["Guardian:TimeBomb","Guardian:CrystalBeam"],"picked":"Guardian:ShieldSpikes","floor":15}],"player_experience":134911,"relics_obtained":[{"floor":7,"key":"Sundial"},{"floor":8,"key":"MealTicket"},{"floor":10,"key":"Matryoshka"},{"floor":14,"key":"Bag of Marbles"}],"event_choices":[],"is_beta":false,"boss_relics":[],"items_purged_floors":[3],"is_endless":false,"potions_floor_spawned":[2,8,14,15],"killed_by":"WA_ARCHETYPE_RETAIN","ascension_level":0}}