{"host":"clf2hd4adhiiw0zf","time":1611530076,"event":{"mods":["AchievementEnabler","BaseMod","Beaked The Cultist","Bestiary","Dark Map","Downfall","Gremlin Mod","Hermit","Jorbs\u0027s Wanderer Trilogy","Marisa????????","Minty Spire (QoL Compilation)","Shop Mod","StSLib","The Cursed","The Servant 0.9.4","UnlockEverythingMod","Wide Potions"],"gold_per_floor":[99,199,474,486,496,529,529,329,356,356,382,173,173,85,96,194,194,194,205,55,67,67,147,147,147],"floor_reached":23,"language":"ENG","playtime":910,"items_purged":[],"score":215,"play_id":"2c65fda6-ee60-4bb4-89c0-cb2b5867c5cc","local_time":"20210124161436","is_ascension_mode":true,"campfire_choices":[{"floor":1,"key":"RECALL"},{"floor":8,"key":"REST"},{"data":"Slimebound:PrepareCrush","floor":10,"key":"SMITH"},{"data":"Slimebound:BestDefense","floor":13,"key":"SMITH"},{"data":"Slimebound:CheckThePlaybook","floor":18,"key":"SMITH"}],"circlet_count":0,"master_deck":["Slimebound:Strike_Slimebound","Slimebound:Strike_Slimebound","Slimebound:Strike_Slimebound","Slimebound:Tackle","Slimebound:Defend_Slimebound","Slimebound:Defend_Slimebound","Slimebound:Defend_Slimebound","Slimebound:Defend_Slimebound","Slimebound:Split","Slimebound:CorrosiveSpit","Slimebound:PrepareCrush+1","Regret","Slimebound:RollThrough","Slimebound:Prepare","Slimebound:BestDefense+1","Slimebound:SlimeSpikes","Slimebound:Prepare","Slimebound:GoopTackle","Slimebound:GoopTackle","Slimebound:OozeBath","Slimebound:FinishingTackle","Slimebound:CheckThePlaybook+1","Ghostly","Slimebound:FlameTackle"],"relics":["Slimebound:AbsorbEndCombat","Blue Candle","Meat on the Bone","downfall:HeartBlessingRed","downfall:HeartBlessingGreen","Bottled Tornado","Ancient Tea Set","Toy Ornithopter","SlaversCollar","downfall:KnowingSkull"],"acts_visited":["Exordium","TheCity"],"potions_floor_usage":[16,19,23],"damage_taken":[{"damage":15,"enemies":"Jaw Worm","floor":4,"turns":2},{"damage":2,"enemies":"Small Slimes","floor":5,"turns":3},{"damage":32,"enemies":"Gremlin Nob","floor":6,"turns":4},{"damage":19,"enemies":"Lagavulin","floor":9,"turns":6},{"damage":6,"enemies":"Gremlin Nob","floor":11,"turns":3},{"damage":3,"enemies":"downfall:FleeingMerchant","floor":12,"turns":4},{"damage":10,"enemies":"downfall:FleeingMerchant","floor":14,"turns":4},{"damage":8,"enemies":"Cultist","floor":15,"turns":3},{"damage":29,"enemies":"SI_SHIV_ARCHETYPE","floor":16,"turns":6},{"damage":16,"enemies":"Spheric Guardian","floor":19,"turns":2},{"damage":17,"enemies":"Snake Plant","floor":21,"turns":3}],"seed_played":"-7675109809078283712","potions_obtained":[{"floor":4,"key":"FearPotion"},{"floor":15,"key":"Dexterity Potion"},{"floor":16,"key":"AttackPotion"}],"is_trial":false,"path_per_floor":["R","?","?","M","M","E","T","R","E","R","E","$","R","$","M","B",null,"R","M","?","M","?","M"],"character_chosen":"SLIMEBOUND","items_purchased":["Toy Ornithopter","Slimebound:GoopTackle","Slimebound:OozeBath"],"campfire_rested":1,"item_purchase_floors":[12,12,14],"current_hp_per_floor":[65,65,65,50,48,18,18,37,36,36,42,39,39,43,35,27,65,65,49,49,34,28,0,0,0],"gold":147,"neow_bonus":"ONE_RANDOM_RARE_CARD","is_daily":false,"chose_seed":false,"campfire_upgraded":3,"win_rate":0.0,"timestamp":1611530076,"path_taken":["R","?","?","?","M","E","T","R","E","R","E","$","R","$","M","BOSS","R","M","?","M","?","?"],"items_purchased_type":["Relic","Card","Card"],"build_version":"2020-12-22","purchased_purges":0,"victory":false,"max_hp_per_floor":[65,65,65,65,65,65,65,65,65,65,65,65,65,65,65,65,65,65,65,65,65,65,65,65,65],"card_choices":[{"not_picked":["Slimebound:LevelUp","Slimebound:GoopTackle"],"picked":"Slimebound:RollThrough","floor":4},{"not_picked":["Slimebound:SlimeBrawl","Slimebound:GoopTackle"],"picked":"Slimebound:Prepare","floor":5},{"not_picked":["Slimebound:ComboTackle","Slimebound:FormOfPuddle"],"picked":"Slimebound:BestDefense","floor":6},{"not_picked":["Slimebound:DivideAndConquer","Slimebound:SlimeBrawl"],"picked":"Slimebound:SlimeSpikes","floor":9},{"not_picked":["Slimebound:LeechingTouch","Slimebound:RainOfGoop","Slimebound:LeadByExample"],"picked":"SKIP","floor":11},{"not_picked":["Slimebound:SplitLeeching","Slimebound:SplitBruiser"],"picked":"Slimebound:Prepare","floor":12},{"not_picked":["Slimebound:SplitBruiser","Slimebound:OneTwoCombo"],"picked":"Slimebound:GoopTackle","floor":14},{"not_picked":["Slimebound:LeechingTouch","Slimebound:SplitBruiser"],"picked":"Slimebound:FinishingTackle","floor":15},{"not_picked":["Slimebound:LeechLife","Slimebound:SelfFormingGoo"],"picked":"Slimebound:CheckThePlaybook","floor":16},{"not_picked":["Slimebound:LeadByExample+1","Slimebound:SamplingLick","Slimebound:GoopTackle"],"picked":"SKIP","floor":19},{"not_picked":["Slimebound:TongueLash","Slimebound:Schlurp"],"picked":"Slimebound:FlameTackle","floor":21}],"player_experience":108636,"relics_obtained":[{"floor":6,"key":"Blue Candle"},{"floor":7,"key":"Meat on the Bone"},{"floor":9,"key":"Bottled Tornado"},{"floor":11,"key":"Ancient Tea Set"}],"event_choices":[],"is_beta":false,"boss_relics":[{"not_picked":["Snecko Eye","Philosopher\u0027s Stone"],"picked":"SlaversCollar"}],"items_purged_floors":[],"is_endless":false,"potions_floor_spawned":[4,9,15,16],"killed_by":"Cultist and Chosen","ascension_level":1}}