{"host":"gobyjzz6xbwq9f9i","time":1611467922,"event":{"mods":["AchievementEnabler","BaseMod","Bestiary","Colored Map","Minty Spire (QoL Compilation)"],"gold_per_floor":[217,292,303,318,329,329,348,374,451,58,89,89,89,106,106,106,106],"floor_reached":16,"language":"ENG","playtime":748,"items_purged":[],"score":168,"play_id":"fb30c38f-72cc-4896-ba0d-efce1708f27d","local_time":"20210123215842","is_ascension_mode":true,"campfire_choices":[{"data":"Bash","floor":6,"key":"SMITH"},{"data":"Rampage","floor":12,"key":"SMITH"},{"floor":15,"key":"REST"}],"circlet_count":0,"master_deck":["AscendersBane","Strike_R","Strike_R","Strike_R","Strike_R","Strike_R","Defend_R","Defend_R","Defend_R","Defend_R","Bash+1","Battle Trance","Headbutt","Heavy Blade","Rampage+1","Corruption","Shockwave","Feel No Pain","Secret Technique","Pommel Strike","Spot Weakness"],"relics":["Burning Blood","InkBottle","Eternal Feather","Bag of Preparation","FossilizedHelix","Vajra"],"acts_visited":["Exordium"],"potions_floor_usage":[7,8,11],"damage_taken":[{"damage":9,"enemies":"Jaw Worm","floor":1,"turns":5},{"damage":10,"enemies":"Cultist","floor":3,"turns":5},{"damage":1,"enemies":"2 Louse","floor":4,"turns":4},{"damage":12,"enemies":"Red Slaver","floor":5,"turns":4},{"damage":20,"enemies":"Gremlin Gang","floor":7,"turns":5},{"damage":26,"enemies":"Lagavulin","floor":8,"turns":7},{"damage":18,"enemies":"3 Sentries","floor":11,"turns":8},{"damage":0,"enemies":"Large Slime","floor":14,"turns":4},{"damage":49,"enemies":"Hexaghost","floor":16,"turns":9}],"seed_played":"2882227191336909290","potions_obtained":[{"floor":1,"key":"ColorlessPotion"},{"floor":4,"key":"Weak Potion"},{"floor":5,"key":"Ancient Potion"},{"floor":7,"key":"ColorlessPotion"}],"is_trial":false,"path_per_floor":["M","?","M","M","M","R","M","E","T","$","E","R","?","M","R","B"],"character_chosen":"IRONCLAD","items_purchased":["Bag of Preparation","Feel No Pain","Secret Technique"],"campfire_rested":1,"item_purchase_floors":[10,10,10],"current_hp_per_floor":[69,61,57,62,56,56,42,22,22,22,10,22,4,10,46,0,0],"gold":106,"neow_bonus":"HUNDRED_GOLD","is_daily":false,"chose_seed":false,"campfire_upgraded":2,"win_rate":0.0,"timestamp":1611467922,"path_taken":["M","?","M","M","?","R","M","E","T","$","E","R","?","M","R","BOSS"],"items_purchased_type":["Relic","Card","Card"],"build_version":"2020-12-22","purchased_purges":0,"victory":false,"max_hp_per_floor":[80,80,80,80,80,80,80,80,80,80,80,80,80,80,80,80,80],"card_choices":[{"not_picked":["Burning Pact","True Grit"],"picked":"Battle Trance","floor":1},{"not_picked":["Burning Pact","Intimidate"],"picked":"Headbutt","floor":3},{"not_picked":["Rage","Infernal Blade"],"picked":"Heavy Blade","floor":4},{"not_picked":["Combust","Sword Boomerang"],"picked":"Rampage","floor":5},{"not_picked":["Armaments","Clash"],"picked":"Corruption","floor":7},{"not_picked":["Havoc","Dropkick"],"picked":"Shockwave","floor":8},{"not_picked":["Sentinel","Dual Wield"],"picked":"Pommel Strike","floor":11},{"not_picked":["Infernal Blade","Burning Pact"],"picked":"Spot Weakness","floor":14}],"player_experience":1145762,"relics_obtained":[{"floor":8,"key":"InkBottle"},{"floor":9,"key":"Eternal Feather"},{"floor":11,"key":"FossilizedHelix"}],"event_choices":[{"damage_healed":0,"gold_gain":75,"player_choice":"Touch","damage_taken":8,"max_hp_gain":0,"max_hp_loss":0,"event_name":"FaceTrader","floor":2,"gold_loss":0},{"damage_healed":0,"gold_gain":0,"player_choice":"Success","damage_taken":18,"relics_obtained":["Vajra"],"max_hp_gain":0,"max_hp_loss":0,"event_name":"Scrap Ooze","floor":13,"gold_loss":0}],"is_beta":false,"boss_relics":[],"items_purged_floors":[],"is_endless":false,"potions_floor_spawned":[1,4,5,7],"killed_by":"Hexaghost","ascension_level":10}}