{"host":"n91w9dq5l8qws978","time":1611513520,"event":{"mods":["BaseMod","Bestiary","Challenge The Spire","Custom Start","Defuse TimeMaze Blight","Keyboard Shortcuts","Minty Spire (QoL Compilation)","MonsterHotkey","Relic Stats","StSLib","Uncapped"],"gold_per_floor":[117,134,37,57,68,68,94,94,118,145,110,139,153,170,170,170,170],"floor_reached":16,"language":"ENG","playtime":858,"items_purged":[],"score":220,"play_id":"1e6bdcd8-9e5a-4325-af37-095480d1c192","local_time":"20210124183840","is_ascension_mode":true,"campfire_choices":[{"data":"Well Laid Plans","floor":6,"key":"SMITH"},{"data":"Leg Sweep","floor":8,"key":"SMITH"},{"data":"Footwork","floor":15,"key":"SMITH"}],"circlet_count":0,"master_deck":["AscendersBane","Strike_G","Strike_G","Strike_G","Strike_G","Strike_G","Defend_G","Defend_G","Defend_G","Defend_G","Defend_G","Survivor","Neutralize+1","Leg Sweep+1","Dagger Spray","Footwork+1","Well Laid Plans+1","Predator","Dodge and Roll","Backflip","Poisoned Stab","Caltrops"],"relics":["Ring of the Snake","Regal Pillow","Potion Belt","Toy Ornithopter","Lantern","Ice Cream"],"acts_visited":["Exordium"],"potions_floor_usage":[5,7,13,16],"damage_taken":[{"damage":0,"enemies":"Small Slimes","floor":1,"turns":5},{"damage":0,"enemies":"Cultist","floor":2,"turns":4},{"damage":0,"enemies":"2 Louse","floor":4,"turns":3},{"damage":11,"enemies":"Exordium Wildlife","floor":5,"turns":5},{"damage":17,"enemies":"Lagavulin","floor":7,"turns":13},{"damage":23,"enemies":"Gremlin Nob","floor":10,"turns":5},{"damage":11,"enemies":"Lagavulin","floor":12,"turns":12},{"damage":0,"enemies":"3 Louse","floor":13,"turns":5},{"damage":0,"enemies":"Looter","floor":14,"turns":5},{"damage":37,"enemies":"Slime Boss","floor":16,"turns":10}],"seed_played":"-3524771736581161873","potions_obtained":[{"floor":4,"key":"AttackPotion"},{"floor":5,"key":"SkillPotion"},{"floor":12,"key":"Block Potion"},{"floor":14,"key":"Block Potion"}],"is_trial":false,"path_per_floor":["M","M","?","M","M","R","E","R","T","E","?","E","M","M","R","B"],"character_chosen":"THE_SILENT","items_purchased":[],"campfire_rested":0,"item_purchase_floors":[],"current_hp_per_floor":[59,59,59,59,48,48,31,31,31,8,24,13,18,18,18,0,0],"gold":170,"neow_bonus":"UPGRADE_CARD","is_daily":false,"chose_seed":false,"campfire_upgraded":3,"win_rate":0.0,"timestamp":1611513520,"path_taken":["M","M","?","?","M","R","E","R","T","E","?","E","M","M","R","BOSS"],"items_purchased_type":[],"build_version":"2020-12-22","purchased_purges":0,"victory":false,"max_hp_per_floor":[66,66,66,66,66,66,66,66,66,66,66,66,66,66,66,66,66],"relic_stats":{"Regal Pillow":0,"counters":[10,67],"obtain_stats":[{"Potion Belt":7,"Ice Cream":12,"Regal Pillow":3,"Lantern":10,"Toy Ornithopter":9,"Ring of the Snake":0},{"Potion Belt":5,"Ice Cream":7,"Regal Pillow":2,"Lantern":6,"Toy Ornithopter":5,"Ring of the Snake":0},{"Potion Belt":30,"Ice Cream":47,"Regal Pillow":9,"Lantern":35,"Toy Ornithopter":30,"Ring of the Snake":0}],"Toy Ornithopter":10,"Ring of the Snake":[20]},"card_choices":[{"not_picked":["Deflect","Crippling Poison"],"picked":"Leg Sweep","floor":1},{"not_picked":["Quick Slash","Cloak And Dagger"],"picked":"Dagger Spray","floor":2},{"not_picked":["Expertise","Bane"],"picked":"Footwork","floor":4},{"not_picked":["Dash","Venomology"],"picked":"Well Laid Plans","floor":5},{"not_picked":["Backstab","PiercingWail"],"picked":"Predator","floor":7},{"not_picked":["Heel Hook","Backstab"],"picked":"Dodge and Roll","floor":10},{"not_picked":["Wraith Form v2","Underhanded Strike"],"picked":"Backflip","floor":12},{"not_picked":["Slice","Terror"],"picked":"Poisoned Stab","floor":13},{"not_picked":["Acrobatics","Setup"],"picked":"Caltrops","floor":14}],"player_experience":415834,"relics_obtained":[{"floor":7,"key":"Potion Belt"},{"floor":9,"key":"Toy Ornithopter"},{"floor":10,"key":"Lantern"},{"floor":12,"key":"Ice Cream"}],"event_choices":[{"damage_healed":0,"gold_gain":0,"player_choice":"Paid Gold","damage_taken":0,"relics_obtained":["Regal Pillow"],"max_hp_gain":0,"max_hp_loss":0,"event_name":"WeMeetAgain","floor":3,"gold_loss":97},{"damage_healed":16,"gold_gain":0,"player_choice":"Healed","damage_taken":0,"max_hp_gain":0,"max_hp_loss":0,"event_name":"The Cleric","floor":11,"gold_loss":35}],"is_beta":false,"boss_relics":[],"items_purged_floors":[],"is_endless":false,"potions_floor_spawned":[4,5,12,14],"killed_by":"Slime Boss","ascension_level":16}}