{"host":"yqa5il53nhlo2jdd","time":1611490671,"event":{"mods":["AchievementEnabler","Arknights The Spire","BaseMod","BetterRewards","Minty Spire (QoL Compilation)","StSLib","[IsaacMod]ÒÔÈö¼âËþ"],"gold_per_floor":[114,114,130,145,70,102,102,177,228,228,228,246,270,270,270,394,394,410,410,431,90,109,109,109,109],"floor_reached":24,"language":"ZHS","playtime":1113,"items_purged":["ats:Strike G","ats:Strike V"],"score":255,"play_id":"47bc20b8-8082-4865-934b-474a0950b456","local_time":"20210124201751","is_ascension_mode":true,"campfire_choices":[{"data":"ats:Emotion Absorption","floor":11,"key":"SMITH"},{"data":"ats:Soul Absorption","floor":15,"key":"SMITH"},{"floor":23,"key":"REST"}],"circlet_count":0,"master_deck":["ats:Strike C","ats:Strike S","ats:Armor Crushing Shot","ats:Defend","ats:Defend","ats:Defend","ats:Defend","ats:Emotion Absorption+1","ats:Mental Burst","ats:Soul Absorption+1","ats:Echo Reverb","ats:Guardian Obelisk","ats:Chain Hook+1"],"relics":["ats:Sanity","HushsDoor","NeowsBlessing","TheBible","ats:Originium","PreservedInsect","Golden Idol","ats:Berate","TungstenRod","Runic Pyramid","Enchiridion","Molten Egg 2"],"acts_visited":["Exordium","TheCity"],"potions_floor_usage":[12,13,18],"damage_taken":[{"damage":0.0,"enemies":"Small Slimes","floor":1.0,"turns":1.0},{"damage":0.0,"enemies":"Jaw Worm","floor":3.0,"turns":1.0},{"damage":0.0,"enemies":"2 Louse","floor":4.0,"turns":1.0},{"damage":16.0,"enemies":"Gremlin Nob","floor":6.0,"turns":3.0},{"damage":4,"enemies":"Blue Slaver","floor":12,"turns":4},{"damage":0,"enemies":"3 Louse","floor":13,"turns":2},{"damage":8,"enemies":"The Guardian","floor":16,"turns":19},{"damage":15,"enemies":"3 Byrds","floor":18,"turns":5},{"damage":9,"enemies":"Shell Parasite","floor":20,"turns":4},{"damage":10,"enemies":"Snecko","floor":22,"turns":4},{"damage":39,"enemies":"Gremlin Leader","floor":24,"turns":4}],"seed_played":"4177053421928529148","potions_obtained":[{"floor":4.0,"key":"LiquidMemories"},{"floor":6.0,"key":"SkillPotion"},{"floor":12,"key":"Explosive Potion"},{"floor":16,"key":"GamblersBrew"}],"is_trial":false,"path_per_floor":["M","?","M","M","$","E","?","?","T","?","R","M","M","?","R","B",null,"M","?","M","$","M","R","E"],"character_chosen":"DOCTOR_CLASS","items_purchased":["Molten Egg 2"],"campfire_rested":1,"item_purchase_floors":[21],"current_hp_per_floor":[65,70,70,70,70,54,54,43,43,43,43,39,39,27,27,19,58,43,31,22,22,12,33,0,0],"gold":109,"neow_bonus":"THREE_ENEMY_KILL","is_daily":false,"chose_seed":false,"campfire_upgraded":2,"win_rate":0.0,"timestamp":1611490671,"path_taken":["M","?","M","M","$","E","?","?","T","?","R","?","M","?","R","BOSS","M","?","M","$","M","R","E"],"items_purchased_type":["Relic"],"build_version":"2020-12-22","purchased_purges":2,"victory":false,"max_hp_per_floor":[72,77,77,77,77,77,71,71,71,71,71,71,71,71,71,71,71,71,71,71,71,71,71,71,71],"card_choices":[{"not_picked":["ats:Shell Defense","ats:Sword Rain","ats:Part Time Job"],"picked":"SKIP","floor":1.0},{"not_picked":["ats:Counter Healing Mode","Bomb"],"picked":"ats:Mental Burst","floor":3.0},{"not_picked":["ats:Absolute Focus","ats:Magnetic Hammer"],"picked":"ats:Soul Absorption","floor":4.0},{"not_picked":["ats:Soul Rend","ats:Durian","ats:Serious Mode"],"picked":"SKIP","floor":6.0},{"not_picked":["ats:Steam Pump","ats:Apocalypse","ats:Shell Defense"],"picked":"SKIP","floor":12},{"not_picked":["ats:Healing Drone","ats:Poison Spread","ats:Curse Doll"],"picked":"SKIP","floor":13},{"not_picked":["ats:Nebulous Foxfire","ats:Dogmatic Field"],"picked":"ats:Echo Reverb","floor":16},{"not_picked":["ats:Leaping Hammer","ats:Overload+1"],"picked":"ats:Guardian Obelisk","floor":18},{"not_picked":["ats:Guard Mode","ats:Shell Defense","ats:Flexible Camouflage+1"],"picked":"SKIP","floor":20},{"not_picked":["ats:Encircling Forest","ats:Cat Scratch+1"],"picked":"ats:Chain Hook+1","floor":22}],"player_experience":681150,"relics_obtained":[{"floor":6.0,"key":"ats:Originium"},{"floor":6.0,"key":"PreservedInsect"},{"floor":9.0,"key":"ats:Berate"},{"floor":19,"key":"Enchiridion"}],"event_choices":[{"damage_healed":0.0,"max_hp_gain":5.0,"max_hp_loss":0.0,"gold_gain":0.0,"event_name":"Big Fish","player_choice":"Donut","floor":2.0,"gold_loss":0.0,"damage_taken":0.0},{"damage_healed":0.0,"max_hp_gain":0.0,"max_hp_loss":6.0,"gold_gain":0.0,"event_name":"Golden Idol","player_choice":"Lose Max HP","floor":7.0,"gold_loss":0.0,"damage_taken":0.0,"relics_obtained":["Golden Idol"]},{"damage_healed":0.0,"max_hp_gain":0.0,"max_hp_loss":0.0,"gold_gain":75.0,"event_name":"World of Goop","player_choice":"Gather Gold","floor":8.0,"gold_loss":0.0,"damage_taken":11.0},{"damage_healed":0,"gold_gain":0,"player_choice":"Ignored","damage_taken":0,"max_hp_gain":0,"max_hp_loss":0,"event_name":"Shining Light","floor":10,"gold_loss":0},{"damage_healed":0,"gold_gain":0,"player_choice":"Success","damage_taken":12,"relics_obtained":["TungstenRod"],"max_hp_gain":0,"max_hp_loss":0,"event_name":"Scrap Ooze","floor":14,"gold_loss":0},{"damage_healed":0,"gold_gain":0,"player_choice":"Obtained Book","damage_taken":16,"max_hp_gain":0,"max_hp_loss":0,"event_name":"Cursed Tome","floor":19,"gold_loss":0}],"is_beta":false,"boss_relics":[{"not_picked":["ChampionBelt","Cursed Key"],"picked":"Runic Pyramid"},{"not_picked":[]}],"items_purged_floors":[5,21],"is_endless":false,"potions_floor_spawned":[4,6,12,16],"killed_by":"Gremlin Leader","ascension_level":6}}