{"host":"ju66gn9zov5ov15o","time":1611485564,"event":{"mods":["2.2 Compatiblity","Act Like it!","Arknights The Spire","Aspiration","BaseMod","Conspire","Downfall","GifTheSpireLib","Hubris","Lobotomy","LobotomyExtend","Marisa????????","Minty Spire (QoL Compilation)","Pale of the Ancients","Rare Cards Sparkle","Relic Stats","StSLib","The Alterego","The Animator"],"gold_per_floor":[128,228,228,247,257,257,257],"floor_reached":6,"language":"ENG","playtime":789,"items_purged":[],"score":56,"play_id":"eb6e9d29-438a-4238-8d59-73cbe822b394","local_time":"20210124115244","is_ascension_mode":true,"campfire_choices":[],"circlet_count":0,"master_deck":["AscendersBane","animator:Strike_MadokaMagica","animator:Defend_MadokaMagica","animator:Strike","animator:Strike","animator:Strike","animator:Defend","animator:Defend","animator:Defend","animator:IrohaTamaki","animator:YuiTsuruno","animator:Magilou","animator:Guy","Decay","hubris:Sloth","hubris:Disease","animator:Elesis+2","animator:ShinjiMatou","animator:Tyuule"],"relics":["animator:LivingPicture","animator:TheMissingPiece","LetterFromLob","downfall:ExtraCursedKey"],"acts_visited":["Exordium"],"potions_floor_usage":[5],"damage_taken":[{"damage":7,"enemies":"Small Slimes","floor":1,"turns":5},{"damage":32,"enemies":"Jaw Worm","floor":4,"turns":5},{"damage":13,"enemies":"Cultist","floor":5,"turns":4},{"damage":0,"enemies":"3 Sentries","floor":6,"turns":1}],"seed_played":"5344524544391229603","potions_obtained":[{"floor":4,"key":"DuplicationPotion"}],"is_trial":false,"path_per_floor":["M","?","?","M","M","E"],"character_chosen":"THE_ANIMATOR","items_purchased":[],"campfire_rested":0,"item_purchase_floors":[],"current_hp_per_floor":[52,57,57,25,12,12,12],"gold":257,"neow_bonus":"RANDOM_COLORLESS","is_daily":false,"chose_seed":false,"campfire_upgraded":0,"win_rate":0.0,"timestamp":1611485564,"path_taken":["M","?","?","M","?","E"],"items_purchased_type":[],"build_version":"2020-12-22","purchased_purges":0,"victory":false,"max_hp_per_floor":[66,71,71,71,71,71,71],"relic_stats":{"counters":[4,15],"obtain_stats":[{"animator:TheMissingPiece":0,"animator:LivingPicture":0,"downfall:ExtraCursedKey":2,"LetterFromLob":1},{"animator:TheMissingPiece":0,"animator:LivingPicture":0,"downfall:ExtraCursedKey":1,"LetterFromLob":1},{"animator:TheMissingPiece":0,"animator:LivingPicture":0,"downfall:ExtraCursedKey":5,"LetterFromLob":5}]},"card_choices":[{"not_picked":["animator:QuestionMark","animator:NononJakuzure"],"picked":"animator:Magilou","floor":0},{"not_picked":["animator:UneriGinkaku","animator:ZankiKiguchi"],"picked":"animator:Guy","floor":1},{"not_picked":["animator:Emonzaemon","animator:Guy"],"picked":"animator:ShinjiMatou","floor":4},{"not_picked":["animator:Emonzaemon","animator:Nanami"],"picked":"animator:Tyuule","floor":5}],"player_experience":458071,"relics_obtained":[{"floor":1,"key":"LetterFromLob"}],"event_choices":[{"damage_healed":0,"gold_gain":0,"player_choice":"Upgraded","damage_taken":0,"max_hp_gain":0,"max_hp_loss":0,"event_name":"Upgrade Shrine","floor":3,"gold_loss":0,"cards_upgraded":["animator:Elesis"]}],"is_beta":false,"boss_relics":[],"items_purged_floors":[],"is_endless":false,"potions_floor_spawned":[4],"killed_by":"3 Sentries","ascension_level":11}}