{"host":"owox7x4ngjt9htcc","time":1611475775,"event":{"mods":["BaseMod","Colored Map","DeckTracker","Keyboard Shortcuts","Minty Spire (QoL Compilation)","SuperFastMode"],"gold_per_floor":[114,289,239,254,46,46,76,76,151,151,181,196,226,241,241,341,341,356,371,386,386,401,401,431,446,446,476,124,124,124,139,139,239,239,254,269,284,284,299,329,329,46,46,76,122,137,167,182,182,182],"floor_reached":51,"language":"KOR","playtime":1774,"items_purged":["Writhe"],"score":897,"play_id":"0d86cc7a-0e6a-43a8-911a-89ca88ca81a4","local_time":"20210124170935","daily_mods":["Draft","Colorless Cards","Terminal"],"is_ascension_mode":false,"campfire_choices":[{"data":"Cloak And Dagger","floor":6,"key":"SMITH"},{"data":"Crippling Poison","floor":8,"key":"SMITH"},{"data":"Cloak And Dagger","floor":10,"key":"SMITH"},{"data":"Accuracy","floor":15,"key":"SMITH"},{"data":"Cloak And Dagger","floor":23,"key":"SMITH"},{"data":"Storm of Steel","floor":29,"key":"SMITH"},{"floor":32,"key":"REST"},{"floor":41,"key":"REST"},{"data":"Apotheosis","floor":49,"key":"SMITH"}],"circlet_count":0,"master_deck":["Backflip","Cloak And Dagger+1","Flying Knee","Finesse","PiercingWail","Dagger Spray","PiercingWail","Cloak And Dagger+1","Quick Slash+1","Poisoned Stab","Dodge and Roll","Dodge and Roll","Escape Plan","Flying Knee","Poisoned Stab","Accuracy+1","Cloak And Dagger+1","Crippling Poison+1","Acrobatics","Madness","Poisoned Stab+1","Escape Plan+1","Distraction","Sucker Punch+1","Bullet Time","Storm of Steel+1","Footwork","Prepared+1","Sadistic Nature","Parasite","Heel Hook","Apotheosis+1","Blade Dance","Accuracy","Tactician+1","Master of Strategy","Madness"],"relics":["Ring of the Serpent","Membership Card","Bottled Flame","Mercury Hourglass","Oddly Smooth Stone","Bag of Marbles","Boot","Darkstone Periapt","Blue Candle","Nunchaku","Pear","Turnip","WristBlade","Bag of Preparation","Vajra","Happy Flower","TwistedFunnel","Pantograph","Whetstone","Torii","Anchor"],"acts_visited":["Exordium","TheCity","TheBeyond"],"potions_floor_usage":[22,40,50,50,50],"damage_taken":[{"damage":0,"enemies":"Small Slimes","floor":1,"turns":3},{"damage":0,"enemies":"2 Louse","floor":4,"turns":2},{"damage":0,"enemies":"Lagavulin","floor":7,"turns":5},{"damage":0,"enemies":"3 Sentries","floor":11,"turns":4},{"damage":0,"enemies":"Jaw Worm","floor":12,"turns":2},{"damage":1,"enemies":"Gremlin Nob","floor":13,"turns":4},{"damage":0,"enemies":"Lots of Slimes","floor":14,"turns":1},{"damage":9,"enemies":"The Guardian","floor":16,"turns":7},{"damage":0,"enemies":"3 Byrds","floor":18,"turns":4},{"damage":0,"enemies":"Spheric Guardian","floor":19,"turns":3},{"damage":0,"enemies":"Centurion and Healer","floor":20,"turns":5},{"damage":1,"enemies":"Snake Plant","floor":22,"turns":4},{"damage":1,"enemies":"Book of Stabbing","floor":24,"turns":6},{"damage":1,"enemies":"3 Cultists","floor":25,"turns":3},{"damage":11,"enemies":"Gremlin Leader","floor":27,"turns":5},{"damage":10,"enemies":"Snecko","floor":31,"turns":5},{"damage":7,"enemies":"Collector","floor":33,"turns":10},{"damage":5,"enemies":"3 Shapes","floor":35,"turns":4},{"damage":0,"enemies":"3 Darklings","floor":36,"turns":3},{"damage":5,"enemies":"Writhing Mass","floor":37,"turns":6},{"damage":0,"enemies":"4 Shapes","floor":39,"turns":5},{"damage":8,"enemies":"Reptomancer","floor":40,"turns":4},{"damage":0,"enemies":"Giant Head","floor":44,"turns":5},{"damage":3,"enemies":"2 Orb Walkers","floor":45,"turns":3},{"damage":0,"enemies":"Transient","floor":46,"turns":5},{"damage":2,"enemies":"Nemesis","floor":47,"turns":5},{"damage":0,"enemies":"Writhing Mass","floor":48,"turns":4},{"damage":25,"enemies":"Awakened One","floor":50,"turns":10}],"seed_played":"-992185634128019100","potions_obtained":[{"floor":4,"key":"GamblersBrew"},{"floor":7,"key":"LiquidMemories"},{"floor":16,"key":"Swift Potion"},{"floor":27,"key":"DistilledChaos"},{"floor":44,"key":"CunningPotion"},{"floor":45,"key":"Dexterity Potion"}],"is_trial":false,"path_per_floor":["M","?","?","M","$","R","E","R","T","R","E","M","E","M","R","B",null,"M","M","M","?","M","R","E","M","T","E","$","R","?","M","R","B",null,"M","M","M","?","M","E","R","$","T","E","?","M","E","M","R","B",null],"character_chosen":"THE_SILENT","items_purchased":["Membership Card","Accuracy","Cloak And Dagger","Footwork","Pear","Turnip","Accuracy","Vajra","Happy Flower","TwistedFunnel","LiquidBronze"],"campfire_rested":2,"item_purchase_floors":[5,5,5,28,28,28,42,42,42,42,42],"current_hp_per_floor":[68,67,66,65,64,63,62,61,60,59,58,57,56,55,54,45,52,51,50,49,48,47,46,45,44,43,32,42,42,42,32,46,39,45,40,40,41,41,41,33,44,43,42,41,38,38,36,36,36,11],"gold":182,"neow_bonus":"","is_daily":true,"chose_seed":false,"campfire_upgraded":7,"win_rate":0.0,"timestamp":1611475775,"path_taken":["M","?","?","M","?","R","E","R","T","R","E","M","E","?","R","BOSS","M","?","M","?","M","R","E","M","T","E","$","R","?","M","R","BOSS","M","M","?","?","M","E","R","$","T","E","?","M","E","M","R","BOSS"],"items_purchased_type":["Relic","Card","Card","Card","Relic","Relic","Card","Relic","Relic","Relic","Potion"],"build_version":"2020-12-22","purchased_purges":1,"victory":true,"max_hp_per_floor":[68,67,66,65,64,63,62,61,60,59,58,57,56,55,54,53,52,51,50,49,48,47,46,45,44,43,42,51,50,49,48,47,46,45,44,43,48,47,46,45,44,43,42,41,40,39,38,37,36,35],"card_choices":[{"not_picked":["Acrobatics","Slice"],"picked":"Backflip","floor":0},{"not_picked":["Quick Slash","Prepared"],"picked":"Cloak And Dagger","floor":0},{"not_picked":["PanicButton","Underhanded Strike"],"picked":"Enlightenment","floor":0},{"not_picked":["Trip","Impatience"],"picked":"Flying Knee","floor":0},{"not_picked":["Endless Agony","Catalyst"],"picked":"Finesse","floor":0},{"not_picked":["Finisher","Acrobatics"],"picked":"PiercingWail","floor":0},{"not_picked":["PiercingWail","Bane"],"picked":"Dagger Spray","floor":0},{"not_picked":["Prepared","Deadly Poison"],"picked":"PiercingWail","floor":0},{"not_picked":["Quick Slash","Expertise"],"picked":"Cloak And Dagger","floor":0},{"not_picked":["Cloak And Dagger","Mind Blast"],"picked":"Quick Slash","floor":0},{"not_picked":["Deadly Poison","Backflip"],"picked":"Poisoned Stab","floor":0},{"not_picked":["Flying Knee","Cloak And Dagger"],"picked":"Dodge and Roll","floor":0},{"not_picked":["Underhanded Strike","Acrobatics"],"picked":"Dodge and Roll","floor":0},{"not_picked":["Mind Blast","Predator"],"picked":"Escape Plan","floor":0},{"not_picked":["Cloak And Dagger","Caltrops"],"picked":"Flying Knee","floor":0},{"not_picked":["Bane","Dark Shackles"],"picked":"Poisoned Stab","floor":1},{"not_picked":["Sucker Punch","Outmaneuver","Bandage Up"],"picked":"SKIP","floor":4},{"not_picked":["Sucker Punch","Bandage Up"],"picked":"Crippling Poison","floor":7},{"not_picked":["Dark Shackles","Deadly Poison"],"picked":"Acrobatics","floor":11},{"not_picked":["Prepared","Panacea"],"picked":"Madness","floor":12},{"not_picked":["Deep Breath","Catalyst","Outmaneuver"],"picked":"SKIP","floor":13},{"not_picked":["Secret Technique","Crippling Poison"],"picked":"Poisoned Stab","floor":14},{"not_picked":["Bouncing Flask","Deflect"],"picked":"Escape Plan+1","floor":18},{"not_picked":["Sucker Punch","Quick Slash+1","Distraction"],"picked":"SKIP","floor":19},{"not_picked":["Sucker Punch","Quick Slash+1"],"picked":"Distraction","floor":19},{"not_picked":["Deadly Poison+1","Deflect","Skewer"],"picked":"SKIP","floor":20},{"not_picked":["Poisoned Stab+1","Dagger Spray"],"picked":"Sucker Punch+1","floor":22},{"not_picked":["Eviscerate+1","Expertise"],"picked":"Bullet Time","floor":24},{"not_picked":["PiercingWail","Setup","Slice"],"picked":"SKIP","floor":25},{"not_picked":["Crippling Poison","Blind"],"picked":"Storm of Steel","floor":27},{"not_picked":["Cloak And Dagger","Catalyst+1"],"picked":"Prepared+1","floor":31},{"not_picked":["The Bomb","Adrenaline"],"picked":"Sadistic Nature","floor":33},{"not_picked":["Caltrops","Dramatic Entrance","Underhanded Strike"],"picked":"SKIP","floor":35},{"not_picked":["Poisoned Stab","Deep Breath+1","Caltrops"],"picked":"SKIP","floor":36},{"not_picked":["Poisoned Stab","Dagger Throw"],"picked":"Heel Hook","floor":37},{"not_picked":["Mind Blast","Panache"],"picked":"Apotheosis","floor":38},{"not_picked":["Deflect+1","Underhanded Strike","Flying Knee"],"picked":"SKIP","floor":39},{"not_picked":["All Out Attack+1","Calculated Gamble"],"picked":"Blade Dance","floor":40},{"not_picked":["Deadly Poison+1","Doppelganger"],"picked":"Tactician+1","floor":44},{"not_picked":["Expertise","Slice+1","Underhanded Strike"],"picked":"SKIP","floor":46},{"not_picked":["Dagger Spray+1","Swift Strike+1"],"picked":"Master of Strategy","floor":47},{"not_picked":["Mind Blast","Underhanded Strike+1"],"picked":"Madness","floor":48}],"player_experience":898102,"relics_obtained":[{"floor":7,"key":"Bottled Flame"},{"floor":9,"key":"Mercury Hourglass"},{"floor":11,"key":"Oddly Smooth Stone"},{"floor":13,"key":"Bag of Marbles"},{"floor":24,"key":"Darkstone Periapt"},{"floor":26,"key":"Blue Candle"},{"floor":27,"key":"Nunchaku"},{"floor":40,"key":"Bag of Preparation"},{"floor":43,"key":"Pantograph"},{"floor":44,"key":"Whetstone"},{"floor":45,"key":"Torii"},{"floor":47,"key":"Anchor"}],"event_choices":[{"damage_healed":0,"gold_gain":175,"player_choice":"AGREE","damage_taken":0,"max_hp_gain":0,"max_hp_loss":0,"event_name":"Liars Game","floor":2,"gold_loss":0,"cards_obtained":["Doubt"]},{"cards_removed":["Doubt"],"damage_healed":0,"gold_gain":0,"player_choice":"Card Removal","damage_taken":0,"max_hp_gain":0,"max_hp_loss":0,"event_name":"The Cleric","floor":3,"gold_loss":50},{"damage_healed":0,"gold_gain":0,"player_choice":"Opened","damage_taken":0,"relics_obtained":["Boot"],"max_hp_gain":0,"max_hp_loss":0,"event_name":"The Mausoleum","floor":21,"gold_loss":0,"cards_obtained":["Writhe"]},{"cards_removed":["Enlightenment"],"damage_healed":0,"gold_gain":0,"player_choice":"Purged","damage_taken":0,"max_hp_gain":0,"max_hp_loss":0,"event_name":"Purifier","floor":30,"gold_loss":0},{"damage_healed":0,"gold_gain":0,"player_choice":"Memory 1","damage_taken":0,"max_hp_gain":0,"max_hp_loss":0,"event_name":"SensoryStone","floor":38,"gold_loss":0},{"damage_healed":0,"gold_gain":0,"player_choice":"Fight","damage_taken":0,"max_hp_gain":0,"max_hp_loss":0,"event_name":"Mysterious Sphere","floor":45,"gold_loss":0}],"is_beta":false,"boss_relics":[{"not_picked":["Philosopher\u0027s Stone","Tiny House"],"picked":"Ring of the Serpent"},{"not_picked":["Cursed Key","Busted Crown"],"picked":"WristBlade"}],"items_purged_floors":[28],"is_endless":false,"potions_floor_spawned":[4,7,16,18,20,27,33,39,44,45,48],"ascension_level":0}}