{"host":"lmmgqfiugkm2e64w","time":1611458165,"event":{"mods":["ATMod(阿瑾Mod)","Aspiration","BaseMod","BetterRewards","Challenge The Spire","Conspire","Easy Mod","Marisa（F雨　魔理沙）","Minty Spire (QoL Compilation)","MostiFishMod","Quick Restart","Replay The Spire","Shop Mod","StSLib","TestMod","The Servant 0.9.4","Youmu（魂魄妖梦）","[IsaacMod]以撒尖塔","[功能]功能增强和修复MOD","vexMod","【遗物卡牌】REMEMod","篝火指南"],"gold_per_floor":[118,11,110,110,122,63,92,104,104,129,129,129,163,262,17,113,113,126,525,542,470,470,438,490,577,600,719,719,738,599,599,514,631,631,643,640,633,533,533,493,493,449,449,540,495,546,406,419,289,305,305,274,193,227,108,68,92,219],"floor_reached":56,"language":"ZHS","playtime":2618,"items_purged":["Overencumbered","Injury"],"score":2074,"play_id":"b018c2ef-8fa2-4de5-85cf-849f752d05dd","local_time":"20210124111605","is_ascension_mode":true,"campfire_choices":[{"floor":11.0,"key":"RECALL"}],"circlet_count":1,"master_deck":["Defend_S","Defend_S","Defend_S","Defend_S","KidneyShot","Exchange","AT_FalsePromise","EpicFetus","TimeTheft","BottledTime+1","Contraction+1","Dilation+1","FlawlessForm","Ricochet","TheWorld+1","Defy+1","SpecialFormula+1","Shuttle+1","Advance+1","Revamp+1","BloodOfAsura+1","BottledTime+1","Unruled","Luminosity","Bite","Bite","Bite","Bite","Bite","MostiFishMod:MusicBox","AT_CelerityRune","TrueSight","TrueSight","BestPractice+1","Corpse Explosion+1","StarDustReverie+1","Blind+1","Electrodynamics","Amplify+1","DualDimension+1","Infernal Blade+1","Searing Blow","Initiator","SoulSculpture","Hightail+1","MostiFishMod:FourSeasons","TheWorld+1","CollectingQuirk","Duplication+1","MostiFishMod:Awakening+1","FloweringNight"],"relics":["Uniform","AT_ATBox","DaveBox","testmod-TestBox","HushsDoor","REME_ComplimentaryCards","GuppysPaw","testmod-RealStoneCalender","DaCapo","MerchantsRug","testmod-Charity","SynthV:TestCard","Toxic Egg 2","Vajra","AT_DeathDance","Strange Spoon","testmod-HeartOfDaVinci","DianDianMeat","Omamori","Darkstone Periapt","Broom","vexMod:Spyglass","REME_ArchaeologicalTools","Circlet","Replay:Rubber Ducky","Roukanken","RottenBaby","Black Star","Pan","Broom","Peace Pipe","AT_SunfireAegis","GuppysTail","Succubus","MyShadow","REME_DuelDisc","TimeFreeze","MealTicket","TwistedFunnel","SynthV:C4","vexMod:RedPlottingStone","SimpleLauncher","Replay:Multitool","ImprovedEquipment","Raider\u0027s Mask","Du-Vu Doll","Replay:Frozen Program","HowToJump","CatCart","conspire:TreasureMap","HandDrill","Brimstone","Red Skull","Simple Rune","conspire:GiftBox","Strawberry","ShadowXiaoBlade","AT_TrinityForce","Mango","Civilization","Runic Capacitor","Mummified Hand","testmod-IndustrialRevolution","EdensBlessing","MagicBroom","MysterySword","Philosopher\u0027s Stone","testmod-EqualTreatment","TheBean","AT_RedNoBalance","Charon\u0027s Ashes","Replay:Bottled Snecko"],"acts_visited":["Exordium","TheCity","TheBeyond","TheEnding"],"potions_floor_usage":[25,25,36,46,55,55,55,55],"damage_taken":[{"damage":8.0,"enemies":"conspire:RoseBush","floor":1.0,"turns":3.0},{"damage":0.0,"enemies":"Cultist","floor":5.0,"turns":1.0},{"damage":14.0,"enemies":"3 Sentries","floor":7.0,"turns":4.0},{"damage":4.0,"enemies":"2 Louse","floor":8.0,"turns":3.0},{"damage":9.0,"enemies":"Replay:BlueRogue","floor":10.0,"turns":4.0},{"damage":2.0,"enemies":"Gremlin Nob","floor":13.0,"turns":4.0},{"damage":1.0,"enemies":"Slime Boss","floor":16.0,"turns":5.0},{"damage":1.0,"enemies":"3 Byrds","floor":18.0,"turns":3.0},{"damage":0,"enemies":"Spheric Guardian","floor":20,"turns":5},{"damage":3,"enemies":"Book of Stabbing","floor":25,"turns":2},{"damage":0,"enemies":"Colosseum Slavers","floor":27,"turns":3},{"damage":6,"enemies":"Colosseum Nobs","floor":27,"turns":3},{"damage":10,"enemies":"Snake Plant","floor":29,"turns":3},{"damage":0,"enemies":"Automaton","floor":33,"turns":5},{"damage":0,"enemies":"3 Shapes","floor":35,"turns":1},{"damage":4,"enemies":"Orin","floor":44,"turns":5},{"damage":0,"enemies":"R_Hoarder","floor":46,"turns":3},{"damage":0,"enemies":"Orb Walker","floor":48,"turns":1},{"damage":0,"enemies":"conspire:OrnateMirror","floor":50,"turns":2},{"damage":0,"enemies":"Shield and Spear","floor":54,"turns":1},{"damage":0,"enemies":"Shield and Spear","floor":54,"turns":1},{"damage":0,"enemies":"LittleHush","floor":55,"turns":3}],"seed_played":"-4768471535045857309","potions_obtained":[{"floor":5.0,"key":"ColorlessPotion"},{"floor":7.0,"key":"Regen Potion"},{"floor":13.0,"key":"Venom Potion"},{"floor":18,"key":"Milkshake"},{"floor":20,"key":"EssenceOfSteel"},{"floor":20,"key":"Explosive Potion"},{"floor":33,"key":"FearPotion"},{"floor":35,"key":"Adrenaline Potion"},{"floor":44,"key":"FearPotion"},{"floor":46,"key":"CultistPotion"},{"floor":54,"key":"Weak Potion"},{"floor":54,"key":"Elixir"},{"floor":54,"key":"Energy Potion"},{"floor":54,"key":"REME_GoldPotion"}],"is_trial":false,"path_per_floor":["M","$","?","?","M","R","E","M","T","E","R","$","E","?","R","B",null,"M","?","M","$","?","R","?","E","T","?","R","M","R","?","R","B",null,"M","$","$","$","?","R","?","R","T","?","R","E","$","M","R","B",null,"R","$","E","R","$","E","B",null],"character_chosen":"THE_SERVANT","items_purchased":["MerchantsRug","testmod-Charity","testmod-SpacePotion","Chaos","ZombieArmy","testmod-HeartOfDaVinci","Omamori","Darkstone Periapt","ChaosCard","Broom","vexMod:Spyglass","REME_ArchaeologicalTools","REME_GoldPotion","Black Star","Pan","Broom","Peace Pipe","vexMod:BerryBomb","MostiFishMod:MusicBox","AT_CelerityRune","GuppysTail","Succubus","MyShadow","TrueSight","REME_DuelDisc","Fruit Juice","TimeFreeze","MealTicket","TwistedFunnel","SynthV:C4","vexMod:RedPlottingStone","SimpleLauncher","Replay:Multitool","Blind+1","ImprovedEquipment","Raider\u0027s Mask","Du-Vu Doll","Replay:Frozen Program","conspire:TreasureMap","HandDrill","Brimstone","conspire:GiftBox","Strawberry","ShadowXiaoBlade","AT_TrinityForce","Mango","Civilization","Runic Capacitor","Mummified Hand","testmod-IndustrialRevolution","EdensBlessing","TheWorld+1","Philosopher\u0027s Stone","testmod-EqualTreatment","MostiFishMod:Awakening+1","TheBean","AT_SilverBalance"],"campfire_rested":0,"item_purchase_floors":[0,0,0,0,2,15,21,21,21,21,23,23,23,30,30,30,32,32,32,32,34,34,34,34,36,36,36,37,37,37,38,38,38,38,40,40,42,42,45,45,45,47,47,47,49,49,52,52,53,53,53,53,52,52,52,53,53],"current_hp_per_floor":[27,28,29,29,30,31,17,18,18,10,10,10,9,10,10,10,76,77,78,81,84,84,85,87,105,113,158,158,161,161,184,223,251,229,250,256,279,324,324,348,348,373,373,415,442,512,553,586,600,608,608,640,673,747,785,785,440,507],"gold":219,"neow_bonus":"","is_daily":false,"chose_seed":false,"campfire_upgraded":0,"win_rate":0.0,"timestamp":1611458165,"path_taken":["M","$","?","?","M","R","E","?","T","E","R","?","E","?","R","BOSS","M","?","M","$","?","R","?","E","T","?","R","M","R","?","R","BOSS","M","?","?","$","?","R","?","R","T","?","R","E","$","M","R","BOSS","R","$","E","R","$","E","BOSS"],"items_purchased_type":["Relic","Relic","Potion","Card","Undefined","Relic","Relic","Relic","Card","Relic","Relic","Relic","Potion","Relic","Relic","Relic","Relic","Relic","Card","Card","Relic","Relic","Relic","Card","Relic","Potion","Relic","Relic","Relic","Relic","Relic","Relic","Relic","Card","Relic","Relic","Relic","Relic","Relic","Relic","Relic","Relic","Relic","Relic","Relic","Relic","Relic","Relic","Relic","Relic","Relic","Card","Relic","Relic","Card","Relic","Relic"],"build_version":"2020-12-22","purchased_purges":2,"victory":true,"max_hp_per_floor":[66,67,68,68,69,70,71,72,72,73,73,73,74,75,75,76,76,78,79,82,85,85,86,101,122,130,158,158,171,171,184,223,251,229,250,256,279,324,324,348,348,373,373,419,446,516,553,586,600,608,608,640,673,747,785,785,827,882],"card_choices":[{"not_picked":[],"picked":"EpicFetus","floor":0.0},{"not_picked":["Starlight","ShatteredReality"],"picked":"TimeTheft","floor":1.0},{"not_picked":["Foresight","Hightail","DoubleEdge","Rearm"],"picked":"Bomb","floor":3.0},{"not_picked":["Gouge","Orbit","Initiator","Starlight"],"picked":"BottledTime+1","floor":5.0},{"not_picked":["Hightail+1","Desolation","ShatteredReality","DancingSilver+1","Spin"],"picked":"SKIP","floor":7.0},{"not_picked":["TimeWarp","Gouge","SurpressingFire","Bomb"],"picked":"Contraction+1","floor":8.0},{"not_picked":["Bomb","Rearm+1","SilverBlades","Rewind+1"],"picked":"Dilation+1","floor":10.0},{"not_picked":["DoubleEdge","FastForward+1","Potential","Starlight"],"picked":"FlawlessForm","floor":13.0},{"not_picked":["Potential","DoubleEdge","Collapse","TimeWarp"],"picked":"Ricochet","floor":14.0},{"not_picked":["Dilation+1","SilverMatrix","Sunlight","TrueSight"],"picked":"TheWorld+1","floor":16.0},{"not_picked":["Barrier+1","Potential","Reset+1","ShatteredReality"],"picked":"Defy+1","floor":18},{"not_picked":["Spin","Snipe","Comet","Alleviate+1"],"picked":"SpecialFormula+1","floor":20},{"not_picked":["Ricochet+1","TimeWarp","Misdirection+1","Luminosity"],"picked":"Shuttle+1","floor":24},{"not_picked":["Defy+1","Revamp+1","FanOfKnives","TimeWarp"],"picked":"Advance+1","floor":24},{"not_picked":["Rewind+1","Initiator","Unruled+1","FastForward+1"],"picked":"Revamp+1","floor":25},{"not_picked":["Spin","Rewind+1","Alleviate+1","ShatteredReality"],"picked":"Unruled","floor":27},{"not_picked":["ShatteredReality","Potential","Unruled","TimeTheft+1"],"picked":"Luminosity","floor":29},{"not_picked":["Solidify+1","Dilation+1","ForgedInTime+1","Deny+1"],"picked":"TrueSight","floor":33},{"not_picked":["Rearm+1","Collapse+1","BottledTime+1","ShatteredReality"],"picked":"BestPractice+1","floor":35},{"not_picked":["Replace+1","Rewind+1","ShatteredReality","Rearm+1"],"picked":"DualDimension+1","floor":44},{"not_picked":["FlawlessForm","Alleviate+1","Rewind+1","GearUp+1"],"picked":"Initiator","floor":46},{"not_picked":["FloweringNight","Deny+1"],"picked":"SoulSculpture","floor":47},{"not_picked":["Foresight+1","TimeWarp","Replace+1","Unruled+1"],"picked":"Hightail+1","floor":48},{"not_picked":["ShatteredReality","ForgedInTime+1","TimeWarp","FastForward+1"],"picked":"Duplication+1","floor":54},{"not_picked":["Ricochet+1","ShatteredReality+1","Collapse","Revamp+1"],"picked":"FloweringNight","floor":54}],"player_experience":523350,"relics_obtained":[{"floor":1.0,"key":"SynthV:TestCard"},{"floor":7.0,"key":"Vajra"},{"floor":10.0,"key":"AT_DeathDance"},{"floor":13.0,"key":"Strange Spoon"},{"floor":24,"key":"Circlet"},{"floor":25,"key":"Replay:Rubber Ducky"},{"floor":26,"key":"Roukanken"},{"floor":27,"key":"RottenBaby"},{"floor":27,"key":"aspiration:PoetsPen_weak"},{"floor":43,"key":"HowToJump"},{"floor":44,"key":"CatCart"},{"floor":46,"key":"Red Skull"},{"floor":46,"key":"Simple Rune"},{"floor":54,"key":"MagicBroom"},{"floor":54,"key":"MysterySword"},{"floor":54,"key":"Charon\u0027s Ashes"},{"floor":54,"key":"Replay:Bottled Snecko"}],"event_choices":[{"damage_healed":0,"gold_gain":400,"player_choice":"Sell","damage_taken":0,"max_hp_gain":0,"max_hp_loss":0,"event_name":"恩洛斯的盘子","floor":19,"relics_lost":["Circlet"],"gold_loss":0},{"damage_healed":0,"gold_gain":0,"player_choice":"Fight","damage_taken":0,"max_hp_gain":0,"max_hp_loss":0,"event_name":"Colosseum","floor":27,"gold_loss":0},{"damage_healed":0,"gold_gain":0,"player_choice":"Fought Nobs","damage_taken":0,"max_hp_gain":0,"max_hp_loss":0,"event_name":"Colosseum","floor":27,"gold_loss":0},{"damage_healed":0,"gold_gain":0,"player_choice":"Became a vampire","damage_taken":0,"max_hp_gain":0,"max_hp_loss":52,"event_name":"Vampires","floor":31,"gold_loss":0,"cards_obtained":["Bite","Bite","Bite","Bite","Bite"]},{"damage_healed":0,"gold_gain":0,"player_choice":"Ignored","damage_taken":0,"max_hp_gain":0,"max_hp_loss":0,"event_name":"Tomb of Lord Red Mask","floor":39,"gold_loss":0},{"damage_healed":0,"gold_gain":0,"player_choice":"Fight","damage_taken":0,"max_hp_gain":0,"max_hp_loss":0,"event_name":"OrinTheCat","floor":44,"gold_loss":0}],"is_beta":false,"boss_relics":[{"not_picked":["RhineFirstAidKit","SacredBark"],"picked":"DianDianMeat"},{"not_picked":[]},{"not_picked":["ReplayTheSpireMod:DimensionalGlitch","vexMod:DeviousBotling"],"picked":"AT_SunfireAegis"},{"not_picked":[]}],"items_purged_floors":[6,30],"is_endless":false,"potions_floor_spawned":[5,7,13,18,20,20,33,35,44,46,54,54,54,54,54],"ascension_level":1}}