{"host":"qekv59dthhdg54sz","time":1611495098,"event":{"mods":["AchievementEnabler","BaseMod","Colored Map","DeckTracker","KOR Keyword Fix","Minty Spire (QoL Compilation)","Rare Cards Sparkle","StSLib","SuperFastMode"],"gold_per_floor":[116,133,150,163,163,163,192,210,210,160,85,85,85,97,97,97,97],"floor_reached":16,"language":"KOR","playtime":427,"items_purged":["Strike_G"],"score":208,"play_id":"78dfc885-7034-48c2-9ddf-11cfd2e8c334","local_time":"20210124223138","is_ascension_mode":true,"campfire_choices":[{"data":"Prepared","floor":6,"key":"SMITH"},{"floor":13,"key":"REST"},{"data":"Noxious Fumes","floor":15,"key":"SMITH"}],"circlet_count":0,"master_deck":["AscendersBane","Strike_G","Strike_G","Strike_G","Strike_G","Defend_G","Defend_G","Defend_G","Defend_G","Survivor","Neutralize","Tactician","Dash","Expertise","Prepared+1","Reflex","Noxious Fumes+1"],"relics":["Ring of the Snake","NeowsBlessing","Regal Pillow","Art of War"],"acts_visited":["Exordium"],"potions_floor_usage":[7,16,16],"damage_taken":[{"damage":0,"enemies":"Cultist","floor":1,"turns":1},{"damage":0,"enemies":"2 Louse","floor":2,"turns":1},{"damage":0,"enemies":"Small Slimes","floor":3,"turns":1},{"damage":0,"enemies":"Blue Slaver","floor":4,"turns":7},{"damage":56,"enemies":"Gremlin Nob","floor":7,"turns":5},{"damage":1,"enemies":"Looter","floor":8,"turns":4},{"damage":0,"enemies":"Exordium Thugs","floor":10,"turns":5},{"damage":0,"enemies":"Blue Slaver","floor":14,"turns":5},{"damage":27,"enemies":"Slime Boss","floor":16,"turns":11}],"seed_played":"-276684595497515339","potions_obtained":[{"floor":2,"key":"Block Potion"},{"floor":4,"key":"FearPotion"},{"floor":5,"key":"DuplicationPotion"},{"floor":5,"key":"GamblersBrew"},{"floor":7,"key":"BlessingOfTheForge"}],"is_trial":false,"path_per_floor":["M","M","M","M","?","R","E","M","T","M","$","?","R","M","R","B"],"character_chosen":"THE_SILENT","items_purchased":[],"campfire_rested":1,"item_purchase_floors":[],"current_hp_per_floor":[59,59,59,59,59,59,3,2,2,2,2,2,36,36,36,9,9],"gold":97,"neow_bonus":"THREE_ENEMY_KILL","is_daily":false,"chose_seed":false,"campfire_upgraded":2,"win_rate":0.0,"timestamp":1611495098,"path_taken":["M","M","?","M","?","R","E","M","T","?","?","?","R","M","R","BOSS"],"items_purchased_type":[],"build_version":"2020-12-22","purchased_purges":1,"victory":false,"max_hp_per_floor":[66,66,66,66,66,66,66,66,66,66,66,66,66,66,66,66,66],"card_choices":[{"not_picked":["Slice","Deflect"],"picked":"Tactician","floor":1},{"not_picked":["Distraction","Deflect"],"picked":"Dash","floor":2},{"not_picked":["Dagger Spray","Bane"],"picked":"Expertise","floor":3},{"not_picked":["Caltrops","Bane"],"picked":"Prepared","floor":4},{"not_picked":["Crippling Poison","Concentrate"],"picked":"Reflex","floor":7},{"not_picked":["Deflect","Slice","Dash"],"picked":"SKIP","floor":8},{"not_picked":["Outmaneuver","Deadly Poison"],"picked":"Noxious Fumes","floor":10},{"not_picked":["Dagger Spray","Underhanded Strike","Dodge and Roll"],"picked":"SKIP","floor":14}],"player_experience":820140,"relics_obtained":[{"floor":7,"key":"Regal Pillow"},{"floor":9,"key":"Art of War"}],"event_choices":[{"damage_healed":0,"gold_gain":0,"player_choice":"Got Potions","damage_taken":0,"max_hp_gain":0,"max_hp_loss":0,"event_name":"Lab","floor":5,"gold_loss":0},{"cards_removed":["Defend_G"],"damage_healed":0,"gold_gain":0,"player_choice":"Purged","damage_taken":0,"max_hp_gain":0,"max_hp_loss":0,"event_name":"Purifier","floor":12,"gold_loss":0}],"is_beta":false,"boss_relics":[],"items_purged_floors":[11],"is_endless":false,"potions_floor_spawned":[2,4,7,10],"killed_by":"Slime Boss","ascension_level":20}}