{"host":"n7mxhpjy89lltbhc","time":1611502471,"event":{"mods":["2.2 Compatiblity","Act Like it!","BaseMod","Better Match","Better Sensory Stone","Better Synergies","BetterRewards","Colored Map","Colored Powertips","Downfall","Exacting","Gensokyo","Infinite Spire","Jedi Mod","Marisa????????","Minty Spire (QoL Compilation)","Permanent Neow","Rare Cards Sparkle","Relic Stats","Replay The Spire","Shop Mod","Small Relic Pack","Spicy Shops","Spire Arcade","StSLib","The Blue Laboratory","The Servant 0.9.4","Waifu the Spire","Wandering Minibosses"],"gold_per_floor":[0,33,50,50,75,75,125,169,213,287,287,287,316,2,66,191,191,191,228,228,78,228,270,270,270,332,332,5,5,5,78,125,273,273,273,314,0,34,67,101,101,101,169,169,241,241,241,241,241,241,280,326],"floor_reached":53,"language":"ENG","playtime":2304,"items_purged":["downfall:Malfunctioning","bronze:Strike","bronze:Strike","bronze:Replicate","bronze:Strike+1","bronze:Strike+1","bronze:WildBeam"],"score":1114,"play_id":"60fbea06-3b59-4988-b73c-73a1822ced6d","local_time":"25640124223431","is_ascension_mode":true,"campfire_choices":[{"data":"bronze:Goto","floor":1,"key":"SMITH"},{"data":"bronze:BugBarrage","floor":12,"key":"SMITH"},{"data":"bronze:BugBarrage","floor":18,"key":"SMITH"},{"data":"bronze:Frontload","floor":25,"key":"SMITH"},{"data":"bronze:BugBarrage","floor":27,"key":"SMITH"},{"data":"bronze:Allocate","floor":29,"key":"SMITH"},{"data":"bronze:CutThrough","floor":35,"key":"SMITH"},{"data":"bronze:Library","floor":44,"key":"SMITH"},{"data":"wanderingMiniBosses:FinaleOfPromise","floor":47,"key":"SMITH"}],"circlet_count":0,"master_deck":["bronze:Defend+1","bronze:Defend","bronze:Defend","bronze:Defend","bronze:Goto+1","bronze:DarkDash+1","bronze:BronzeOrb","bronze:CutThrough+1","bronze:BugBarrage+1","bronze:Refactor","bronze:Frontload+1","bronze:BugBarrage+1","bronze:ItsAFeature","bronze:BugBarrage+1","bronze:Allocate+1","bronze:WhirlingStrike+1","bronze:ShipIt+1","bronze:BugBarrage+1","wanderingMiniBosses:FinaleOfPromise+1","bronze:Library+1","bronze:GetLatest+1","bronze:BugBarrage+1","ReplayTheSpireMod:Necrogeddon+1","ReplayTheSpireMod:Echoes of Time"],"relics":["bronze:BronzeCore","jedi:firstaidkit","Replay:Bandana","Blood Vial","downfall:ShatteredFragment","Vajra","Coffee Dripper","Molten Egg 2","Durian","Bag of Marbles","downfall:KnowingSkull","ChewingGum","wanderingMiniBosses:Blackblade","Membership Card","Turnip","jedi:angrymask","Peace Pipe","White Beast Statue"],"acts_visited":["Exordium","TheCity","TheBeyond"],"potions_floor_usage":[8,16,16,31,33,52,52,52],"damage_taken":[{"damage":0,"enemies":"Jaw Worm","floor":2,"turns":5},{"damage":0,"enemies":"2 Louse","floor":3,"turns":5},{"damage":0,"enemies":"Small Slimes","floor":5,"turns":2},{"damage":28,"enemies":"Exordium Wildlife","floor":8,"turns":10},{"damage":0,"enemies":"Blue Slaver","floor":9,"turns":4},{"damage":9,"enemies":"downfall:FleeingMerchant","floor":10,"turns":9},{"damage":0,"enemies":"2 Fungi Beasts","floor":13,"turns":1},{"damage":0,"enemies":"Exordium Thugs","floor":15,"turns":2},{"damage":5,"enemies":"SI_SHIV_ARCHETYPE","floor":16,"turns":5},{"damage":0,"enemies":"Spheric Guardian","floor":19,"turns":2},{"damage":11,"enemies":"Shell Parasite","floor":23,"turns":3},{"damage":17,"enemies":"Nightmare","floor":26,"turns":6},{"damage":1,"enemies":"Book of Stabbing","floor":31,"turns":3},{"damage":5,"enemies":"Shelled Parasite and Fungi","floor":32,"turns":2},{"damage":32,"enemies":"IC_MUSHROOM_ARCHETYPE","floor":33,"turns":5},{"damage":10,"enemies":"3 Shapes","floor":36,"turns":5},{"damage":0,"enemies":"3 Darklings","floor":38,"turns":1},{"damage":5,"enemies":"Writhing Mass","floor":39,"turns":4},{"damage":1,"enemies":"4 Shapes","floor":40,"turns":1},{"damage":0,"enemies":"Nemesis","floor":43,"turns":3},{"damage":0,"enemies":"R_Hoarder","floor":45,"turns":3},{"damage":0,"enemies":"Jaw Worm Horde","floor":51,"turns":1},{"damage":5,"enemies":"WA_ARCHETYPE_DIVINITY","floor":52,"turns":2}],"seed_played":"886152183262494366","potions_obtained":[{"floor":5,"key":"bronze:BurnAndBuffPotion"},{"floor":5,"key":"jedi:StrikingPotion"},{"floor":13,"key":"bronze:FreeFunctionsPotion"},{"floor":15,"key":"Dexterity Potion"},{"floor":23,"key":"sneckomod:MuddlingPotion"},{"floor":26,"key":"Reflective Coating"},{"floor":32,"key":"AttackPotion"},{"floor":33,"key":"blueLaboratory:BottleOfRum"},{"floor":39,"key":"jedi:wingpotion"},{"floor":45,"key":"blueLaboratory:Moonshine"}],"is_trial":false,"path_per_floor":["R","M","M","?","M","?","T","M","M","$","?","R","M","$","M","B",null,"R","M","?","$","?","M","T","R","NM","R","$","R","?","E","M","B",null,"R","M","$","M","M","M","T","AVR","E","R","E","?","R","PTL","PTL","?","M","B",null],"character_chosen":"THE_AUTOMATON","items_purchased":["Blood Vial","bronze:BugBarrage","Vajra","Bag of Marbles","Membership Card","bronze:Library"],"campfire_rested":0,"item_purchase_floors":[10,14,14,28,37,37],"current_hp_per_floor":[70,70,70,70,70,70,70,62,62,56,35,35,37,37,39,43,70,70,70,70,70,70,59,59,59,58,58,58,58,51,52,49,24,75,75,68,68,70,69,70,70,70,72,72,74,74,74,74,74,56,58,55],"gold":326,"neow_bonus":"ONE_RARE_RELIC","is_daily":false,"chose_seed":false,"campfire_upgraded":9,"win_rate":0.0,"timestamp":1611502471,"path_taken":["R","M","M","?","M","?","T","M","M","?","?","R","M","$","M","BOSS","R","M","?","$","?","?","T","R","NM","R","?","R","?","E","M","BOSS","R","M","$","M","M","M","T","AVR","E","R","E","?","R","PTL","PTL","?","M","BOSS"],"items_purchased_type":["Relic","Card","Relic","Relic","Relic","Card"],"build_version":"2020-12-22","purchased_purges":7,"victory":true,"max_hp_per_floor":[70,70,70,70,70,70,70,70,70,70,70,70,70,70,70,70,70,70,70,70,70,70,70,70,70,75,75,75,75,75,75,75,75,75,75,75,75,75,75,75,75,75,75,75,75,75,75,75,75,75,75,75],"relic_stats":{"Blood Vial":28,"Peace Pipe":0,"counters":[23,84],"Turnip":[0],"obtain_stats":[{"jedi:angrymask":42,"bronze:BronzeCore":0,"downfall:ShatteredFragment":11,"Vajra":14,"White Beast Statue":45,"Blood Vial":10,"Peace Pipe":43,"Replay:Bandana":7,"wanderingMiniBosses:Blackblade":36,"jedi:firstaidkit":0,"Molten Egg 2":24,"downfall:KnowingSkull":30,"ChewingGum":34,"Turnip":41,"Coffee Dripper":17,"Durian":26,"Bag of Marbles":28,"Membership Card":37},{"jedi:angrymask":19,"bronze:BronzeCore":0,"downfall:ShatteredFragment":6,"Vajra":7,"White Beast Statue":21,"Blood Vial":6,"Peace Pipe":20,"Replay:Bandana":3,"wanderingMiniBosses:Blackblade":16,"jedi:firstaidkit":0,"Molten Egg 2":11,"downfall:KnowingSkull":12,"ChewingGum":15,"Turnip":19,"Coffee Dripper":9,"Durian":12,"Bag of Marbles":12,"Membership Card":16},{"jedi:angrymask":75,"bronze:BronzeCore":0,"downfall:ShatteredFragment":35,"Vajra":36,"White Beast Statue":81,"Blood Vial":35,"Peace Pipe":78,"Replay:Bandana":12,"wanderingMiniBosses:Blackblade":69,"jedi:firstaidkit":0,"Molten Egg 2":48,"downfall:KnowingSkull":54,"ChewingGum":64,"Turnip":75,"Coffee Dripper":43,"Durian":54,"Bag of Marbles":54,"Membership Card":69}]},"card_choices":[{"not_picked":["bronze:Overheat","bronze:ClassDefault"],"picked":"bronze:WildBeam","floor":2},{"not_picked":["bronze:Invalidate","bronze:Branch"],"picked":"bronze:DarkDash","floor":3},{"not_picked":["bronze:FollowUp","bronze:DarkDash"],"picked":"bronze:BronzeOrb","floor":5},{"not_picked":["bronze:DelayedSlice","bronze:Optimize"],"picked":"bronze:CutThrough","floor":8},{"not_picked":["bronze:BronzeArmor","bronze:Overheat"],"picked":"bronze:BugBarrage","floor":9},{"not_picked":["bronze:ForceShield","bronze:Separator"],"picked":"bronze:Refactor","floor":10},{"not_picked":["bronze:BronzeOrb","bronze:ClassDefault"],"picked":"bronze:Frontload","floor":13},{"not_picked":["bronze:CutThrough","bronze:Frontload"],"picked":"bronze:ItsAFeature","floor":15},{"not_picked":["bronze:CutThrough","bronze:Overheat+1","bronze:WildBeam"],"picked":"SKIP","floor":19},{"not_picked":["bronze:WildBeam+1","bronze:Separator","bronze:DarkDash"],"picked":"SKIP","floor":23},{"not_picked":["bronze:Backtrace+1","bronze:Refactor"],"picked":"bronze:Allocate","floor":26},{"not_picked":["bronze:Overheat+1","bronze:WildBeam+1"],"picked":"bronze:WhirlingStrike+1","floor":31},{"not_picked":["bronze:Overheat+1","bronze:BitShift","bronze:FineTuning"],"picked":"SKIP","floor":32},{"not_picked":["bronze:RecursiveStrike+1","bronze:HyperBeam+1"],"picked":"bronze:ShipIt+1","floor":33},{"not_picked":["bronze:DelayedSlice+1","bronze:Overheat+1"],"picked":"bronze:BugBarrage+1","floor":36},{"not_picked":[],"picked":"wanderingMiniBosses:FinaleOfPromise","floor":36},{"not_picked":["bronze:Safeguard","bronze:Fortify+1"],"picked":"bronze:GetLatest+1","floor":38},{"not_picked":["bronze:DigitalCarnage+1","bronze:ChosenStrike+1","bronze:Repair+1"],"picked":"SKIP","floor":39},{"not_picked":["bronze:Branch+1","bronze:Overload+1","bronze:Constructor"],"picked":"SKIP","floor":40},{"not_picked":["bronze:CleanCode","bronze:Overheat+1"],"picked":"bronze:BugBarrage+1","floor":43},{"not_picked":["bronze:DelayedGuard+1","bronze:BuggyMess+1","bronze:FindAndReplace"],"picked":"SKIP","floor":45},{"not_picked":["Replay:Sssssssssstrike+1","Flash of Steel+1"],"picked":"ReplayTheSpireMod:Necrogeddon+1","floor":46},{"not_picked":["infinitespire:SealOfDarkness+","ReplayTheSpireMod:??????????????????????"],"picked":"ReplayTheSpireMod:Echoes of Time","floor":50},{"not_picked":["bronze:Backtrace+1","bronze:Overheat+1","bronze:BitShift"],"picked":"SKIP","floor":51}],"player_experience":1028731,"relics_obtained":[{"floor":7,"key":"Replay:Bandana"},{"floor":24,"key":"Molten Egg 2"},{"floor":26,"key":"Durian"},{"floor":36,"key":"wanderingMiniBosses:Blackblade"},{"floor":41,"key":"Turnip"},{"floor":43,"key":"Peace Pipe"},{"floor":45,"key":"White Beast Statue"}],"event_choices":[{"damage_healed":0,"gold_gain":0,"player_choice":"Read","damage_taken":0,"max_hp_gain":0,"max_hp_loss":0,"event_name":"The Library","floor":20,"gold_loss":0,"cards_obtained":["bronze:BugBarrage"]},{"damage_healed":0,"gold_gain":3,"player_choice":"1","damage_taken":0,"max_hp_gain":0,"max_hp_loss":0,"event_name":"betterStone:BetterStone","floor":46,"gold_loss":0}],"is_beta":false,"boss_relics":[{"not_picked":["Snecko Eye","jedi:paperlyon"],"picked":"Coffee Dripper"},{"not_picked":["Replay:Wanted Poster","Black Star"],"picked":"ChewingGum"}],"items_purged_floors":[10,10,14,21,28,37,42],"is_endless":false,"potions_floor_spawned":[5,13,15,23,26,32,33,36,39,45,51],"ascension_level":4}}