{"host":"uzp1tn8qxn9571p9","time":1611459584,"event":{"mods":["BaseMod","Colored Map","Colored Powertips","Hermit","Minty Spire (QoL Compilation)","StSLib","The Hierophant","óô»ðÖ¸ÄÏ"],"gold_per_floor":[117,135,135,151,151,185,185,185,185],"floor_reached":8,"language":"ZHS","playtime":284,"items_purged":[],"score":67,"play_id":"e9e25391-04f8-4898-877d-64084895ea4f","local_time":"20210124113944","is_ascension_mode":true,"campfire_choices":[{"data":"Deadly Poison","floor":7.0,"key":"SMITH"}],"circlet_count":0,"master_deck":["Strike_G","Strike_G","Strike_G+1","Strike_G","Defend_G","Defend_G","Defend_G","Defend_G","Defend_G","Survivor","Neutralize+1","Deadly Poison+1","Outmaneuver","Bane"],"relics":["Ring of the Snake","Whetstone"],"acts_visited":["Exordium"],"potions_floor_usage":[8],"damage_taken":[{"damage":0.0,"enemies":"Jaw Worm","floor":1.0,"turns":5.0},{"damage":0.0,"enemies":"2 Louse","floor":2.0,"turns":3.0},{"damage":1.0,"enemies":"Small Slimes","floor":4.0,"turns":4.0},{"damage":64.0,"enemies":"Lagavulin","floor":6.0,"turns":11.0},{"damage":12,"enemies":"3 Sentries","floor":8,"turns":2}],"seed_played":"-7581524145834502157","potions_obtained":[{"floor":2.0,"key":"Swift Potion"},{"floor":6.0,"key":"SkillPotion"}],"is_trial":false,"path_per_floor":["M","M","?","M","?","E","R","E"],"character_chosen":"THE_SILENT","items_purchased":[],"campfire_rested":0,"item_purchase_floors":[],"current_hp_per_floor":[77,77,82,81,74,10,10,0,0],"gold":185,"neow_bonus":"TEN_PERCENT_HP_BONUS","is_daily":false,"chose_seed":false,"campfire_upgraded":1,"win_rate":0.0,"timestamp":1611459584,"path_taken":["M","M","?","M","?","E","R","E"],"items_purchased_type":[],"build_version":"2020-12-22","purchased_purges":0,"victory":false,"max_hp_per_floor":[77,77,82,82,82,82,82,82,82],"card_choices":[{"not_picked":["Quick Slash","Prepared"],"picked":"Deadly Poison","floor":1.0},{"not_picked":["Concentrate","Slice"],"picked":"Outmaneuver","floor":2.0},{"not_picked":["Prepared","PiercingWail","Slice"],"picked":"SKIP","floor":4.0},{"not_picked":["PiercingWail","Underhanded Strike"],"picked":"Bane","floor":6.0}],"player_experience":378745,"relics_obtained":[{"floor":6.0,"key":"Whetstone"}],"event_choices":[{"damage_healed":0.0,"max_hp_gain":5.0,"max_hp_loss":0.0,"gold_gain":0.0,"event_name":"Big Fish","player_choice":"Donut","floor":3.0,"gold_loss":0.0,"damage_taken":0.0},{"cards_removed":["Strike_G"],"damage_healed":0.0,"max_hp_gain":0.0,"max_hp_loss":0.0,"gold_gain":0.0,"event_name":"Golden Wing","player_choice":"Card Removal","floor":5.0,"gold_loss":0.0,"damage_taken":7.0}],"is_beta":false,"boss_relics":[],"items_purged_floors":[],"is_endless":false,"potions_floor_spawned":[2,6],"killed_by":"3 Sentries","ascension_level":4}}