{"host":"ft78nznc4009qqbv","time":1611472219,"event":{"mods":["BaseMod","Minty Spire (QoL Compilation)","Quick Restart","StSLib","SuperFastMode"],"gold_per_floor":[210,222,238,248,323,323,423,434,457,467,51,51,66,78,78,78,78],"floor_reached":16,"language":"ZHS","playtime":757,"items_purged":["Strike_G"],"score":106,"play_id":"39ccf2ad-9496-44a7-933f-4cb251c1a106","local_time":"20210124151019","is_ascension_mode":true,"campfire_choices":[{"floor":6.0,"key":"REST"},{"floor":12.0,"key":"REST"},{"floor":15,"key":"REST"}],"circlet_count":0,"master_deck":["Strike_G","Strike_G","Strike_G","Strike_G","Defend_G","Defend_G","Defend_G","Defend_G","Defend_G","Survivor","Neutralize","Backflip","Acrobatics","Outmaneuver","Crippling Poison","Dash","Noxious Fumes","Expertise"],"relics":["Ring of the Snake","Ancient Tea Set","MealTicket","Oddly Smooth Stone"],"acts_visited":["Exordium"],"potions_floor_usage":[14],"damage_taken":[{"damage":1.0,"enemies":"2 Louse","floor":1.0,"turns":4.0},{"damage":1.0,"enemies":"Jaw Worm","floor":2.0,"turns":7.0},{"damage":2.0,"enemies":"Cultist","floor":3.0,"turns":4.0},{"damage":23.0,"enemies":"Exordium Thugs","floor":4.0,"turns":8.0},{"damage":15.0,"enemies":"Lots of Slimes","floor":8.0,"turns":10.0},{"damage":4.0,"enemies":"Blue Slaver","floor":10.0,"turns":5.0},{"damage":13.0,"enemies":"Exordium Thugs","floor":13.0,"turns":5.0},{"damage":1,"enemies":"Gremlin Gang","floor":14,"turns":5},{"damage":84,"enemies":"Hexaghost","floor":16,"turns":16}],"seed_played":"6508972691664497136","potions_obtained":[{"floor":2.0,"key":"GamblersBrew"},{"floor":4.0,"key":"Energy Potion"},{"floor":8.0,"key":"GhostInAJar"},{"floor":14,"key":"FairyPotion"}],"is_trial":false,"path_per_floor":["M","M","M","M","?","R","?","M","T","M","$","R","M","M","R","B"],"character_chosen":"THE_SILENT","items_purchased":["Dash","MealTicket","Oddly Smooth Stone"],"campfire_rested":3,"item_purchase_floors":[11,11,11],"current_hp_per_floor":[69,68,66,43,32,53,53,38,38,34,34,55,42,41,62,0,0],"gold":78,"neow_bonus":"HUNDRED_GOLD","is_daily":false,"chose_seed":false,"campfire_upgraded":0,"win_rate":0.0,"timestamp":1611472219,"path_taken":["M","M","M","M","?","R","?","M","T","M","$","R","M","M","R","BOSS"],"items_purchased_type":["Card","Relic","Relic"],"build_version":"2020-12-22","purchased_purges":1,"victory":false,"max_hp_per_floor":[70,70,70,70,70,70,70,70,70,70,70,70,70,70,70,70,70],"card_choices":[{"not_picked":["Quick Slash","Underhanded Strike","Dagger Throw"],"picked":"SKIP","floor":1.0},{"not_picked":["Dagger Spray","Choke"],"picked":"Backflip","floor":2.0},{"not_picked":["Flying Knee","Dagger Throw","Skewer"],"picked":"SKIP","floor":3.0},{"not_picked":["Dodge and Roll","Prepared"],"picked":"Acrobatics","floor":4.0},{"not_picked":["Underhanded Strike","Distraction"],"picked":"Outmaneuver","floor":8.0},{"not_picked":["PiercingWail","Dagger Spray"],"picked":"Crippling Poison","floor":10.0},{"not_picked":["Backflip","Tactician"],"picked":"Noxious Fumes","floor":13.0},{"not_picked":["Dagger Spray","Outmaneuver"],"picked":"Expertise","floor":14}],"player_experience":80481,"relics_obtained":[{"floor":9.0,"key":"Ancient Tea Set"}],"event_choices":[{"damage_healed":0.0,"max_hp_gain":0.0,"max_hp_loss":0.0,"gold_gain":75.0,"event_name":"World of Goop","player_choice":"Gather Gold","floor":5.0,"gold_loss":0.0,"damage_taken":11.0},{"damage_healed":0.0,"max_hp_gain":0.0,"max_hp_loss":0.0,"gold_gain":100.0,"event_name":"Golden Shrine","player_choice":"Pray","floor":7.0,"gold_loss":0.0,"damage_taken":0.0}],"is_beta":false,"boss_relics":[],"items_purged_floors":[11],"is_endless":false,"potions_floor_spawned":[2,4,8,14],"killed_by":"Hexaghost","ascension_level":2}}