{"host":"kexkhla8w40hzbr7","time":1611448700,"event":{"mods":["BaseMod","Colored Map","Highlight Path","Minty Spire (QoL Compilation)","Remove Card Discount Mod"],"gold_per_floor":[111,186,197,197,20,20,20,20,20,31,41,57,57,89,89,184,184,202,214,62,73,73,73],"floor_reached":22,"language":"ENG","playtime":918,"items_purged":["Strike_B","Strike_B","Defend_B","Dualcast","Strike_B"],"score":186,"play_id":"8a358f8b-e0a6-4400-8ed3-5b3aaeafbd3c","local_time":"20210123183820","is_ascension_mode":false,"campfire_choices":[{"data":"Capacitor","floor":6,"key":"SMITH"},{"data":"Double Energy","floor":13,"key":"SMITH"},{"floor":15,"key":"REST"}],"circlet_count":0,"master_deck":["Defend_B","Defend_B","Defend_B","Zap","Beam Cell","Beam Cell","Redo","Capacitor+1","Ball Lightning","Ball Lightning","Double Energy+1","Lockon","Capacitor","Defragment","Undo"],"relics":["Cracked Core","MealTicket","Shuriken","Pear","Dream Catcher","Black Star"],"acts_visited":["Exordium","TheCity"],"potions_floor_usage":[],"damage_taken":[{"damage":2,"enemies":"2 Louse","floor":1,"turns":3},{"damage":5,"enemies":"Small Slimes","floor":3,"turns":4},{"damage":8,"enemies":"Jaw Worm","floor":10,"turns":3},{"damage":16,"enemies":"Gremlin Gang","floor":11,"turns":3},{"damage":11,"enemies":"Large Slime","floor":12,"turns":4},{"damage":26,"enemies":"Lagavulin","floor":14,"turns":5},{"damage":43,"enemies":"Hexaghost","floor":16,"turns":8},{"damage":0,"enemies":"Chosen","floor":18,"turns":4},{"damage":34,"enemies":"Shell Parasite","floor":19,"turns":5},{"damage":41,"enemies":"Sentry and Sphere","floor":21,"turns":6},{"damage":30,"enemies":"Cultist and Chosen","floor":22,"turns":4}],"seed_played":"-2753272403575103445","potions_obtained":[{"floor":1,"key":"FocusPotion"},{"floor":16,"key":"SpeedPotion"}],"is_trial":false,"path_per_floor":["M","?","M","?","$","R","?","$","T","M","M","M","R","E","R","B",null,"M","M","$","M","M"],"character_chosen":"DEFECT","items_purchased":["Redo","Capacitor","Ball Lightning","Defragment","Undo"],"campfire_rested":1,"item_purchase_floors":[5,5,5,20,20],"current_hp_per_floor":[73,62,57,50,65,65,65,75,85,77,61,50,50,24,49,6,85,85,51,66,25,0,0],"gold":73,"neow_bonus":"REMOVE_CARD","is_daily":false,"chose_seed":false,"campfire_upgraded":2,"win_rate":0.0,"timestamp":1611448700,"path_taken":["M","?","M","?","$","R","?","$","T","M","M","?","R","E","R","BOSS","M","M","$","M","?"],"items_purchased_type":["Card","Card","Card","Card","Card"],"build_version":"2020-12-22","purchased_purges":5,"victory":false,"max_hp_per_floor":[75,75,75,75,75,75,75,75,85,85,85,85,85,85,85,85,85,85,85,85,85,85,85],"card_choices":[{"not_picked":["Fusion","Chill"],"picked":"Beam Cell","floor":1},{"not_picked":["Sweeping Beam","Genetic Algorithm"],"picked":"Beam Cell","floor":3},{"not_picked":["Doom and Gloom","Leap"],"picked":"Ball Lightning","floor":10},{"not_picked":["Loop","Chaos","Static Discharge"],"picked":"SKIP","floor":11},{"not_picked":["Storm","Static Discharge"],"picked":"Double Energy","floor":12},{"not_picked":["Loop","Leap","Barrage"],"picked":"SKIP","floor":14},{"not_picked":["Beam Cell","Chaos"],"picked":"Lockon","floor":15},{"not_picked":["Barrage+1","Reprogram+1","Fusion+1"],"picked":"SKIP","floor":18},{"not_picked":["Barrage","Sweeping Beam+1"],"picked":"Capacitor","floor":19},{"not_picked":["Compile Driver","Chaos","Steam"],"picked":"SKIP","floor":21}],"player_experience":25330,"relics_obtained":[{"floor":9,"key":"Pear"},{"floor":14,"key":"Dream Catcher"}],"event_choices":[{"damage_healed":0,"gold_gain":75,"player_choice":"Gather Gold","damage_taken":11,"max_hp_gain":0,"max_hp_loss":0,"event_name":"World of Goop","floor":2,"gold_loss":0},{"damage_healed":0,"gold_gain":0,"player_choice":"Success","damage_taken":7,"relics_obtained":["MealTicket"],"max_hp_gain":0,"max_hp_loss":0,"event_name":"Scrap Ooze","floor":4,"gold_loss":0},{"damage_healed":0,"gold_gain":0,"player_choice":"Searched \u00271\u0027 times","damage_taken":0,"relics_obtained":["Shuriken"],"max_hp_gain":0,"max_hp_loss":0,"event_name":"Dead Adventurer","floor":7,"gold_loss":0}],"is_beta":false,"boss_relics":[{"not_picked":["Runic Pyramid","Inserter"],"picked":"Black Star"}],"items_purged_floors":[5,5,5,5,20],"is_endless":false,"potions_floor_spawned":[1,10,16],"killed_by":"Cultist and Chosen","ascension_level":0}}