{"host":"ees9py5fbpv5lclk","time":1611479886,"event":{"mods":["AchievementEnabler","BaseMod","Challenge The Spire","Colored Map","Colored Powertips","Conspire","Downfall","Hermit","Infinite Spire","Minty Spire (QoL Compilation)","Replay The Spire","Shop Mod","StSLib","SuperFastMode","The Bug Knight","The Cursed","The Servant 0.9.4"],"gold_per_floor":[114,289,76,121,133,133,133,133,133,133,133,133,11,42,42,42,42],"floor_reached":16,"language":"ENG","playtime":803,"items_purged":["Doubt","Strike_S"],"score":94,"play_id":"4389ada0-c03a-4399-af50-1e094da52b8f","local_time":"20210124041806","daily_mods":["Heirloom","Flight","DeadlyEvents","Elite Swarm"],"is_ascension_mode":false,"campfire_choices":[{"floor":6,"key":"REST"},{"data":"Foresight","floor":7,"key":"SMITH"},{"data":"Exchange","floor":8,"key":"SMITH"},{"data":"Unruled","floor":10,"key":"SMITH"},{"data":"TimeWarp","floor":11,"key":"SMITH"},{"data":"KidneyShot","floor":12,"key":"SMITH"},{"data":"FlawlessForm","floor":15,"key":"SMITH"}],"circlet_count":0,"master_deck":["Strike_S","Strike_S","Strike_S","Defend_S","Defend_S","Defend_S","Defend_S","KidneyShot+1","Exchange+1","Unruled+1","Foresight+1","TimeWarp+1","FlawlessForm+1"],"relics":["Uniform","CaptainsWheel","MerchantsRug","Replay:Ringing Soul","The Courier","CeramicFish"],"acts_visited":["Exordium"],"potions_floor_usage":[],"damage_taken":[{"damage":3,"enemies":"Jaw Worm","floor":1,"turns":4},{"damage":31,"enemies":"conspire:MimicChest","floor":4,"turns":10},{"damage":11,"enemies":"2 Louse","floor":5,"turns":4},{"damage":14,"enemies":"Gremlin Nob","floor":14,"turns":5},{"damage":42,"enemies":"The Guardian","floor":16,"turns":18}],"seed_played":"-1092919391771243939","potions_obtained":[{"floor":1,"key":"SpeedPotion"},{"floor":4,"key":"FearPotion"},{"floor":14,"key":"FairyPotion"}],"is_trial":true,"path_per_floor":["M","?","$","?","M","R","R","R","T","R","R","R","$","E","R","B"],"character_chosen":"THE_SERVANT","items_purchased":["MerchantsRug","FlawlessForm"],"campfire_rested":1,"item_purchase_floors":[3,13],"current_hp_per_floor":[62,62,62,34,26,47,47,47,47,47,47,47,50,36,36,18,18],"gold":42,"neow_bonus":"","is_daily":false,"chose_seed":false,"campfire_upgraded":6,"win_rate":0.0,"timestamp":1611479886,"path_taken":["M","?","$","?","?","R","R","R","T","R","R","R","$","?","R","BOSS"],"items_purchased_type":["Relic","Card"],"build_version":"2020-12-22","purchased_purges":2,"victory":false,"max_hp_per_floor":[65,65,65,68,71,71,71,71,71,71,71,71,74,74,74,74,74],"card_choices":[{"not_picked":["Alleviate","Collapse"],"picked":"Unruled","floor":1},{"not_picked":["FanOfKnives","Defy"],"picked":"Foresight","floor":4},{"not_picked":["Sabotage","Unruled"],"picked":"TimeWarp","floor":5},{"not_picked":["FlawlessForm","KillingDoll","Duplication"],"picked":"SKIP","floor":14}],"player_experience":123659,"relics_obtained":[{"floor":4,"key":"Replay:Ringing Soul"},{"floor":9,"key":"The Courier"},{"floor":14,"key":"CeramicFish"}],"event_choices":[{"damage_healed":0,"gold_gain":175,"player_choice":"AGREE","damage_taken":0,"max_hp_gain":0,"max_hp_loss":0,"event_name":"Liars Game","floor":2,"gold_loss":0,"cards_obtained":["Doubt"]}],"is_beta":false,"boss_relics":[],"items_purged_floors":[3,13],"is_endless":false,"potions_floor_spawned":[1,4,14],"killed_by":"The Guardian","ascension_level":0}}