{"host":"r3eb5kff0hcmimdq","time":1611466662,"event":{"mods":["100% Spire Juice","ATMod(°¢èªMod)","BaseMod","Colored Powertips","Conspire","Dota2Spire","Highlight Path","Luminous","Minty Spire (QoL Compilation)","MostiFishMod","Quick Restart","Reimu£¨²©ÀöÁéÃÎ£©","Relic Filter","Replay The Spire","RyuuouÁúÍõ","Shop Mod","Spicy Shops","StSLib","TestMod","The Jungle","The Mystic","The Senshi","vexMod","¡¾ÒÅÎï¿¨ÅÆ¡¿REMEMod","óô»ðÖ¸ÄÏ"],"gold_per_floor":[119,130,141,151,226,559,16,16,16,16,16,140,183,224,224,275,275],"floor_reached":16,"language":"ZHS","playtime":701,"items_purged":["Defend_Lin:ReiMu","Strike_Lin:ReiMu"],"score":337,"play_id":"c689a248-73df-4097-aa98-80091ef90774","local_time":"20210124133742","is_ascension_mode":false,"campfire_choices":[{"data":"testmod-SunMoon","floor":11,"key":"SMITH"},{"data":"KamiRite:ReiMu","floor":15,"key":"SMITH"}],"circlet_count":0,"master_deck":["Strike_Lin:ReiMu","Strike_Lin:ReiMu","Strike_Lin:ReiMu","Defend_Lin:ReiMu","Defend_Lin:ReiMu","Defend_Lin:ReiMu","NB:ReiMu","Stagnation:ReiMu","testmod-Arrangement+1","AT_FamilyPortrait+1","Pride","testmod-Lust","testmod-Wrath","testmod-Sloth","testmod-Envy","testmod-Greed","testmod-Gluttony","testmod-Gluttony","Dreaming2:ReiMu","RainPray2:ReiMu","LovePray:ReiMu","YinYangSange:ReiMu","KamiRite:ReiMu+1","testmod-SunMoon+1","FantasyMoon:ReiMu","CardOfSanctity:ReiMu"],"relics":["FlyPower:ReiMu","DaveBox","REME_ComplimentaryCards","AT_ATBox","testmod-TestBox","Transparent","testmod-SevenDeadlySins","Du-Vu Doll","Darkstone Periapt","Blue Candle","NeowsBlessing","SynthV:TestCard","MerchantsRug","DiscerningMonocle","Gremlin Food","Dota2Spire:PowerTreads","Medical Kit","vexMod:BarristanHead","StrikeDummy","REME_ArchaeologicalTools","Frozen Egg 2","Replay:Bottled Flurry","Strange Spoon","Tea:ReiMu","Dota2Spire:OrchidMalevolence","testmod-HeartOfStrike","Guide Book","AT_GuinsooRageblade","ThornShield"],"acts_visited":["Exordium"],"potions_floor_usage":[16],"damage_taken":[{"damage":11.0,"enemies":"Jaw Worm","floor":1.0,"turns":1.0},{"damage":11.0,"enemies":"2 Louse","floor":2.0,"turns":1.0},{"damage":11.0,"enemies":"Small Slimes","floor":3.0,"turns":1.0},{"damage":11.0,"enemies":"Looter","floor":4.0,"turns":1.0},{"damage":22.0,"enemies":"Gremlin Nob","floor":6.0,"turns":2.0},{"damage":29,"enemies":"3 Sentries","floor":12,"turns":2},{"damage":57,"enemies":"Blue Slaver","floor":13,"turns":3},{"damage":22,"enemies":"Exordium Wildlife","floor":14,"turns":2},{"damage":117,"enemies":"Hexaghost","floor":16,"turns":5}],"seed_played":"-5574582539035014438","potions_obtained":[{"floor":3.0,"key":"Swift Potion"},{"floor":4.0,"key":"GrandPatriotsElixir:ReiMu"}],"is_trial":false,"path_per_floor":["M","M","M","M","?","E","R","$","T","$","R","E","M","M","R","B"],"character_chosen":"REIMU","items_purchased":["MerchantsRug","DiscerningMonocle","Gremlin Food","Dota2Spire:PowerTreads","Medical Kit","vexMod:BarristanHead","StrikeDummy","REME_ArchaeologicalTools","Frozen Egg 2","BlessingOfTheForge","PinkPotion:ReiMu","Venom Potion","Strange Spoon","Tea:ReiMu","Dota2Spire:OrchidMalevolence","testmod-HeartOfStrike","Guide Book","AT_GuinsooRageblade","KamiRite:ReiMu","testmod-SunMoon"],"campfire_rested":0,"item_purchase_floors":[7,7,7,7,8,8,8,8,8,8,8,8,10,10,10,10,10,10,10,10],"current_hp_per_floor":[113,113,113,113,102,113,113,113,113,113,113,113,113,113,113,0,0],"gold":275,"neow_bonus":"THREE_ENEMY_KILL","is_daily":false,"chose_seed":false,"campfire_upgraded":2,"win_rate":0.0,"timestamp":1611466662,"path_taken":["M","M","M","M","?","E","R","$","T","$","R","E","M","M","R","BOSS"],"items_purchased_type":["Relic","Relic","Relic","Relic","Relic","Relic","Relic","Relic","Relic","Potion","Potion","Potion","Relic","Relic","Relic","Relic","Relic","Relic","Card","Card"],"build_version":"2020-12-22","purchased_purges":2,"victory":false,"max_hp_per_floor":[113,113,113,113,113,113,113,113,113,113,113,113,113,113,113,113,113],"card_choices":[{"not_picked":["TightArray:ReiMu","AlertArray:ReiMu","Intuition:ReiMu"],"picked":"SKIP","floor":1.0},{"not_picked":["Meditation:ReiMu","ShadowOfCrow2:ReiMu","SpringWay:ReiMu","PayForSelf:ReiMu"],"picked":"Dreaming2:ReiMu","floor":2.0},{"not_picked":["Meditation:ReiMu","FoulBorder2:ReiMu","Gathering:ReiMu","WonderfulDomain:ReiMu"],"picked":"RainPray2:ReiMu","floor":3.0},{"not_picked":["UniversalSpiritual:ReiMu","AirStrike:ReiMu","RainPray2:ReiMu","CollectionFlower2:ReiMu"],"picked":"LovePray:ReiMu","floor":4.0},{"not_picked":["SafetyPray:ReiMu","SpiritualOutbreak2:ReiMu","TightArray:ReiMu","MountainWay:ReiMu"],"picked":"YinYangSange:ReiMu","floor":6.0},{"not_picked":["AirStrike:ReiMu","Crusade:ReiMu","TightArray:ReiMu","CareerPray:ReiMu","Conquer:ReiMu"],"picked":"SKIP","floor":12},{"not_picked":["CareerPray:ReiMu","KamiSacrifice:ReiMu","Enchanting:ReiMu","ManaGlint:ReiMu"],"picked":"FantasyMoon:ReiMu","floor":13},{"not_picked":["Enchanting:ReiMu","AirStrike:ReiMu","SpringWay:ReiMu","Intuition:ReiMu"],"picked":"CardOfSanctity:ReiMu","floor":14}],"player_experience":164562,"relics_obtained":[{"floor":1.0,"key":"SynthV:TestCard"},{"floor":6.0,"key":"Old Coin"},{"floor":9,"key":"Replay:Bottled Flurry"},{"floor":12,"key":"ThornShield"}],"event_choices":[{"damage_healed":0.0,"max_hp_gain":0.0,"max_hp_loss":0.0,"gold_gain":75.0,"event_name":"World of Goop","player_choice":"Gather Gold","floor":5.0,"gold_loss":0.0,"damage_taken":11.0}],"is_beta":false,"boss_relics":[],"items_purged_floors":[8,10],"is_endless":false,"potions_floor_spawned":[3,4,13],"killed_by":"Hexaghost","ascension_level":0}}