{"host":"yvb207ks1sg3cxef","time":1611481512,"event":{"mods":["2.2 Compatiblity","BaseMod","Bestiary","Colored Powertips","Minty Spire (QoL Compilation)","Permanent Neow","Quick Restart","Relic Stats","StSLib"],"gold_per_floor":[117,117,132,97,17,17,48,48,48,75,86,126,27,51,51,135,135,157,166,176,199,217,217,217,217],"floor_reached":24,"language":"ENG","playtime":874,"items_purged":[],"score":435,"play_id":"6df6fe39-366a-4fe9-b022-5be5abd713e0","local_time":"20210124151512","is_ascension_mode":true,"campfire_choices":[{"data":"Wallop","floor":6.0,"key":"SMITH"},{"data":"Meditate","floor":15.0,"key":"SMITH"},{"data":"Vault","floor":23.0,"key":"SMITH"}],"circlet_count":0,"master_deck":["AscendersBane","Strike_P","Defend_P","Defend_P","Defend_P","Eruption","Vigilance","Protect","Wallop+1","WheelKick","EmptyFist","Meditate+1","Vault+1","LikeWater","InnerPeace","Tantrum","Vault","Prostrate+1","Decay","FlurryOfBlows+1","ReachHeaven","Protect"],"relics":["PureWater","Lantern","Girya","Matryoshka","Odd Mushroom","CeramicFish","VioletLotus"],"acts_visited":["Exordium","TheCity"],"potions_floor_usage":[],"damage_taken":[{"damage":0.0,"enemies":"Jaw Worm","floor":1.0,"turns":5.0},{"damage":0.0,"enemies":"2 Louse","floor":3.0,"turns":5.0},{"damage":0.0,"enemies":"Lagavulin","floor":7.0,"turns":3.0},{"damage":0.0,"enemies":"The Mushroom Lair","floor":10.0,"turns":5.0},{"damage":0.0,"enemies":"Small Slimes","floor":11.0,"turns":3.0},{"damage":22.0,"enemies":"Gremlin Nob","floor":12.0,"turns":4.0},{"damage":0.0,"enemies":"Looter","floor":14.0,"turns":4.0},{"damage":13.0,"enemies":"Hexaghost","floor":16.0,"turns":9.0},{"damage":14.0,"enemies":"Spheric Guardian","floor":18.0,"turns":6.0},{"damage":5.0,"enemies":"2 Thieves","floor":20.0,"turns":6.0},{"damage":14.0,"enemies":"3 Cultists","floor":21.0,"turns":8.0},{"damage":29,"enemies":"Book of Stabbing","floor":24,"turns":4}],"seed_played":"6985416460103791115","potions_obtained":[{"floor":3.0,"key":"DistilledChaos"},{"floor":10.0,"key":"BottledMiracle"},{"floor":11.0,"key":"Fruit Juice"},{"floor":18.0,"key":"Block Potion"}],"is_trial":false,"path_per_floor":["M","?","M","?","$","R","E","?","T","?","M","E","$","M","R","B",null,"M","?","M","M","?","R","E"],"character_chosen":"WATCHER","items_purchased":["WheelKick","LikeWater","InnerPeace"],"campfire_rested":0,"item_purchase_floors":[5,13,13],"current_hp_per_floor":[61,16,16,31,31,31,31,51,51,51,51,29,29,29,29,16,51,42,42,37,23,23,23,0,0],"gold":217,"neow_bonus":"REMOVE_TWO","is_daily":false,"chose_seed":false,"campfire_upgraded":3,"win_rate":0.0,"timestamp":1611481512,"path_taken":["M","?","M","?","$","R","E","?","T","?","M","E","?","M","R","BOSS","M","?","?","M","?","R","E"],"items_purchased_type":["Card","Card","Card"],"build_version":"2020-12-22","purchased_purges":0,"victory":false,"max_hp_per_floor":[62,62,62,62,62,62,62,62,62,62,62,62,62,62,62,62,62,67,67,67,67,67,67,67,67],"relic_stats":{"counters":[12,62],"CeramicFish":90,"VioletLotus":[8],"obtain_stats":[{"Girya":7,"Lantern":2,"Matryoshka":9,"CeramicFish":12,"VioletLotus":17,"PureWater":0,"Odd Mushroom":10},{"Girya":3,"Lantern":1,"Matryoshka":3,"CeramicFish":6,"VioletLotus":8,"PureWater":0,"Odd Mushroom":4},{"Girya":13,"Lantern":5,"Matryoshka":13,"CeramicFish":25,"VioletLotus":38,"PureWater":0,"Odd Mushroom":18}]},"card_choices":[{"not_picked":["FlurryOfBlows","ThirdEye"],"picked":"Protect","floor":1.0},{"not_picked":["FollowUp","Prostrate"],"picked":"Wallop","floor":3.0},{"not_picked":["CutThroughFate","BowlingBash"],"picked":"EmptyFist","floor":7.0},{"not_picked":["Evaluate","CutThroughFate"],"picked":"Meditate","floor":11.0},{"not_picked":["TalkToTheHand","LikeWater"],"picked":"Vault","floor":12.0},{"not_picked":["FollowUp","JustLucky"],"picked":"Tantrum","floor":14.0},{"not_picked":["DevaForm","Blasphemy"],"picked":"Vault","floor":16.0},{"not_picked":["SandsOfTime","SashWhip"],"picked":"Prostrate+1","floor":18.0},{"not_picked":["Evaluate","ReachHeaven","SashWhip"],"picked":"SKIP","floor":20.0},{"not_picked":["SashWhip","Evaluate"],"picked":"FlurryOfBlows+1","floor":21.0}],"player_experience":433199,"relics_obtained":[{"floor":7.0,"key":"Girya"},{"floor":9.0,"key":"Matryoshka"},{"floor":10.0,"key":"Odd Mushroom"},{"floor":12.0,"key":"CeramicFish"}],"event_choices":[{"damage_healed":0.0,"max_hp_gain":0.0,"max_hp_loss":0.0,"gold_gain":0.0,"event_name":"Scrap Ooze","player_choice":"Success","floor":2.0,"gold_loss":0.0,"damage_taken":45.0,"relics_obtained":["Lantern"]},{"damage_healed":15.0,"max_hp_gain":0.0,"max_hp_loss":0.0,"gold_gain":0.0,"event_name":"The Cleric","player_choice":"Healed","floor":4.0,"gold_loss":35.0,"damage_taken":0.0},{"damage_healed":20.0,"max_hp_gain":0.0,"max_hp_loss":0.0,"gold_gain":0.0,"event_name":"Big Fish","player_choice":"Banana","floor":8.0,"gold_loss":0.0,"damage_taken":0.0},{"damage_healed":0.0,"max_hp_gain":0.0,"max_hp_loss":0.0,"gold_gain":0.0,"event_name":"Mushrooms","player_choice":"Fought Mushrooms","floor":10.0,"gold_loss":0.0,"damage_taken":0.0},{"damage_healed":0.0,"max_hp_gain":0.0,"max_hp_loss":0.0,"gold_gain":0.0,"event_name":"Wheel of Change","player_choice":"Cursed","floor":19.0,"gold_loss":0.0,"damage_taken":0.0,"cards_obtained":["Decay"]},{"damage_healed":0.0,"max_hp_gain":0.0,"max_hp_loss":0.0,"gold_gain":0.0,"cards_transformed":["Strike_P","Strike_P"],"event_name":"Drug Dealer","player_choice":"Became Test Subject","floor":22.0,"gold_loss":0.0,"damage_taken":0.0,"cards_obtained":["ReachHeaven","Protect"]}],"is_beta":false,"boss_relics":[{"not_picked":["Tiny House","Velvet Choker"],"picked":"VioletLotus"}],"items_purged_floors":[],"is_endless":false,"potions_floor_spawned":[3,10,11,18],"killed_by":"Book of Stabbing","ascension_level":18}}