{"host":"3zb3nk4wvq0dtbuh","time":1611483037,"event":{"mods":["AchievementEnabler","BaseMod","Lobotomy","Minty Spire (QoL Compilation)","Quick Restart","StSLib","SuperFastMode","The Blackbeard"],"gold_per_floor":[110,127,41,57,71,71,86,86,86,106,106,119,137,151,151,254,254,274,274,301,315,315,315,148,148,202,221,234,211,227,238,238,238,238],"floor_reached":33,"language":"ZHS","playtime":680,"items_purged":[],"score":245,"play_id":"fb9bb004-0b6f-469a-b2cf-745f0d04e132","local_time":"20210124181037","is_ascension_mode":false,"campfire_choices":[{"data":"Flame Barrier","floor":6.0,"key":"SMITH"},{"data":"Armaments","floor":15.0,"key":"SMITH"},{"data":"Double Tap","floor":23.0,"key":"SMITH"},{"data":"Juggernaut","floor":25,"key":"SMITH"},{"floor":32,"key":"REST"}],"circlet_count":0,"master_deck":["Strike_R","Strike_R","Strike_R","Strike_R","Strike_R","Defend_R","Defend_R","Defend_R","Defend_R","Bash","Cleave","Flame Barrier+1","Mind Blast","Clothesline","Pommel Strike","Perfected Strike","Perfected Strike","Double Tap+1","Armaments+1","Juggernaut+1","Apotheosis","Uppercut","Shrug It Off","Entrench+1"],"relics":["Snecko Eye"],"acts_visited":["Exordium","TheCity"],"potions_floor_usage":[31,33,33],"damage_taken":[{"damage":0.0,"enemies":"Cultist","floor":1.0,"turns":2.0},{"damage":6.0,"enemies":"2 Louse","floor":2.0,"turns":2.0},{"damage":6.0,"enemies":"Jaw Worm","floor":4.0,"turns":3.0},{"damage":6.0,"enemies":"Exordium Wildlife","floor":5.0,"turns":3.0},{"damage":5.0,"enemies":"Blue Slaver","floor":7.0,"turns":2.0},{"damage":0.0,"enemies":"2 Fungi Beasts","floor":10.0,"turns":3.0},{"damage":0.0,"enemies":"Red Slaver","floor":12.0,"turns":1.0},{"damage":2.0,"enemies":"Gremlin Gang","floor":13.0,"turns":2.0},{"damage":11.0,"enemies":"Blue Slaver","floor":14.0,"turns":3.0},{"damage":35.0,"enemies":"Hexaghost","floor":16.0,"turns":8.0},{"damage":4.0,"enemies":"2 Thieves","floor":18.0,"turns":2.0},{"damage":0.0,"enemies":"Spheric Guardian","floor":21.0,"turns":3.0},{"damage":22,"enemies":"3 Cultists","floor":27,"turns":5},{"damage":24,"enemies":"Shelled Parasite and Fungi","floor":28,"turns":5},{"damage":17,"enemies":"Sentry and Sphere","floor":30,"turns":4},{"damage":0,"enemies":"Snecko","floor":31,"turns":3},{"damage":44,"enemies":"Collector","floor":33,"turns":8}],"seed_played":"-7858733051896704092","potions_obtained":[{"floor":2.0,"key":"Energy Potion"},{"floor":5.0,"key":"Swift Potion"},{"floor":12.0,"key":"Weak Potion"},{"floor":16.0,"key":"HeartOfIron"},{"floor":21.0,"key":"DistilledChaos"}],"is_trial":false,"path_per_floor":["M","M","$","M","M","R","M","?","T","M","?","M","M","M","R","B",null,"M","?","T","M","$","R","$","R","T","M","M","$","M","M","R","B"],"character_chosen":"IRONCLAD","items_purchased":["Mind Blast","Apotheosis","Shrug It Off"],"campfire_rested":1,"item_purchase_floors":[3,24,29],"current_hp_per_floor":[80,74,74,68,62,62,57,57,57,57,62,62,60,49,49,14,85,81,81,81,81,81,81,81,81,81,59,35,35,18,18,43,0,0],"gold":238,"neow_bonus":"BOSS_RELIC","is_daily":false,"chose_seed":false,"campfire_upgraded":4,"win_rate":0.0,"timestamp":1611483037,"path_taken":["M","M","$","?","M","R","M","?","T","?","?","M","M","M","R","BOSS","M","?","?","M","$","R","?","R","T","M","M","?","M","M","R","BOSS"],"items_purchased_type":["Card","Card","Card"],"build_version":"2020-12-22","purchased_purges":0,"victory":false,"max_hp_per_floor":[80,80,80,80,80,80,80,80,80,80,85,85,85,85,85,85,85,85,85,85,85,85,85,85,85,85,85,85,85,85,85,85,85,85],"card_choices":[{"not_picked":["Rage","Flex"],"picked":"Cleave","floor":1.0},{"not_picked":["Warcry","Flex"],"picked":"Flame Barrier","floor":2.0},{"not_picked":["Infernal Blade","Anger"],"picked":"Clothesline","floor":4.0},{"not_picked":["Feel No Pain","Heavy Blade"],"picked":"Pommel Strike","floor":5.0},{"not_picked":["Headbutt","Infernal Blade","Rupture"],"picked":"SKIP","floor":7.0},{"not_picked":["Bloodletting","Flex"],"picked":"Perfected Strike","floor":10.0},{"not_picked":["Wild Strike","Sword Boomerang"],"picked":"Perfected Strike","floor":12.0},{"not_picked":["Bloodletting","Headbutt"],"picked":"Double Tap","floor":13.0},{"not_picked":["Clash","Cleave"],"picked":"Armaments","floor":14.0},{"not_picked":["Reaper","Impervious"],"picked":"Juggernaut","floor":16.0},{"not_picked":["Iron Wave+1","Twin Strike","Burning Pact"],"picked":"SKIP","floor":18.0},{"not_picked":["Warcry+1","Armaments","Iron Wave"],"picked":"SKIP","floor":21.0},{"not_picked":["Flex","Twin Strike+1"],"picked":"Uppercut","floor":27},{"not_picked":["Clash","Pummel+1","Warcry"],"picked":"SKIP","floor":28},{"not_picked":["Perfected Strike+1","Pommel Strike+1"],"picked":"Entrench+1","floor":30},{"not_picked":["Thunderclap+1","Wild Strike","Clothesline"],"picked":"SKIP","floor":31}],"player_experience":14042,"relics_obtained":[],"event_choices":[{"damage_healed":0.0,"max_hp_gain":0.0,"max_hp_loss":0.0,"gold_gain":0.0,"event_name":"The Woman in Blue","player_choice":"Bought 0 Potions","floor":8.0,"gold_loss":0.0,"damage_taken":0.0},{"damage_healed":0.0,"max_hp_gain":5.0,"max_hp_loss":0.0,"gold_gain":0.0,"event_name":"Big Fish","player_choice":"Donut","floor":11.0,"gold_loss":0.0,"damage_taken":0.0}],"is_beta":false,"boss_relics":[{"not_picked":["Busted Crown","Astrolabe","Fusion Hammer"]}],"items_purged_floors":[],"is_endless":false,"potions_floor_spawned":[2,5,12,14,16,18,21,28],"killed_by":"Collector","ascension_level":0}}