{"host":"bxn2em57qlx5u4i0","time":1611518819,"event":{"mods":["BaseMod","Colored Map","Colored Powertips","Highlight Path","Minty Spire (QoL Compilation)","Random Character Button","Relic Sorter","Relic Stats","StSLib","SuperFastMode"],"gold_per_floor":[118,193,205,205,205,205,18,18,18,28,40,40,40,40],"floor_reached":13,"language":"ENG","playtime":304,"items_purged":[],"score":146,"play_id":"787a08fe-ea1e-4467-8dd0-5b40038c7de9","local_time":"20210124150659","is_ascension_mode":true,"campfire_choices":[{"data":"Neutralize","floor":6,"key":"SMITH"},{"data":"Flying Knee","floor":8,"key":"SMITH"},{"data":"After Image","floor":12,"key":"SMITH"}],"circlet_count":0,"master_deck":["AscendersBane","Strike_G","Strike_G","Strike_G","Strike_G","Strike_G","Defend_G","Defend_G+1","Defend_G","Defend_G","Defend_G","Survivor+1","Neutralize+1","After Image+1","Flying Knee+1","PiercingWail","Quick Slash+1"],"relics":["Ring of the Snake","Mercury Hourglass","ClockworkSouvenir","Molten Egg 2"],"acts_visited":["Exordium"],"potions_floor_usage":[11,13],"damage_taken":[{"damage":11,"enemies":"Small Slimes","floor":1,"turns":5},{"damage":2,"enemies":"Jaw Worm","floor":3,"turns":6},{"damage":0,"enemies":"2 Louse","floor":10,"turns":2},{"damage":3,"enemies":"Exordium Thugs","floor":11,"turns":4},{"damage":16,"enemies":"Lagavulin","floor":13,"turns":8}],"seed_played":"9206886402136922352","potions_obtained":[{"floor":3,"key":"LiquidBronze"},{"floor":10,"key":"Explosive Potion"}],"is_trial":false,"path_per_floor":["M","?","M","?","T","R","$","R","T","M","M","R","E"],"character_chosen":"THE_SILENT","items_purchased":["ClockworkSouvenir","PiercingWail"],"campfire_rested":0,"item_purchase_floors":[7,7],"current_hp_per_floor":[48,37,35,17,17,17,17,17,17,17,14,14,0,0],"gold":40,"neow_bonus":"THREE_RARE_CARDS","is_daily":false,"chose_seed":false,"campfire_upgraded":3,"win_rate":0.0,"timestamp":1611518819,"path_taken":["M","?","M","?","?","R","$","R","T","M","M","R","E"],"items_purchased_type":["Relic","Card"],"build_version":"2020-12-22","purchased_purges":0,"victory":false,"max_hp_per_floor":[60,60,60,60,60,60,60,60,60,60,60,60,60,60],"relic_stats":{"counters":[5,25],"obtain_stats":[{"Molten Egg 2":9,"Ring of the Snake":0,"Mercury Hourglass":5,"ClockworkSouvenir":7},{"Molten Egg 2":2,"Ring of the Snake":0,"Mercury Hourglass":2,"ClockworkSouvenir":2},{"Molten Egg 2":11,"Ring of the Snake":0,"Mercury Hourglass":11,"ClockworkSouvenir":11}],"Ring of the Snake":[10],"Mercury Hourglass":[48]},"card_choices":[{"not_picked":["Adrenaline","Wraith Form v2"],"picked":"After Image","floor":0},{"not_picked":["PiercingWail","Outmaneuver"],"picked":"Flying Knee","floor":1},{"not_picked":["Accuracy","Acrobatics","Underhanded Strike"],"picked":"SKIP","floor":3},{"not_picked":["PiercingWail","Setup","Grand Finale+1"],"picked":"SKIP","floor":10},{"not_picked":["Catalyst","Cloak And Dagger"],"picked":"Quick Slash+1","floor":11}],"player_experience":2923990,"relics_obtained":[{"floor":5,"key":"Mercury Hourglass"},{"floor":9,"key":"Molten Egg 2"}],"event_choices":[{"damage_healed":0,"gold_gain":75,"player_choice":"Gather Gold","damage_taken":11,"max_hp_gain":0,"max_hp_loss":0,"event_name":"World of Goop","floor":2,"gold_loss":0},{"damage_healed":0,"gold_gain":0,"player_choice":"Entered Light","damage_taken":18,"max_hp_gain":0,"max_hp_loss":0,"event_name":"Shining Light","floor":4,"gold_loss":0,"cards_upgraded":["Survivor","Defend_G"]}],"is_beta":false,"boss_relics":[],"items_purged_floors":[],"is_endless":false,"potions_floor_spawned":[3,10],"killed_by":"Lagavulin","ascension_level":20}}