{"host":"rhmey7cqvf7gw8tt","time":1611465472,"event":{"mods":["AchievementEnabler","Arknights The Spire","BaseMod","Googly Eyes","Marisa£®ÏF”Í°°ƒß¿Ì…≥£©","Minty Spire (QoL Compilation)","Quick Restart","Reimu£®≤©¿ˆ¡È√Œ£©","Shop Mod","StSLib"],"gold_per_floor":[116,191,201,201,221,255,265,275,321,52,77,89,89,101,101,101,101],"floor_reached":16,"language":"ZHS","playtime":1285,"items_purged":[],"score":114,"play_id":"835a4398-5b92-4860-ade1-7cce652a0fa6","local_time":"20210124131752","is_ascension_mode":false,"campfire_choices":[{"floor":13,"key":"REST"},{"data":"ats:Emotion Absorption","floor":15,"key":"SMITH"}],"circlet_count":0,"master_deck":["ats:Strike C","ats:Strike G","ats:Strike S","ats:Armor Crushing Shot","ats:Defend","ats:Defend","ats:Defend","ats:Defend","ats:Emotion Absorption+1","ats:Closed Bolt Burst Fire","ats:Hammer On","ats:Hammer On","ats:Overload","ats:Part Time Job","ats:Blood Oath","ats:Soul Rend","ats:Assault Order"],"relics":["ats:Sanity","NeowsBlessing","ats:Originium","Mango","ats:Ability Aura","MerchantsRug","Regal Pillow","Blue Candle"],"acts_visited":["Exordium"],"potions_floor_usage":[11,16,16],"damage_taken":[{"damage":0,"enemies":"Jaw Worm","floor":1,"turns":1},{"damage":0,"enemies":"Small Slimes","floor":3,"turns":1},{"damage":0,"enemies":"Cultist","floor":5,"turns":1},{"damage":34,"enemies":"3 Sentries","floor":6,"turns":9},{"damage":5,"enemies":"Exordium Wildlife","floor":7,"turns":3},{"damage":14,"enemies":"Blue Slaver","floor":8,"turns":3},{"damage":14,"enemies":"Gremlin Nob","floor":11,"turns":3},{"damage":11,"enemies":"Red Slaver","floor":12,"turns":3},{"damage":10,"enemies":"Large Slime","floor":14,"turns":5},{"damage":69,"enemies":"The Guardian","floor":16,"turns":8}],"seed_played":"2860961485537251850","potions_obtained":[{"floor":1,"key":"GamblersBrew"},{"floor":8,"key":"GamblersBrew"},{"floor":11,"key":"SpeedPotion"},{"floor":14,"key":"SpeedPotion"}],"is_trial":false,"path_per_floor":["M","?","M","?","M","E","M","M","T","$","E","M","R","M","R","B"],"character_chosen":"DOCTOR_CLASS","items_purchased":["MerchantsRug","Regal Pillow"],"campfire_rested":1,"item_purchase_floors":[10,10],"current_hp_per_floor":[72,61,61,61,61,41,36,22,22,22,13,7,47,52,52,0,0],"gold":101,"neow_bonus":"THREE_ENEMY_KILL","is_daily":false,"chose_seed":false,"campfire_upgraded":1,"win_rate":0.0,"timestamp":1611465472,"path_taken":["M","?","M","?","?","E","M","M","T","$","E","M","R","M","R","BOSS"],"items_purchased_type":["Relic","Relic"],"build_version":"2020-12-22","purchased_purges":0,"victory":false,"max_hp_per_floor":[72,72,72,72,72,86,86,86,86,86,86,86,86,86,86,86,86],"card_choices":[{"not_picked":["ats:Directed Diagnosis","ats:Childhood Dance"],"picked":"ats:Closed Bolt Burst Fire","floor":1},{"not_picked":["ats:Burning Ground","ats:Blood Oath"],"picked":"ats:Hammer On","floor":3},{"not_picked":["ats:Powerful Strike","ats:Childhood Dance","ats:Healing Drone"],"picked":"SKIP","floor":5},{"not_picked":["ats:Leaping Hammer","ats:Ignite"],"picked":"ats:Overload","floor":6},{"not_picked":["ats:Steam Pump","ats:Directed Diagnosis"],"picked":"ats:Part Time Job","floor":7},{"not_picked":["ats:Ignite","ats:Support Order"],"picked":"ats:Blood Oath","floor":8},{"not_picked":["ats:Healing Drone","ats:Cat Scratch"],"picked":"ats:Soul Rend","floor":11},{"not_picked":["ats:Childhood Dance","ats:Poison Spread","ats:Neurotoxin"],"picked":"SKIP","floor":12},{"not_picked":["ats:Childhood Dance","ats:Ignite"],"picked":"ats:Assault Order","floor":14}],"player_experience":386622,"relics_obtained":[{"floor":6,"key":"ats:Originium"},{"floor":6,"key":"Mango"},{"floor":9,"key":"ats:Ability Aura"},{"floor":11,"key":"ats:Originium"},{"floor":11,"key":"Blue Candle"}],"event_choices":[{"damage_healed":0,"gold_gain":75,"player_choice":"Gather Gold","damage_taken":11,"max_hp_gain":0,"max_hp_loss":0,"event_name":"World of Goop","floor":2,"gold_loss":0},{"damage_healed":0,"gold_gain":0,"cards_transformed":["ats:Strike V"],"player_choice":"Transformed","damage_taken":0,"max_hp_gain":0,"max_hp_loss":0,"event_name":"Transmorgrifier","floor":4,"gold_loss":0,"cards_obtained":["ats:Hammer On"]}],"is_beta":false,"boss_relics":[],"items_purged_floors":[],"is_endless":false,"potions_floor_spawned":[1,8,11,14],"killed_by":"The Guardian","ascension_level":0}}