{"host":"v3mpq6flurzldi5g","time":1611449034,"event":{"mods":["AchievementEnabler","BaseMod","Colored Powertips","Highlight Path","Minty Spire (QoL Compilation)","StSLib"],"gold_per_floor":[110,128,128,142,66,66,66,66,93,107,107,107],"floor_reached":11,"language":"ENG","playtime":416,"items_purged":[],"score":98,"play_id":"249bc5da-0f91-4e0e-92b1-5a17ad5e9ca2","local_time":"20210123194354","is_ascension_mode":true,"campfire_choices":[{"data":"Genetic Algorithm","floor":6,"key":"SMITH"},{"data":"Defend_B","floor":8,"key":"SMITH"}],"circlet_count":0,"master_deck":["AscendersBane","Strike_B","Strike_B","Strike_B","Strike_B","Defend_B+1","Defend_B","Defend_B","Defend_B","Zap","Dualcast","Amplify","Glacier","Auto Shields","Genetic Algorithm+1","Static Discharge"],"relics":["Cracked Core","Pen Nib"],"acts_visited":["Exordium"],"potions_floor_usage":[],"damage_taken":[{"damage":9,"enemies":"Small Slimes","floor":1,"turns":3},{"damage":0,"enemies":"Cultist","floor":2,"turns":3},{"damage":2,"enemies":"2 Louse","floor":4,"turns":4},{"damage":13,"enemies":"Large Slime","floor":10,"turns":10},{"damage":51,"enemies":"Gremlin Nob","floor":11,"turns":5}],"seed_played":"-9036114146585694136","potions_obtained":[{"floor":1,"key":"LiquidBronze"},{"floor":10,"key":"Ancient Potion"}],"is_trial":false,"path_per_floor":["M","M","?","M","$","R","$","R","T","M","E"],"character_chosen":"DEFECT","items_purchased":["Static Discharge"],"campfire_rested":0,"item_purchase_floors":[5],"current_hp_per_floor":[59,59,59,57,57,57,57,57,57,44,0,0],"gold":107,"neow_bonus":"THREE_RARE_CARDS","is_daily":false,"chose_seed":false,"campfire_upgraded":2,"win_rate":0.0,"timestamp":1611449034,"path_taken":["M","M","?","M","$","R","?","R","T","M","E"],"items_purchased_type":["Card"],"build_version":"2020-12-22","purchased_purges":0,"victory":false,"max_hp_per_floor":[68,68,68,68,68,68,68,68,68,68,68,68],"card_choices":[{"not_picked":["Fission","Biased Cognition"],"picked":"Amplify","floor":0},{"not_picked":["Leap","Redo"],"picked":"Glacier","floor":1},{"not_picked":["Hologram","Ball Lightning"],"picked":"Auto Shields","floor":2},{"not_picked":["Gash","Rebound"],"picked":"Genetic Algorithm","floor":4},{"not_picked":["Hologram","Steam","Fission"],"picked":"SKIP","floor":10}],"player_experience":1018529,"relics_obtained":[{"floor":9,"key":"Pen Nib"}],"event_choices":[{"damage_healed":0,"gold_gain":0,"player_choice":"0 cards matched","damage_taken":0,"max_hp_gain":0,"max_hp_loss":0,"event_name":"Match and Keep!","floor":3,"gold_loss":0,"cards_obtained":[]}],"is_beta":false,"boss_relics":[],"items_purged_floors":[],"is_endless":false,"potions_floor_spawned":[1,10],"killed_by":"Gremlin Nob","ascension_level":11}}