{"host":"h1ba9qculgt1zycs","time":1611521334,"event":{"mods":["BaseMod","Hermit","Minty Spire (QoL Compilation)","Remove Card Discount Mod","StSLib","The Cursed"],"gold_per_floor":[112,128,128,143,153,153,187,215,242,273,273,249,4,33,33,131,131,148,180,85,85,110,110,110,110,137,153,153,181,108,134,134,239,239,251,251,473,473,484,513,546,546,546,576,611,317,221,253,253,351,351,361,275,295,308,21,21,47,76,152,152,187,218,318,337,337,440,440,459,423,443,407,433,433,462,462,516,516,516,516],"floor_reached":79,"language":"ENG","playtime":3125,"items_purged":["SpiritShield","Blasphemy","Judgement","ConjureBlade","Wish","Omniscience","DeusExMachina","DeusExMachina","Scrawl","Ragnarok","MasterReality","MasterReality"],"score":1803,"play_id":"03f17998-9232-4cba-ab3f-118580cee9d8","local_time":"20210124214854","daily_mods":["Shiny","Specialized","Heirloom","Time Dilation","Flight","DeadlyEvents","Elite Swarm"],"is_ascension_mode":false,"campfire_choices":[{"data":"LessonLearned","floor":6.0,"key":"SMITH"},{"data":"Vault","floor":11.0,"key":"SMITH"},{"data":"DevaForm","floor":15.0,"key":"SMITH"},{"data":"Devotion","floor":23.0,"key":"SMITH"},{"floor":24.0,"key":"REST"},{"floor":25.0,"key":"REST"},{"floor":32.0,"key":"REST"},{"floor":42.0,"key":"REST"},{"data":"Transmutation","floor":49.0,"key":"SMITH"},{"data":"Ragnarok","floor":57.0,"key":"SMITH"},{"data":"Scrawl","floor":61.0,"key":"SMITH"},{"data":"Vault","floor":66.0,"key":"SMITH"},{"floor":74,"key":"REST"},{"floor":76,"key":"REST"},{"floor":78,"key":"REST"}],"circlet_count":1,"master_deck":["Brilliance+1","Devotion+1","LessonLearned+1","Vault+1","Alpha+1","Establishment+1","MasterReality+1","DevaForm+1","Devotion+1","LessonLearned+1","DevaForm+1","BattleHymn+1","MasterReality+1","Brilliance+1","Prostrate+1","Dramatic Entrance+1","DevaForm+1","ConjureBlade+1","DevaForm+1","Transmutation+1","DevaForm+1","Mayhem+1","Ragnarok+1","Scrawl+1","Devotion+1","Vault+1","MasterReality+1","Fasting2+1","Wallop+1","DevaForm+1","DevaForm+1"],"relics":["Unceasing Top","Mango","Torii","Nunchaku","PreservedInsect","Happy Flower","Frozen Egg 2","Bird Faced Urn","Black Star","Red Mask","Enchiridion","Question Card","Ancient Tea Set","CloakClasp","Du-Vu Doll","Mummified Hand","Bronze Scales","Bag of Preparation","Philosopher\u0027s Stone","Bottled Tornado","FossilizedHelix","Eternal Feather","Pen Nib","HornCleat","Mercury Hourglass","Gremlin Horn","Lantern","Damaru","Membership Card","CaptainsWheel","Pear","Runic Pyramid","Shuriken","Ornamental Fan","Molten Egg 2","Sozu","Circlet"],"acts_visited":["Exordium","TheCity","TheBeyond","Exordium","TheCity"],"potions_floor_usage":[],"damage_taken":[{"damage":10.0,"enemies":"2 Louse","floor":1.0,"turns":2.0},{"damage":0.0,"enemies":"Cultist","floor":2.0,"turns":2.0},{"damage":10.0,"enemies":"Small Slimes","floor":4.0,"turns":2.0},{"damage":0.0,"enemies":"2 Fungi Beasts","floor":5.0,"turns":1.0},{"damage":0.0,"enemies":"Lagavulin","floor":7.0,"turns":4.0},{"damage":8.0,"enemies":"Gremlin Nob","floor":8.0,"turns":4.0},{"damage":9.0,"enemies":"3 Sentries","floor":10.0,"turns":3.0},{"damage":16.0,"enemies":"Gremlin Nob","floor":14.0,"turns":4.0},{"damage":12.0,"enemies":"Hexaghost","floor":16.0,"turns":5.0},{"damage":2.0,"enemies":"Chosen","floor":18.0,"turns":3.0},{"damage":23.0,"enemies":"Masked Bandits","floor":19.0,"turns":3.0},{"damage":46.0,"enemies":"Slavers","floor":22.0,"turns":5.0},{"damage":10.0,"enemies":"Spheric Guardian","floor":27.0,"turns":4.0},{"damage":20.0,"enemies":"Book of Stabbing","floor":29.0,"turns":5.0},{"damage":17.0,"enemies":"Slavers","floor":31.0,"turns":3.0},{"damage":11.0,"enemies":"Champ","floor":33.0,"turns":4.0},{"damage":0.0,"enemies":"Orb Walker","floor":35.0,"turns":2.0},{"damage":11.0,"enemies":"3 Darklings","floor":39.0,"turns":4.0},{"damage":1.0,"enemies":"Giant Head","floor":40.0,"turns":4.0},{"damage":0.0,"enemies":"Reptomancer","floor":41.0,"turns":2.0},{"damage":0.0,"enemies":"Giant Head","floor":44.0,"turns":3.0},{"damage":0.0,"enemies":"Reptomancer","floor":45.0,"turns":1.0},{"damage":0.0,"enemies":"Giant Head","floor":48.0,"turns":3.0},{"damage":11.0,"enemies":"Donu and Deca","floor":50.0,"turns":5.0},{"damage":0.0,"enemies":"Jaw Worm","floor":52.0,"turns":2.0},{"damage":0.0,"enemies":"2 Louse","floor":54.0,"turns":1.0},{"damage":0.0,"enemies":"Small Slimes","floor":55.0,"turns":2.0},{"damage":0.0,"enemies":"Gremlin Nob","floor":58.0,"turns":2.0},{"damage":0.0,"enemies":"3 Sentries","floor":59.0,"turns":3.0},{"damage":0.0,"enemies":"Gremlin Nob","floor":62.0,"turns":2.0},{"damage":0.0,"enemies":"Lagavulin","floor":63.0,"turns":2.0},{"damage":0.0,"enemies":"3 Louse","floor":65.0,"turns":1.0},{"damage":0.0,"enemies":"The Guardian","floor":67.0,"turns":3.0},{"damage":0.0,"enemies":"Shell Parasite","floor":69.0,"turns":2.0},{"damage":0.0,"enemies":"2 Thieves","floor":71.0,"turns":2.0},{"damage":0.0,"enemies":"Masked Bandits","floor":73.0,"turns":1.0},{"damage":0,"enemies":"Gremlin Leader","floor":75,"turns":3},{"damage":0,"enemies":"Slavers","floor":77,"turns":2}],"seed_played":"-5416854323098876705","potions_obtained":[{"floor":1.0,"key":"SteroidPotion"},{"floor":2.0,"key":"Block Potion"},{"floor":5.0,"key":"Fruit Juice"},{"floor":14.0,"key":"SmokeBomb"},{"floor":16.0,"key":"Dexterity Potion"},{"floor":22.0,"key":"Weak Potion"},{"floor":31.0,"key":"Strength Potion"},{"floor":33.0,"key":"LiquidBronze"}],"is_trial":true,"path_per_floor":["M","M","?","M","M","R","E","E","T","E","R","$","$","E","R","B",null,"M","?","$","?","E","R","R","R","T","M","?","E","$","E","R","B",null,"M","$","?","?","M","E","E","R","T","E","E","$","$","E","R","B",null,"M","$","M","M","$","R","E","E","T","R","E","E","?","M","R","B",null,"M","$","M","$","?","R","E","R","E","R","$"],"character_chosen":"WATCHER","items_purchased":["Frozen Egg 2","Fruit Juice","BattleHymn+1","Damaru","Membership Card","Transmutation","Mayhem+1","Ragnarok","Shuriken","Ornamental Fan","Fasting2+1","Wallop+1"],"campfire_rested":7,"item_purchase_floors":[13,20,30,46,46,47,53,56,56,56,70,72],"current_hp_per_floor":[76,76,76,66,71,71,71,63,63,54,54,54,54,38,38,38,91,91,72,77,61,29,29,57,85,85,86,86,80,80,79,96,89,96,96,96,96,96,87,96,96,96,96,96,96,96,96,106,106,106,106,106,106,106,106,106,106,106,106,106,106,106,106,106,106,106,106,106,106,106,106,106,106,106,106,106,106,106,106,106],"gold":516,"neow_bonus":"","is_daily":false,"chose_seed":false,"campfire_upgraded":8,"win_rate":0.0,"timestamp":1611521334,"path_taken":["M","M","?","?","M","R","E","E","T","E","R","$","$","E","R","BOSS","M","?","$","?","?","R","R","R","T","?","?","E","$","E","R","BOSS","M","$","?","?","?","E","E","R","T","E","?","$","$","E","R","BOSS","M","$","?","?","$","R","E","E","T","R","E","E","?","M","R","BOSS","M","?","M","$","?","R","E","R","E","R","$"],"items_purchased_type":["Relic","Potion","Card","Relic","Relic","Card","Card","Card","Relic","Relic","Card","Card"],"build_version":"2020-12-22","purchased_purges":12,"victory":false,"max_hp_per_floor":[86,86,86,86,91,91,91,91,91,91,91,91,91,91,91,91,91,91,91,96,96,96,96,96,96,96,96,96,96,96,96,96,96,96,96,96,96,96,96,96,96,96,96,96,96,96,96,106,106,106,106,106,106,106,106,106,106,106,106,106,106,106,106,106,106,106,106,106,106,106,106,106,106,106,106,106,106,106,106,106],"card_choices":[{"not_picked":["Fasting2","CrushJoints","Meditate"],"picked":"SKIP","floor":1.0},{"not_picked":["ClearTheMind","ThirdEye","Fasting2"],"picked":"SKIP","floor":2.0},{"not_picked":["Perseverance","Protect","Study"],"picked":"SKIP","floor":4.0},{"not_picked":["Evaluate","Protect"],"picked":"Devotion","floor":5.0},{"not_picked":["Devotion","Establishment"],"picked":"MasterReality","floor":7.0},{"not_picked":["Devotion","Wish"],"picked":"MasterReality","floor":8.0},{"not_picked":["Scrawl","Blasphemy"],"picked":"DeusExMachina","floor":10.0},{"not_picked":["Judgement","Vault","Scrawl"],"picked":"SKIP","floor":14.0},{"not_picked":["Alpha","Scrawl"],"picked":"LessonLearned","floor":16.0},{"not_picked":["EmptyFist","LikeWater+1","ClearTheMind"],"picked":"SKIP","floor":18.0},{"not_picked":["Wish","Ragnarok","DeusExMachina"],"picked":"SKIP","floor":22.0},{"not_picked":["Protect+1","FlyingSleeves+1","ReachHeaven","LikeWater+1"],"picked":"SKIP","floor":27.0},{"not_picked":["Omniscience","LessonLearned","MasterReality+1"],"picked":"DevaForm+1","floor":29.0},{"not_picked":["LessonLearned","Alpha","Blasphemy"],"picked":"MasterReality+1","floor":31.0},{"not_picked":["MasterReality+1","Judgement","Scrawl"],"picked":"Brilliance","floor":33.0},{"not_picked":["BowlingBash+1","TalkToTheHand","FlyingSleeves"],"picked":"Prostrate+1","floor":35.0},{"not_picked":["Good Instincts","PanicButton","Jack Of All Trades"],"picked":"Dramatic Entrance","floor":38.0},{"not_picked":["FollowUp","PathToVictory+1","Consecrate","Vengeance+1"],"picked":"SKIP","floor":39.0},{"not_picked":["Wish","Alpha","Blasphemy","SpiritShield"],"picked":"SKIP","floor":40.0},{"not_picked":["Wish","Alpha","Establishment+1"],"picked":"DevaForm+1","floor":41.0},{"not_picked":["Judgement","Ragnarok","MasterReality+1"],"picked":"ConjureBlade","floor":44.0},{"not_picked":["Vault","Wish","Judgement"],"picked":"DevaForm+1","floor":45.0},{"not_picked":["SpiritShield","Wish","Brilliance"],"picked":"DevaForm+1","floor":48.0},{"not_picked":["SashWhip","CrushJoints","Indignation","FlurryOfBlows"],"picked":"SKIP","floor":52.0},{"not_picked":["CrushJoints","Prostrate","Halt","Evaluate"],"picked":"SKIP","floor":54.0},{"not_picked":["EmptyBody","SandsOfTime","Tantrum","InnerPeace"],"picked":"SKIP","floor":55.0},{"not_picked":["Alpha","Vault","DeusExMachina"],"picked":"Scrawl","floor":58.0},{"not_picked":["Ragnarok","Judgement","Scrawl"],"picked":"Devotion+1","floor":59.0},{"not_picked":["SpiritShield","Scrawl","LessonLearned+1"],"picked":"Vault","floor":62.0},{"not_picked":["SpiritShield","Alpha","DeusExMachina","LessonLearned+1"],"picked":"SKIP","floor":63.0},{"not_picked":["Worship","Halt","CrushJoints+1","Indignation"],"picked":"SKIP","floor":65.0},{"not_picked":["DeusExMachina","LessonLearned+1","Scrawl"],"picked":"MasterReality+1","floor":67.0},{"not_picked":["Swivel+1","FollowUp+1","EmptyBody+1","SignatureMove+1"],"picked":"SKIP","floor":69.0},{"not_picked":["Conclude+1","EmptyFist+1","EmptyBody+1","FlyingSleeves+1"],"picked":"SKIP","floor":71.0},{"not_picked":["ConjureBlade","Brilliance+1","Judgement"],"picked":"DevaForm+1","floor":75},{"not_picked":["LessonLearned+1","Omniscience","Scrawl"],"picked":"DevaForm+1","floor":77}],"player_experience":281263,"relics_obtained":[{"floor":7.0,"key":"Torii"},{"floor":8.0,"key":"Nunchaku"},{"floor":9.0,"key":"PreservedInsect"},{"floor":10.0,"key":"Happy Flower"},{"floor":14.0,"key":"Bird Faced Urn"},{"floor":19.0,"key":"Red Mask"},{"floor":21.0,"key":"Enchiridion"},{"floor":22.0,"key":"Question Card"},{"floor":22.0,"key":"Ancient Tea Set"},{"floor":26.0,"key":"Whetstone"},{"floor":29.0,"key":"CloakClasp"},{"floor":29.0,"key":"Du-Vu Doll"},{"floor":31.0,"key":"Bronze Scales"},{"floor":31.0,"key":"Bag of Preparation"},{"floor":40.0,"key":"Bottled Tornado"},{"floor":40.0,"key":"FossilizedHelix"},{"floor":41.0,"key":"Eternal Feather"},{"floor":41.0,"key":"Pen Nib"},{"floor":43.0,"key":"HornCleat"},{"floor":44.0,"key":"Mercury Hourglass"},{"floor":45.0,"key":"Gremlin Horn"},{"floor":45.0,"key":"Lantern"},{"floor":48.0,"key":"CaptainsWheel"},{"floor":48.0,"key":"Pear"},{"floor":60.0,"key":"Molten Egg 2"},{"floor":73,"key":"Circlet"}],"event_choices":[{"damage_healed":0.0,"max_hp_gain":0.0,"max_hp_loss":0.0,"gold_gain":0.0,"cards_transformed":["Tantrum"],"event_name":"Transmorgrifier","player_choice":"Transformed","floor":3.0,"gold_loss":0.0,"damage_taken":0.0,"cards_obtained":["TalkToTheHand"]},{"damage_healed":0.0,"max_hp_gain":0.0,"max_hp_loss":0.0,"gold_gain":0.0,"event_name":"Masked Bandits","player_choice":"Fought Bandits","floor":19.0,"gold_loss":0.0,"damage_taken":0.0},{"damage_healed":0.0,"max_hp_gain":0.0,"max_hp_loss":0.0,"gold_gain":0.0,"event_name":"Cursed Tome","player_choice":"Obtained Book","floor":21.0,"gold_loss":0.0,"damage_taken":16.0},{"damage_healed":0.0,"max_hp_gain":0.0,"max_hp_loss":0.0,"gold_gain":0.0,"event_name":"Accursed Blacksmith","player_choice":"Ignored","floor":28.0,"gold_loss":0.0,"damage_taken":0.0},{"damage_healed":0.0,"max_hp_gain":0.0,"max_hp_loss":0.0,"gold_gain":222.0,"event_name":"Tomb of Lord Red Mask","player_choice":"Wore Mask","floor":37.0,"gold_loss":0.0,"damage_taken":0.0},{"damage_healed":0.0,"max_hp_gain":0.0,"max_hp_loss":0.0,"gold_gain":0.0,"event_name":"SensoryStone","player_choice":"Memory 1","floor":38.0,"gold_loss":0.0,"damage_taken":0.0},{"damage_healed":0.0,"max_hp_gain":0.0,"max_hp_loss":0.0,"gold_gain":100.0,"event_name":"Golden Shrine","player_choice":"Pray","floor":64.0,"gold_loss":0.0,"damage_taken":0.0},{"damage_healed":0.0,"max_hp_gain":0.0,"max_hp_loss":0.0,"gold_gain":0.0,"event_name":"Masked Bandits","player_choice":"Fought Bandits","floor":73.0,"gold_loss":0.0,"damage_taken":0.0}],"is_beta":false,"boss_relics":[{"not_picked":["Sozu","SacredBark"],"picked":"Black Star"},{"not_picked":["Runic Dome","Tiny House"],"picked":"Philosopher\u0027s Stone"},{"not_picked":["Coffee Dripper","Empty Cage"],"picked":"Runic Pyramid"},{"not_picked":["SlaversCollar","Runic Dome"],"picked":"Sozu"}],"items_purged_floors":[12,12,12,12,12,12,12,12,12,12,12,12],"is_endless":true,"potions_floor_spawned":[1,2,5,14,16,22,27,31,33,40,41,45,52,55,58,62,63,71,75,77],"ascension_level":0}}