{"host":"2c1pg2m9wpz3w4c0","time":1611528724,"event":{"mods":["AchievementEnabler","Act Like it!","Aspiration","BaseMod","Better Note","BetterRewards","Curses Come First","Disable Question Mark Monsters","Halation","Hubris","Infinite Spire","Lotus Mark","Marisa????????","Minty Spire (QoL Compilation)","Replay The Spire","StSLib","SuperFastMode","The Clintock","The Jungle","The Marked","The Runesmith","Transform Curses"],"gold_per_floor":[118,45,45,64,78,78,78,137,137,12,28,28,28,46,46,143,143,155,155,155,170,170,170,170],"floor_reached":23,"language":"ENG","playtime":734,"items_purged":[],"score":279,"play_id":"6a306506-dd9e-49ae-9865-c1c6f8de22a2","local_time":"20210124155204","is_ascension_mode":false,"campfire_choices":[{"floor":6,"key":"REST"},{"floor":15,"key":"REST"}],"circlet_count":0,"master_deck":["Runesmith:Strike_RS","Runesmith:Strike_RS","Runesmith:Strike_RS","Runesmith:Strike_RS","Runesmith:Defend_RS","Runesmith:Defend_RS","Runesmith:Defend_RS","Runesmith:Defend_RS","Runesmith:CraftFirestone","Runesmith:Fortify","Runesmith:LithiumIon","Runesmith:GrandSlam+1","Runesmith:HeatExchange","Runesmith:HeatExchange","Trip","Runesmith:StaticCage","Chrysalis","Runesmith:EarthShield","Runesmith:Permafrost","Runesmith:Grindstone","Runesmith:Refine","Runesmith:EarthShield","Runesmith:Grindstone+1","Runesmith:CraftMagma","Runesmith:PerfectChisel","Runesmith:CraftProtectio","aspiration:UnbridledHammer","Runesmith:CraftMedicinae","Runesmith:FieryHammer","Runesmith:Fortify+1","Runesmith:BackupBattery+1"],"relics":["Runesmith:BrokenRuby","BargainBundle","Gambling Chip","Blue Doll","infinitespire:Golems Mask","halation:HeavySnake"],"acts_visited":["Exordium","TheCity"],"potions_floor_usage":[8,8,16,16],"damage_taken":[{"damage":11,"enemies":"Jaw Worm","floor":1,"turns":4},{"damage":0,"enemies":"Small Slimes","floor":4,"turns":3},{"damage":0,"enemies":"2 Louse","floor":5,"turns":3},{"damage":27,"enemies":"Lagavulin Event","floor":8,"turns":12},{"damage":0,"enemies":"Red Slaver","floor":11,"turns":5},{"damage":1,"enemies":"Exordium Wildlife","floor":14,"turns":3},{"damage":15,"enemies":"Slime Boss","floor":16,"turns":10},{"damage":15,"enemies":"Chosen","floor":18,"turns":6},{"damage":40,"enemies":"Shell Parasite","floor":21,"turns":8},{"damage":18,"enemies":"Nightmare","floor":23,"turns":2}],"seed_played":"-4214558002829540406","potions_obtained":[{"floor":1,"key":"Milkshake"},{"floor":4,"key":"Energy Potion"},{"floor":11,"key":"FearPotion"}],"is_trial":false,"path_per_floor":["M","$","?","M","M","R","?","?","T","$","M","?","$","M","R","B",null,"M","?","?","M","?","NM"],"character_chosen":"RUNESMITH_CLASS","items_purchased":["BargainBundle","Runesmith:LithiumIon","Runesmith:GrandSlam","Runesmith:HeatExchange","Trip","ColorlessPotion","SpeedPotion","SmokeBomb","Runesmith:StaticCage","Gambling Chip","Chrysalis","Runesmith:Permafrost","Runesmith:Grindstone+1","Runesmith:CraftMagma","Runesmith:PerfectChisel"],"campfire_rested":2,"item_purchase_floors":[0,0,0,0,0,0,0,0,0,0,0,2,10,10,10],"current_hp_per_floor":[38,38,38,38,38,59,59,32,32,32,32,32,32,31,52,37,70,55,55,55,15,15,0,0],"gold":170,"neow_bonus":"","is_daily":false,"chose_seed":false,"campfire_upgraded":0,"win_rate":0.0,"timestamp":1611528724,"path_taken":["M","$","?","M","M","R","?","?","T","$","M","?","$","?","R","BOSS","M","?","?","M","?","NM"],"items_purchased_type":["Relic","Card","Card","Card","Card","Potion","Potion","Potion","Card","Relic","Card","Card","Card","Card","Card"],"build_version":"2020-12-22","purchased_purges":0,"victory":false,"max_hp_per_floor":[70,70,70,70,70,70,70,70,70,70,70,70,70,70,70,70,70,70,70,70,70,70,70,70],"card_choices":[{"not_picked":["Runesmith:HeatExchange","Runesmith:Repurpose"],"picked":"Runesmith:EarthShield","floor":1},{"not_picked":["Runesmith:HeatedChisel","Runesmith:HammerAndChisel"],"picked":"Runesmith:Grindstone","floor":4},{"not_picked":["Runesmith:HeatedChisel","Runesmith:Repurpose"],"picked":"Runesmith:Refine","floor":5},{"not_picked":["Runesmith:Overpower","Runesmith:UnstableHammer"],"picked":"Runesmith:EarthShield","floor":8},{"not_picked":["Runesmith:Overpower","Runesmith:Prism"],"picked":"Runesmith:CraftProtectio","floor":11},{"not_picked":["Runesmith:Augment","Runesmith:Repurpose"],"picked":"aspiration:UnbridledHammer","floor":14},{"not_picked":["Runesmith:GenerateForcefield","Runesmith:LastStand"],"picked":"Runesmith:CraftMedicinae","floor":16},{"not_picked":["Runesmith:UnstableHammer","Runesmith:Overpower"],"picked":"Runesmith:FieryHammer","floor":18},{"not_picked":["Runesmith:Repurpose","Runesmith:ShiftingStrike"],"picked":"Runesmith:BackupBattery+1","floor":21}],"player_experience":1193730,"relics_obtained":[{"floor":8,"key":"Blue Doll"},{"floor":9,"key":"infinitespire:Golems Mask"}],"event_choices":[{"damage_healed":0,"gold_gain":30,"player_choice":"Searched \u00272\u0027 times","damage_taken":0,"max_hp_gain":0,"max_hp_loss":0,"event_name":"Dead Adventurer","floor":8,"gold_loss":0},{"damage_healed":0,"gold_gain":0,"player_choice":"Upgraded","damage_taken":0,"max_hp_gain":0,"max_hp_loss":0,"event_name":"Upgrade Shrine","floor":12,"gold_loss":0,"cards_upgraded":["Runesmith:GrandSlam"]},{"damage_healed":0,"gold_gain":0,"player_choice":"Ignored","damage_taken":0,"max_hp_gain":0,"max_hp_loss":0,"event_name":"N\u0027loth","floor":19,"gold_loss":0},{"cards_removed":["Runesmith:GrandSlam"],"damage_healed":0,"gold_gain":0,"player_choice":"Take \u0026 Give","damage_taken":0,"max_hp_gain":0,"max_hp_loss":0,"event_name":"betterNote:BetterNote","floor":20,"gold_loss":0,"cards_obtained":["Runesmith:Fortify"]},{"damage_healed":0,"gold_gain":0,"player_choice":"Ignored","damage_taken":0,"max_hp_gain":0,"max_hp_loss":0,"event_name":"Ghosts","floor":22,"gold_loss":0}],"is_beta":false,"boss_relics":[{"not_picked":["Calling Bell","Philosopher\u0027s Stone"],"picked":"halation:HeavySnake"}],"items_purged_floors":[],"is_endless":false,"potions_floor_spawned":[1,4,11],"killed_by":"Nightmare","ascension_level":0}}