{"host":"c52z9ixzgdjttcmx","time":1611466022,"event":{"mods":["BaseMod","Colored Powertips","Downfall","Filter the Spire","Minty Spire (QoL Compilation)","Rare Cards Sparkle","Relic Stats","StSLib"],"gold_per_floor":[114,127,140,140,157,157,157,157,180,236,236,236],"floor_reached":11,"language":"ENG","playtime":370,"items_purged":[],"score":110,"play_id":"bfaf993f-579c-4ac2-b213-a89d6b476b9d","local_time":"20210123232702","is_ascension_mode":true,"campfire_choices":[{"data":"Havoc","floor":6,"key":"SMITH"},{"data":"Havoc","floor":8,"key":"SMITH"}],"circlet_count":0,"master_deck":["AscendersBane","Strike_R+1","Strike_R+1","Strike_R","Strike_R","Defend_R","Defend_R","Defend_R","Defend_R","Bash","Pommel Strike","Fire Breathing","True Grit","Thunderclap","Havoc+1","Havoc+1","Cleave"],"relics":["Burning Blood","Art of War","Regal Pillow"],"acts_visited":["Exordium"],"potions_floor_usage":[11,11],"damage_taken":[{"damage":0,"enemies":"Small Slimes","floor":1,"turns":3},{"damage":6,"enemies":"2 Louse","floor":2,"turns":4},{"damage":2,"enemies":"Jaw Worm","floor":3,"turns":5},{"damage":0,"enemies":"Exordium Wildlife","floor":5,"turns":3},{"damage":50,"enemies":"Lagavulin Event","floor":10,"turns":6},{"damage":30,"enemies":"Gremlin Nob","floor":11,"turns":3}],"seed_played":"4949110548564283893","potions_obtained":[{"floor":3,"key":"BloodPotion"},{"floor":5,"key":"Dexterity Potion"}],"is_trial":false,"path_per_floor":["M","M","M","?","M","R","?","R","T","?","E"],"character_chosen":"IRONCLAD","items_purchased":[],"campfire_rested":0,"item_purchase_floors":[],"current_hp_per_floor":[74,74,75,52,58,58,58,58,58,14,0,0],"gold":236,"neow_bonus":"THREE_CARDS","is_daily":false,"chose_seed":false,"campfire_upgraded":2,"win_rate":0.0,"timestamp":1611466022,"path_taken":["M","M","M","?","M","R","?","R","T","?","E"],"items_purchased_type":[],"build_version":"2020-12-22","purchased_purges":0,"victory":false,"max_hp_per_floor":[75,75,75,75,75,75,75,75,75,75,75,75],"relic_stats":{"Regal Pillow":0,"counters":[6,24],"Art of War":[0],"obtain_stats":[{"Regal Pillow":10,"Art of War":9,"Burning Blood":0},{"Regal Pillow":4,"Art of War":4,"Burning Blood":0},{"Regal Pillow":15,"Art of War":15,"Burning Blood":0}],"Burning Blood":27},"card_choices":[{"not_picked":["Heavy Blade","Rage"],"picked":"Pommel Strike","floor":0},{"not_picked":["Anger","Intimidate"],"picked":"Fire Breathing","floor":1},{"not_picked":["Pommel Strike","Second Wind"],"picked":"True Grit","floor":2},{"not_picked":["Armaments","Clothesline"],"picked":"Thunderclap","floor":3},{"not_picked":["Body Slam","Clothesline"],"picked":"Havoc","floor":5},{"not_picked":["Iron Wave","Warcry"],"picked":"Cleave","floor":10}],"player_experience":3340737,"relics_obtained":[{"floor":9,"key":"Art of War"}],"event_choices":[{"damage_healed":0,"gold_gain":0,"player_choice":"Entered Light","damage_taken":23,"max_hp_gain":0,"max_hp_loss":0,"event_name":"Shining Light","floor":4,"gold_loss":0,"cards_upgraded":["Strike_R","Strike_R"]},{"damage_healed":0,"gold_gain":0,"cards_transformed":["Strike_R"],"player_choice":"Change","damage_taken":0,"max_hp_gain":0,"max_hp_loss":0,"event_name":"Living Wall","floor":7,"gold_loss":0,"cards_obtained":["Havoc"]},{"damage_healed":0,"gold_gain":0,"player_choice":"Searched \u00272\u0027 times","damage_taken":0,"relics_obtained":["Regal Pillow"],"max_hp_gain":0,"max_hp_loss":0,"event_name":"Dead Adventurer","floor":10,"gold_loss":0}],"is_beta":false,"boss_relics":[],"items_purged_floors":[],"is_endless":false,"potions_floor_spawned":[3,5],"killed_by":"Gremlin Nob","ascension_level":15}}