{"host":"fworv1gvvajf3x0f","time":1611481861,"event":{"mods":["AchievementEnabler","Aspiration","BaseMod","Better Match","Better Note","Better Sensory Stone","Better Third Choice","Better-Laid Plans","BetterRewards","Colored Map","Colored Powertips","Displayed Cursed Tome","Energized Spire","Good Game Mod","Highlight Path","Infinite Spire","Minty Spire (QoL Compilation)","Relic Stats","Replay The Spire","Spicy Shops","StSLib"],"gold_per_floor":[113,113,169,169,192,192,192,142,165,265,265,289,16,34,34,143,143,166,190,190,190,190,190],"floor_reached":22,"language":"ZHS","playtime":1589,"items_purged":[],"score":354,"play_id":"f288e285-cb62-48b8-a05c-206cb0fc9c74","local_time":"20210124175101","is_ascension_mode":true,"campfire_choices":[{"data":"Armaments","floor":6,"key":"SMITH"},{"data":"Body Slam","floor":11,"key":"SMITH"},{"data":"Barricade","floor":15,"key":"SMITH"}],"circlet_count":0,"master_deck":["Defend_R","Defend_R","Core Surge","Armaments+1","Searing Blow+1","Enlightenment","Body Slam+1","Rampage","Flex","Dagger Throw","Escape Plan","Corpse Explosion","Barricade+1","Headbutt","Demonic Infusion","Demonic Infusion","Rupture+1","Armaments+1","Infernal Blade+1","Flex+1","Twin Strike","Demon Form"],"relics":["Burning Blood","REME:ComplimentaryCards","Replay:Bandana","Akabeko","Membership Card","Astrolabe","Snecko Eye"],"acts_visited":["Exordium","TheCity"],"potions_floor_usage":[16],"damage_taken":[{"damage":6,"enemies":"2 Louse","floor":1,"turns":3},{"damage":0,"enemies":"Small Slimes","floor":5,"turns":2},{"damage":7,"enemies":"Jaw Worm","floor":12,"turns":2},{"damage":0,"enemies":"2 Fungi Beasts","floor":14,"turns":2},{"damage":26,"enemies":"Slime Boss","floor":16,"turns":6},{"damage":40,"enemies":"Shell Parasite","floor":18,"turns":8},{"damage":4,"enemies":"Chosen","floor":19,"turns":3},{"damage":23,"enemies":"Centurion and Healer","floor":22,"turns":1}],"seed_played":"-321190021590671215","potions_obtained":[{"floor":3,"key":"FearPotion"},{"floor":12,"key":"Block Potion"},{"floor":14,"key":"LiquidBronze"},{"floor":19,"key":"ColorlessPotion"}],"is_trial":false,"path_per_floor":["M","?","?","?","M","R","?","?","T","?","R","M","$","M","R_BF","B",null,"M","M","?","AVR","M"],"character_chosen":"IRONCLAD","items_purchased":["Armaments","Searing Blow+1","Enlightenment","Membership Card","Barricade","Headbutt"],"campfire_rested":0,"item_purchase_floors":[0,0,0,13,13,13],"current_hp_per_floor":[72,65,33,33,39,39,39,39,39,39,39,38,38,44,44,24,66,32,34,18,18,0,0],"gold":190,"neow_bonus":"","is_daily":false,"chose_seed":false,"campfire_upgraded":3,"win_rate":0.0,"timestamp":1611481861,"path_taken":["M","?","?","?","?","R","?","?","T","?","R","M","$","M","R_BF","BOSS","M","M","?","AVR","M"],"items_purchased_type":["Card","Card","Card","Relic","Card","Card"],"build_version":"2020-12-22","purchased_purges":0,"victory":false,"max_hp_per_floor":[80,80,80,80,80,80,80,80,80,80,80,80,80,80,80,80,80,80,80,80,80,80,80],"relic_stats":{"counters":[20,89],"Astrolabe":["Rupture","Armaments","Infernal Blade"],"Snecko Eye":[0,2,3,2],"obtain_stats":[{"REME:ComplimentaryCards":0,"Replay:Bandana":3,"NeowsBlessing":0,"Astrolabe":17,"Snecko Eye":21,"Mango":6,"Membership Card":13,"Orichalcum":9,"Kintsugi":17,"aspiration:HatOfInfinitePower":2,"Burning Blood":0,"Akabeko":9},{"REME:ComplimentaryCards":0,"Replay:Bandana":13,"NeowsBlessing":0,"Astrolabe":17,"Snecko Eye":19,"Mango":3,"Membership Card":15,"Orichalcum":5,"Kintsugi":9,"aspiration:HatOfInfinitePower":1,"Burning Blood":0,"Akabeko":14},{"REME:ComplimentaryCards":0,"Replay:Bandana":65,"NeowsBlessing":0,"Astrolabe":77,"Snecko Eye":88,"Mango":4,"Membership Card":69,"Orichalcum":19,"Kintsugi":43,"aspiration:HatOfInfinitePower":1,"Burning Blood":0,"Akabeko":67}],"Burning Blood":98},"card_choices":[{"not_picked":["Pommel Strike","Iron Wave"],"picked":"Body Slam","floor":1},{"not_picked":["True Grit","Thunderclap"],"picked":"Rampage","floor":3},{"not_picked":["Run Through","Shrug It Off"],"picked":"Flex","floor":3},{"not_picked":["Sentinel","Body Slam","Twin Strike"],"picked":"SKIP","floor":5},{"not_picked":["ReplayTheSpireMod:Strike From Hell","Clothesline","Warcry"],"picked":"SKIP","floor":12},{"not_picked":["ReplayTheSpireMod:Strike From Hell","Uppercut"],"picked":"Demonic Infusion","floor":14},{"not_picked":["Immolate","Juggernaut"],"picked":"Demonic Infusion","floor":16},{"not_picked":["Blood for Blood+1","Feel No Pain"],"picked":"Flex+1","floor":18},{"not_picked":["Sentinel","Rupture+1"],"picked":"Twin Strike","floor":19}],"player_experience":327583,"relics_obtained":[{"floor":3,"key":"Replay:Bandana"},{"floor":9,"key":"Akabeko"}],"event_choices":[{"cards_removed":["Strike_R"],"damage_healed":0,"gold_gain":0,"player_choice":"Card Removal","damage_taken":7,"max_hp_gain":0,"max_hp_loss":0,"event_name":"Golden Wing","floor":2,"gold_loss":0},{"cards_removed":["Strike_R"],"damage_healed":0,"gold_gain":0,"player_choice":"Card Removal","damage_taken":0,"max_hp_gain":0,"max_hp_loss":0,"event_name":"The Cleric","floor":8,"gold_loss":50},{"damage_healed":0,"gold_gain":100,"player_choice":"Pray","damage_taken":0,"max_hp_gain":0,"max_hp_loss":0,"event_name":"Golden Shrine","floor":10,"gold_loss":0},{"damage_healed":0,"gold_gain":2,"player_choice":"2","damage_taken":0,"max_hp_gain":0,"max_hp_loss":16,"event_name":"betterStone:BetterStone","floor":20,"gold_loss":0}],"is_beta":false,"boss_relics":[{"not_picked":["SlaversCollar","ChewingGum"],"picked":"Astrolabe"}],"items_purged_floors":[],"is_endless":false,"potions_floor_spawned":[12,14,19],"killed_by":"Centurion and Healer","ascension_level":6}}