{"host":"edndssuekvzbh3is","time":1611521762,"event":{"mods":["BaseMod","Colored Map","Colored Powertips","Minty Spire (QoL Compilation)","SuperFastMode"],"gold_per_floor":[115,115,115,115,180,213,213,228,228,243,267,286,317,386,386,386,386],"floor_reached":16,"language":"ENG","playtime":290,"items_purged":[],"score":202,"play_id":"577f4451-5af6-4a92-a437-423420fecfbb","local_time":"20210124155602","is_ascension_mode":true,"campfire_choices":[{"data":"Sword Boomerang","floor":7,"key":"SMITH"},{"data":"Shockwave","floor":15,"key":"SMITH"}],"circlet_count":0,"master_deck":["Strike_R","Strike_R","Strike_R","Strike_R","Defend_R","Defend_R","Defend_R","Defend_R","Bash","Flex","Sword Boomerang+1","Brutality","Clothesline","Combust","Shockwave+1","Feel No Pain","True Grit","Anger"],"relics":["Burning Blood","NeowsBlessing","Golden Idol","SsserpentHead","Turnip","Ginger","Pear"],"acts_visited":["Exordium"],"potions_floor_usage":[10,13,16,16,16],"damage_taken":[{"damage":0,"enemies":"2 Louse","floor":1,"turns":1},{"damage":0,"enemies":"Jaw Worm","floor":5,"turns":1},{"damage":0,"enemies":"Lagavulin","floor":6,"turns":1},{"damage":0,"enemies":"Small Slimes","floor":8,"turns":3},{"damage":20,"enemies":"Gremlin Gang","floor":10,"turns":3},{"damage":11,"enemies":"Red Slaver","floor":11,"turns":3},{"damage":17,"enemies":"Large Slime","floor":12,"turns":5},{"damage":8,"enemies":"Gremlin Nob","floor":13,"turns":3},{"damage":22,"enemies":"Gremlin Gang","floor":14,"turns":5},{"damage":36,"enemies":"Hexaghost","floor":16,"turns":7}],"seed_played":"8268278479212451313","potions_obtained":[{"floor":8,"key":"SkillPotion"},{"floor":10,"key":"SkillPotion"},{"floor":12,"key":"PowerPotion"},{"floor":13,"key":"Explosive Potion"},{"floor":14,"key":"SpeedPotion"}],"is_trial":false,"path_per_floor":["M","?","?","?","M","E","R","M","T","M","M","M","E","M","R","B"],"character_chosen":"IRONCLAD","items_purchased":[],"campfire_rested":0,"item_purchase_floors":[],"current_hp_per_floor":[78,74,67,67,73,74,74,74,74,60,55,44,52,36,36,0,0],"gold":386,"neow_bonus":"THREE_ENEMY_KILL","is_daily":false,"chose_seed":false,"campfire_upgraded":2,"win_rate":0.0,"timestamp":1611521762,"path_taken":["M","?","?","?","?","E","R","M","T","M","M","M","E","?","R","BOSS"],"items_purchased_type":[],"build_version":"2020-12-22","purchased_purges":0,"victory":false,"max_hp_per_floor":[80,74,74,74,74,74,74,74,74,74,74,74,84,84,84,84,84],"card_choices":[{"not_picked":["True Grit","Perfected Strike"],"picked":"Flex","floor":1},{"not_picked":["Anger","Perfected Strike"],"picked":"Sword Boomerang","floor":5},{"not_picked":["Dark Embrace","Clash"],"picked":"Brutality","floor":6},{"not_picked":["Rage","Reckless Charge"],"picked":"Clothesline","floor":8},{"not_picked":["Sword Boomerang","Sever Soul"],"picked":"Combust","floor":10},{"not_picked":["Twin Strike","Cleave"],"picked":"Shockwave","floor":11},{"not_picked":["Rage","Pummel"],"picked":"Feel No Pain","floor":12},{"not_picked":["Wild Strike","Metallicize"],"picked":"True Grit","floor":13},{"not_picked":["Body Slam","Clash"],"picked":"Anger","floor":14}],"player_experience":328937,"relics_obtained":[{"floor":6,"key":"Turnip"},{"floor":9,"key":"Ginger"},{"floor":13,"key":"Pear"}],"event_choices":[{"damage_healed":0,"gold_gain":0,"player_choice":"Lose Max HP","damage_taken":0,"relics_obtained":["Golden Idol"],"max_hp_gain":0,"max_hp_loss":6,"event_name":"Golden Idol","floor":2,"gold_loss":0},{"cards_removed":["Strike_R"],"damage_healed":0,"gold_gain":0,"player_choice":"Card Removal","damage_taken":7,"max_hp_gain":0,"max_hp_loss":0,"event_name":"Golden Wing","floor":3,"gold_loss":0},{"damage_healed":0,"gold_gain":0,"player_choice":"Trade","damage_taken":0,"relics_obtained":["SsserpentHead"],"max_hp_gain":0,"max_hp_loss":0,"event_name":"FaceTrader","floor":4,"gold_loss":0}],"is_beta":false,"boss_relics":[],"items_purged_floors":[],"is_endless":false,"potions_floor_spawned":[8,10,12,13,14],"killed_by":"Hexaghost","ascension_level":9}}