{"host":"n3yraofadl2d9nwo","time":1611531038,"event":{"mods":["BaseMod","Friendly Minions","Marisa????????","Minty Spire (QoL Compilation)","StSLib","The Animator"],"gold_per_floor":[212,237,312,61,95,95,127,127,178,191,234,251,269,26,26,152,152,175,194,239,239,263,299,299,299,299],"floor_reached":25,"language":"ENG","playtime":2929,"items_purged":["animator:Strike","animator:Strike"],"score":250,"play_id":"b4e03006-622e-47c1-ae47-ad1fa488bced","local_time":"20210125003038","is_ascension_mode":false,"campfire_choices":[{"data":"animator:AcuraAkari","floor":6,"key":"SMITH"},{"data":"animator:Yoichi","floor":8,"key":"SMITH"},{"floor":15,"key":"DIG"},{"floor":24,"key":"REST"}],"circlet_count":0,"master_deck":["animator:Strike_HitsugiNoChaika","animator:Defend_HitsugiNoChaika","animator:Strike","animator:Defend","animator:Defend","animator:Defend","animator:AcuraAkari+1","animator:Gillette","animator:GuildGirl","animator:Assassin","animator:Gillette","animator:Viivi","animator:Yoichi+1","animator:Verdia","animator:Kazuma","animator:KrulTepes","animator:Guy","animator:Yoichi","animator:Rider","animator:FielNirvalen+1","animator:Verdia","animator:Verdia"],"relics":["animator:LivingPicture","animator:TheMissingPiece","Oddly Smooth Stone","Shovel","Bag of Marbles","Mango","Blood Vial","Fusion Hammer","Red Mask","MutagenicStrength","Vajra"],"acts_visited":["Exordium","TheCity"],"potions_floor_usage":[10,23],"damage_taken":[{"damage":0,"enemies":"2 Louse","floor":1,"turns":3},{"damage":1,"enemies":"Jaw Worm","floor":2,"turns":3},{"damage":0,"enemies":"Small Slimes","floor":5,"turns":4},{"damage":0,"enemies":"Blue Slaver","floor":7,"turns":3},{"damage":6,"enemies":"Large Slime","floor":10,"turns":4},{"damage":16,"enemies":"3 Sentries","floor":11,"turns":12},{"damage":0,"enemies":"3 Louse","floor":12,"turns":3},{"damage":0,"enemies":"2 Fungi Beasts","floor":13,"turns":3},{"damage":28,"enemies":"Slime Boss","floor":16,"turns":13},{"damage":0,"enemies":"Shell Parasite","floor":18,"turns":5},{"damage":10,"enemies":"Spheric Guardian","floor":19,"turns":6},{"damage":44,"enemies":"Masked Bandits","floor":20,"turns":7},{"damage":34,"enemies":"Cultist and Chosen","floor":22,"turns":6},{"damage":1,"enemies":"Book of Stabbing","floor":23,"turns":7},{"damage":36,"enemies":"animator:HornedBat","floor":25,"turns":12}],"seed_played":"-1499569330730179497","potions_obtained":[{"floor":5,"key":"Swift Potion"},{"floor":10,"key":"Fruit Juice"},{"floor":12,"key":"Block Potion"},{"floor":16,"key":"ColorlessPotion"},{"floor":22,"key":"DistilledChaos"}],"is_trial":false,"path_per_floor":["M","M","?","$","M","R","M","R","T","M","E","M","M","$","R","B",null,"M","M","?","?","M","E","R","E"],"character_chosen":"THE_ANIMATOR","items_purchased":["Oddly Smooth Stone","animator:Gillette","Bag of Marbles"],"campfire_rested":1,"item_purchase_floors":[4,4,14],"current_hp_per_floor":[66,65,54,54,54,54,54,54,54,53,37,38,39,39,53,25,87,87,78,36,36,4,5,31,0,0],"gold":299,"neow_bonus":"HUNDRED_GOLD","is_daily":false,"chose_seed":false,"campfire_upgraded":2,"win_rate":0.0,"timestamp":1611531038,"path_taken":["M","M","?","$","M","R","M","R","T","M","E","M","M","?","R","BOSS","M","M","?","?","M","E","R","E"],"items_purchased_type":["Relic","Card","Relic"],"build_version":"2020-12-22","purchased_purges":2,"victory":false,"max_hp_per_floor":[66,66,66,66,66,66,66,66,66,71,71,72,73,73,87,87,87,87,88,88,88,88,88,88,88,88],"card_choices":[{"not_picked":["animator:Kazuma","animator:DwarfShaman"],"picked":"animator:GuildGirl","floor":1},{"not_picked":["animator:Jibril","animator:Vanir"],"picked":"animator:Assassin","floor":2},{"not_picked":["animator:Tatsumaki","animator:MumenRider"],"picked":"animator:Viivi","floor":5},{"not_picked":["animator:Mikaela","animator:Yuuichirou"],"picked":"animator:Yoichi","floor":7},{"not_picked":["animator:Darkness","animator:AcuraShin"],"picked":"animator:Verdia","floor":10},{"not_picked":["animator:DolaSchwi","animator:CrowleyEusford"],"picked":"animator:Kazuma","floor":11},{"not_picked":["animator:DolaCouronne","animator:Guy"],"picked":"animator:KrulTepes","floor":12},{"not_picked":["animator:ChaikaBohdan","animator:Viivi"],"picked":"animator:Guy","floor":13},{"not_picked":["animator:DolaSchwi+1","animator:Assassin"],"picked":"animator:Yoichi","floor":18},{"not_picked":["animator:Mitsuba","animator:Sonic"],"picked":"animator:Rider","floor":19},{"not_picked":["animator:RinTohsaka+1","animator:Mitsurugi"],"picked":"animator:FielNirvalen+1","floor":20},{"not_picked":["animator:MumenRider","animator:DolaStephanie+1"],"picked":"animator:Verdia","floor":22},{"not_picked":["animator:Mitsurugi","animator:Chris"],"picked":"animator:Verdia","floor":23}],"player_experience":825882,"relics_obtained":[{"floor":11,"key":"Shovel"},{"floor":15,"key":"Mango"},{"floor":16,"key":"Blood Vial"},{"floor":20,"key":"Red Mask"},{"floor":23,"key":"Vajra"}],"event_choices":[{"damage_healed":0,"gold_gain":75,"player_choice":"Gather Gold","damage_taken":11,"max_hp_gain":0,"max_hp_loss":0,"event_name":"World of Goop","floor":3,"gold_loss":0},{"damage_healed":0,"gold_gain":0,"player_choice":"Fought Bandits","damage_taken":0,"max_hp_gain":0,"max_hp_loss":0,"event_name":"Masked Bandits","floor":20,"gold_loss":0},{"damage_healed":0,"gold_gain":0,"player_choice":"Inject Mutagens","damage_taken":0,"relics_obtained":["MutagenicStrength"],"max_hp_gain":0,"max_hp_loss":0,"event_name":"Drug Dealer","floor":21,"gold_loss":0}],"is_beta":false,"boss_relics":[{"not_picked":["Pandora\u0027s Box","Tiny House"],"picked":"Fusion Hammer"}],"items_purged_floors":[4,14],"is_endless":false,"potions_floor_spawned":[5,10,12,16,22],"killed_by":"animator:HornedBat","ascension_level":0}}