{"host":"rjbqai8ni6dsiu37","time":1611524006,"event":{"mods":["100% Spire Juice","BaseMod","CapriCore","GungeonMod","Lobotomy","Marisa£¨Ùöéë¡¡Øª×âÞÞ£©","Minty Spire (QoL Compilation)","Shop Mod","StSLib","Td1madao Mod","The Cursed","The Poker Player","WarShipGirlsR/??á´Ò³R mod"],"gold_per_floor":[111,33,33,33,108,108,125,143,143,158,172,191,191,210,210,315,315,332,346,363,152,77,104,104,135,135,135,65,65,99,109,109,207,207,222,241,291,308,357,390,390,425,425,454,471,500,510,529,529,529,529,529,122,154,154],"floor_reached":56,"language":"KOR","playtime":1519,"items_purged":["rmod:strick","rmod:strick"],"score":2333,"play_id":"1d6f78bf-e9dc-424a-b10d-0d1da03dc0ba","local_time":"20210125063326","is_ascension_mode":true,"campfire_choices":[{"data":"rmod:salvage","floor":6,"key":"SMITH"},{"floor":13,"key":"REST"},{"data":"rmod:openingtorpedo","floor":15,"key":"SMITH"},{"floor":24,"key":"RECALL"},{"data":"rmod:seals","floor":27,"key":"SMITH"},{"data":"rmod:salvage","floor":29,"key":"SMITH"},{"data":"rmod:fletcher","floor":32,"key":"SMITH"},{"floor":41,"key":"REST"},{"floor":49,"key":"REST"},{"data":"rmod:circuitoustactics","floor":52,"key":"SMITH"}],"circlet_count":0,"master_deck":["AscendersBane","rmod:strick","rmod:defend","rmod:defend","rmod:defend","rmod:defend","rmod:basicallowance","rmod:maingunfire","rmod:salvage+1","rmod:fletcherpendant","rmod:fletcherpendant","rmod:intelligenceanalysis","rmod:fletcherpendant+1","rmod:fletcherpendant+1","rmod:fletcherpendant","rmod:openingtorpedo+1","rmod:fletcherpendant+1","rmod:fletcherpendant+1","rmod:fletcher+1","rmod:fletcherpendant","rmod:fletcherpendant","rmod:fletcher","rmod:fletcherpendant","rmod:fletcher+1","rmod:salvage+1","rmod:seals+1","rmod:fletcherpendant+1","rmod:fletcherpendant+1","rmod:acesubmarine","rmod:goodsister","rmod:fletcher","rmod:smokecover","rmod:fletcher+1","rmod:fletcher","rmod:circuitoustactics+1","rmod:windflower","rmod:fletcher"],"relics":["rmod:firstchargereward","CaptainsWheel","Sozu","Art of War","Prayer Wheel","DemoMod:MonsterBlood","Red Mask","Runic Pyramid","Gambling Chip","CatCart","DemoMod:PartiallyEatenCheese","DemoMod:JetPack","DemoMod:OrangeGuonStone","Bag of Marbles","DemoMod:MeatBun","Orichalcum"],"acts_visited":["Exordium","TheCity","TheBeyond","TheEnding"],"potions_floor_usage":[10,12,16,55],"damage_taken":[{"damage":6,"enemies":"Small Slimes","floor":1,"turns":4},{"damage":1,"enemies":"Jaw Worm","floor":7,"turns":4},{"damage":2,"enemies":"Cultist","floor":8,"turns":4},{"damage":9,"enemies":"2 Fungi Beasts","floor":10,"turns":6},{"damage":12,"enemies":"Blue Slaver","floor":11,"turns":6},{"damage":10,"enemies":"Gremlin Gang","floor":12,"turns":5},{"damage":13,"enemies":"Large Slime","floor":14,"turns":6},{"damage":28,"enemies":"Hexaghost","floor":16,"turns":8},{"damage":0,"enemies":"Chosen","floor":18,"turns":1},{"damage":0,"enemies":"Spheric Guardian","floor":19,"turns":2},{"damage":0,"enemies":"Centurion and Healer","floor":20,"turns":6},{"damage":16,"enemies":"Gremlin Leader","floor":23,"turns":3},{"damage":0,"enemies":"Book of Stabbing","floor":25,"turns":2},{"damage":0,"enemies":"Masked Bandits","floor":30,"turns":1},{"damage":0,"enemies":"Cultist and Chosen","floor":31,"turns":1},{"damage":0,"enemies":"Champ","floor":33,"turns":4},{"damage":6,"enemies":"Orb Walker","floor":35,"turns":2},{"damage":7,"enemies":"3 Darklings","floor":36,"turns":2},{"damage":0,"enemies":"Mind Bloom Boss Battle","floor":37,"turns":2},{"damage":17,"enemies":"Writhing Mass","floor":38,"turns":2},{"damage":0,"enemies":"Orin","floor":39,"turns":4},{"damage":14,"enemies":"Nemesis","floor":40,"turns":5},{"damage":6,"enemies":"Reptomancer","floor":42,"turns":2},{"damage":8,"enemies":"Giant Head","floor":44,"turns":2},{"damage":21,"enemies":"4 Shapes","floor":45,"turns":2},{"damage":12,"enemies":"Nemesis","floor":46,"turns":3},{"damage":0,"enemies":"Sphere and 2 Shapes","floor":47,"turns":1},{"damage":0,"enemies":"3 Darklings","floor":48,"turns":1},{"damage":0,"enemies":"Donu and Deca","floor":50,"turns":2},{"damage":0,"enemies":"Shield and Spear","floor":54,"turns":1},{"damage":0,"enemies":"The Heart","floor":55,"turns":4}],"seed_played":"5301325965277603095","potions_obtained":[{"floor":1,"key":"LiquidBronze"},{"floor":7,"key":"ColorlessPotion"},{"floor":8,"key":"AttackPotion"},{"floor":11,"key":"LiquidMemories"},{"floor":16,"key":"CultistPotion"}],"is_trial":false,"path_per_floor":["M","$","?","$","?","R","M","M","T","M","M","M","R","M","R","B",null,"M","M","M","$","?","E","R","E","T","R","$","R","?","M","R","B",null,"M","M","?","M","?","E","R","E","T","E","M","E","M","M","R","B",null,"R","$","E","B",null],"character_chosen":"PRAEFECT","items_purchased":["rmod:salvage","rmod:seals","rmod:goodsister","DemoMod:MeatBun","rmod:fletcher"],"campfire_rested":3,"item_purchase_floors":[2,21,28,53,53],"current_hp_per_floor":[69,69,69,69,58,58,57,55,55,46,34,24,48,35,35,7,63,63,63,63,63,63,47,47,47,54,54,54,54,54,54,54,54,80,74,67,67,50,50,36,62,56,56,48,27,15,15,15,41,41,77,77,89,89,89],"gold":154,"neow_bonus":"TEN_PERCENT_HP_BONUS","is_daily":false,"chose_seed":false,"campfire_upgraded":6,"win_rate":0.0,"timestamp":1611524006,"path_taken":["M","$","?","?","?","R","M","M","T","M","M","M","R","M","R","BOSS","M","M","M","$","?","E","R","E","T","R","$","R","?","M","R","BOSS","M","M","?","M","?","E","R","E","T","E","M","E","?","M","R","BOSS","R","$","E","BOSS"],"items_purchased_type":["Card","Card","Card","Relic","Card"],"build_version":"2020-12-22","purchased_purges":2,"victory":true,"max_hp_per_floor":[82,82,82,82,82,82,82,82,82,82,82,82,82,82,82,82,82,82,82,82,82,82,82,82,82,89,89,89,89,89,89,89,89,89,89,89,89,89,89,89,89,89,89,89,89,89,89,89,89,89,89,89,89,89,89],"card_choices":[{"not_picked":["rmod:tearstotiara","rmod:garrisonisland","rmod:combined"],"picked":"SKIP","floor":1},{"not_picked":["rmod:ammunitionsupply","rmod:firesupport","rmod:overbreakdown"],"picked":"SKIP","floor":7},{"not_picked":["rmod:slowdown","rmod:circuitoustactics"],"picked":"rmod:intelligenceanalysis","floor":8},{"not_picked":["rmod:diamondstrike","rmod:tearstotiara","rmod:unsinkable"],"picked":"SKIP","floor":10},{"not_picked":["rmod:circuitoustactics","rmod:secretscript"],"picked":"rmod:openingtorpedo","floor":11},{"not_picked":["rmod:ring","rmod:intelligenceanalysis","rmod:launchingtorpedo"],"picked":"SKIP","floor":12},{"not_picked":["rmod:fuelsupply","rmod:rockthrower","rmod:aluminumsupply"],"picked":"SKIP","floor":14},{"not_picked":["rmod:desperatesituation","rmod:secretscript"],"picked":"rmod:fletcher","floor":16},{"not_picked":["rmod:tearstotiara","rmod:saltedfish","rmod:launchingtorpedo"],"picked":"SKIP","floor":18},{"not_picked":["rmod:victimresponsibility+1","rmod:intelligenceanalysis","rmod:steelsupply"],"picked":"SKIP","floor":19},{"not_picked":["rmod:overbreakdown","rmod:diamondstrike"],"picked":"rmod:salvage","floor":20},{"not_picked":["rmod:combined","rmod:punchline","rmod:advancebysurprise"],"picked":"SKIP","floor":23},{"not_picked":["rmod:mineteam+1","rmod:fuelsupply"],"picked":"rmod:acesubmarine","floor":25},{"not_picked":["rmod:intelligenceanalysis","rmod:guardianhero","rmod:gendarmerie"],"picked":"SKIP","floor":31},{"not_picked":["rmod:ammunitionsupply","rmod:combined","rmod:diaomin"],"picked":"SKIP","floor":31},{"not_picked":["rmod:saltedfish","rmod:stealaluminum"],"picked":"rmod:fletcher","floor":33},{"not_picked":["rmod:ammunitionsupply","rmod:supportaircraftcarrier+1","rmod:wife+1"],"picked":"SKIP","floor":35},{"not_picked":["rmod:unsinkable","rmod:generalist","rmod:combined+1"],"picked":"SKIP","floor":35},{"not_picked":["rmod:ammunitionsupply+1","rmod:capitalist+1","rmod:slowdown"],"picked":"SKIP","floor":36},{"not_picked":["rmod:wife","rmod:expedition","rmod:aluminumsupply"],"picked":"SKIP","floor":36},{"not_picked":["rmod:diamondstrike+1","rmod:fletcherpendant","rmod:goodfighter"],"picked":"SKIP","floor":38},{"not_picked":["rmod:aluminumsupply","rmod:ammunitionsupply","rmod:expeditionaryescort"],"picked":"SKIP","floor":38},{"not_picked":["rmod:smokecover","rmod:capitalist","rmod:unsinkable"],"picked":"SKIP","floor":40},{"not_picked":["rmod:capitalist","rmod:unsinkable"],"picked":"rmod:smokecover","floor":40},{"not_picked":["rmod:chargemoney","rmod:smokecover","rmod:wasp"],"picked":"SKIP","floor":42},{"not_picked":["rmod:expedition","rmod:overbreakdown","rmod:rockthrower"],"picked":"SKIP","floor":44},{"not_picked":["rmod:fuelsupply+1","rmod:highspeedshooting"],"picked":"rmod:fletcher","floor":45},{"not_picked":["rmod:garrisonisland","rmod:advancebysurprise+1","rmod:unsinkable+1"],"picked":"SKIP","floor":45},{"not_picked":["rmod:supportaircraftcarrier","rmod:robin+1","rmod:expedition"],"picked":"SKIP","floor":46},{"not_picked":["rmod:unsinkable","rmod:highspeedshooting"],"picked":"rmod:circuitoustactics","floor":47},{"not_picked":["rmod:highspeedshooting","rmod:chargemoney","rmod:steelsupply"],"picked":"SKIP","floor":47},{"not_picked":["rmod:aluminumsupply","rmod:garrisonisland+1"],"picked":"rmod:windflower","floor":48},{"not_picked":["rmod:wasp","rmod:heivgo","rmod:supportescort"],"picked":"SKIP","floor":48},{"not_picked":["rmod:aviationdawn","rmod:launchingtorpedo","rmod:circuitoustactics"],"picked":"SKIP","floor":54}],"player_experience":225760,"relics_obtained":[{"floor":9,"key":"CaptainsWheel"},{"floor":23,"key":"Art of War"},{"floor":25,"key":"Prayer Wheel"},{"floor":26,"key":"DemoMod:MonsterBlood"},{"floor":30,"key":"Red Mask"},{"floor":37,"key":"Gambling Chip"},{"floor":39,"key":"CatCart"},{"floor":40,"key":"DemoMod:PartiallyEatenCheese"},{"floor":42,"key":"DemoMod:JetPack"},{"floor":44,"key":"DemoMod:OrangeGuonStone"},{"floor":46,"key":"Bag of Marbles"},{"floor":54,"key":"Orichalcum"}],"event_choices":[{"damage_healed":0,"gold_gain":0,"player_choice":"Ignored","damage_taken":0,"max_hp_gain":0,"max_hp_loss":0,"event_name":"Liars Game","floor":3,"gold_loss":0},{"damage_healed":0,"gold_gain":75,"player_choice":"Gather Gold","damage_taken":11,"max_hp_gain":0,"max_hp_loss":0,"event_name":"World of Goop","floor":5,"gold_loss":0},{"cards_removed":["rmod:strick"],"damage_healed":0,"gold_gain":0,"player_choice":"Gave Gold","damage_taken":0,"max_hp_gain":0,"max_hp_loss":0,"event_name":"Beggar","floor":22,"gold_loss":75},{"damage_healed":0,"gold_gain":0,"player_choice":"Fought Bandits","damage_taken":0,"max_hp_gain":0,"max_hp_loss":0,"event_name":"Masked Bandits","floor":30,"gold_loss":0},{"damage_healed":0,"gold_gain":0,"player_choice":"Fight","damage_taken":0,"max_hp_gain":0,"max_hp_loss":0,"event_name":"MindBloom","floor":37,"gold_loss":0},{"damage_healed":0,"gold_gain":0,"player_choice":"Fight","damage_taken":0,"max_hp_gain":0,"max_hp_loss":0,"event_name":"OrinTheCat","floor":39,"gold_loss":0}],"is_beta":false,"boss_relics":[{"not_picked":["Tiny House","Calling Bell"],"picked":"Sozu"},{"not_picked":["Black Star","Cursed Key"],"picked":"Runic Pyramid"}],"items_purged_floors":[21,53],"is_endless":false,"potions_floor_spawned":[1,7,8,11,16,20,25,30,37,40,42,47],"ascension_level":12}}