{"host":"hszimsrtxxc2k25w","time":1611517874,"event":{"mods":["AchievementEnabler","BaseMod","Colored Map","DeckTracker","Minty Spire (QoL Compilation)","Rare Cards Sparkle","SuperFastMode"],"gold_per_floor":[109,159,176,176,176,176,204,204,204,217,233,233,233,249,249,321,321,331,364,289,301,301,301,301,301],"floor_reached":24,"language":"KOR","playtime":504,"items_purged":["Strike_G"],"score":416,"play_id":"46842023-dcb6-4b79-bb98-d14f37fcc7af","local_time":"20210125045114","is_ascension_mode":true,"campfire_choices":[{"data":"Blade Dance","floor":6.0,"key":"SMITH"},{"data":"Finisher","floor":8.0,"key":"SMITH"},{"data":"Neutralize","floor":13.0,"key":"SMITH"},{"floor":15.0,"key":"REST"},{"data":"Venomology","floor":23,"key":"SMITH"}],"circlet_count":0,"master_deck":["AscendersBane","Strike_G+1","Strike_G","Strike_G","Defend_G","Defend_G","Defend_G","Defend_G","Defend_G","Survivor","Neutralize+1","Backflip+1","Blade Dance+1","Finisher+1","Masterful Stab+1","Dagger Throw","Venomology+1","PiercingWail"],"relics":["Ring of the Snake","NeowsBlessing","Potion Belt","Ginger","Cursed Key","Red Mask"],"acts_visited":["Exordium","TheCity"],"potions_floor_usage":[18,19,21,24],"damage_taken":[{"damage":0.0,"enemies":"Cultist","floor":1.0,"turns":1.0},{"damage":0.0,"enemies":"2 Louse","floor":3.0,"turns":1.0},{"damage":0.0,"enemies":"3 Sentries","floor":7.0,"turns":2.0},{"damage":0.0,"enemies":"Small Slimes","floor":10.0,"turns":1.0},{"damage":9.0,"enemies":"2 Fungi Beasts","floor":11.0,"turns":3.0},{"damage":0.0,"enemies":"Exordium Thugs","floor":14.0,"turns":3.0},{"damage":15.0,"enemies":"Hexaghost","floor":16.0,"turns":9.0},{"damage":0,"enemies":"Spheric Guardian","floor":18,"turns":3},{"damage":18,"enemies":"Masked Bandits","floor":19,"turns":5},{"damage":14,"enemies":"Shell Parasite","floor":21,"turns":4},{"damage":31,"enemies":"Slavers","floor":24,"turns":6}],"seed_played":"-4508744511283647519","potions_obtained":[{"floor":3.0,"key":"GhostInAJar"},{"floor":11.0,"key":"Ancient Potion"},{"floor":14.0,"key":"DuplicationPotion"},{"floor":16.0,"key":"DuplicationPotion"}],"is_trial":false,"path_per_floor":["M","?","M","?","?","R","E","R","T","M","M","?","R","M","R","B",null,"M","?","$","M","?","R","E"],"character_chosen":"THE_SILENT","items_purchased":[],"campfire_rested":1,"item_purchase_floors":[],"current_hp_per_floor":[59,53,53,33,33,33,33,33,33,33,24,24,24,24,43,28,57,57,39,39,25,25,25,0,0],"gold":301,"neow_bonus":"THREE_ENEMY_KILL","is_daily":false,"chose_seed":false,"campfire_upgraded":4,"win_rate":0.0,"timestamp":1611517874,"path_taken":["M","?","?","?","?","R","E","R","T","M","M","?","R","?","R","BOSS","M","?","$","M","?","R","E"],"items_purchased_type":[],"build_version":"2020-12-22","purchased_purges":1,"victory":false,"max_hp_per_floor":[66,66,66,66,66,66,66,66,66,66,66,66,66,66,66,66,66,66,66,66,66,66,66,66,66],"card_choices":[{"not_picked":["Underhanded Strike","Bane"],"picked":"Backflip","floor":1.0},{"not_picked":["Backstab","Underhanded Strike"],"picked":"Blade Dance","floor":3.0},{"not_picked":["Backstab","Underhanded Strike"],"picked":"Finisher","floor":7.0},{"not_picked":["Underhanded Strike","Sucker Punch","Blur"],"picked":"SKIP","floor":10.0},{"not_picked":["Dodge and Roll","Poisoned Stab"],"picked":"Masterful Stab","floor":11.0},{"not_picked":["Underhanded Strike","Quick Slash"],"picked":"Dagger Throw","floor":14.0},{"not_picked":["Night Terror","Glass Knife"],"picked":"Venomology","floor":16.0},{"not_picked":["Flechettes","Underhanded Strike+1","Predator"],"picked":"SKIP","floor":18},{"not_picked":["Bouncing Flask","Reflex"],"picked":"PiercingWail","floor":21}],"player_experience":639950,"relics_obtained":[{"floor":7.0,"key":"Potion Belt"},{"floor":9.0,"key":"Ginger"},{"floor":19,"key":"Red Mask"}],"event_choices":[{"damage_healed":0.0,"max_hp_gain":0.0,"max_hp_loss":0.0,"gold_gain":50.0,"event_name":"FaceTrader","player_choice":"Touch","floor":2.0,"gold_loss":0.0,"damage_taken":6.0},{"damage_healed":0.0,"max_hp_gain":0.0,"max_hp_loss":0.0,"gold_gain":0.0,"event_name":"Shining Light","player_choice":"Entered Light","floor":4.0,"gold_loss":0.0,"damage_taken":20.0,"cards_upgraded":["Strike_G","Backflip"]},{"cards_removed":["Strike_G"],"damage_healed":0.0,"max_hp_gain":0.0,"max_hp_loss":0.0,"gold_gain":0.0,"event_name":"Living Wall","player_choice":"Forget","floor":5.0,"gold_loss":0.0,"damage_taken":0.0},{"damage_healed":0.0,"max_hp_gain":0.0,"max_hp_loss":0.0,"gold_gain":0.0,"event_name":"Accursed Blacksmith","player_choice":"Forge","floor":12.0,"gold_loss":0.0,"damage_taken":0.0,"cards_upgraded":["Masterful Stab"]},{"damage_healed":0,"gold_gain":0,"player_choice":"Fought Bandits","damage_taken":0,"max_hp_gain":0,"max_hp_loss":0,"event_name":"Masked Bandits","floor":19,"gold_loss":0},{"damage_healed":0,"gold_gain":0,"player_choice":"Ignored","damage_taken":0,"max_hp_gain":0,"max_hp_loss":0,"event_name":"N\u0027loth","floor":22,"gold_loss":0}],"is_beta":false,"boss_relics":[{"not_picked":["SlaversCollar","Tiny House"],"picked":"Cursed Key"}],"items_purged_floors":[20],"is_endless":false,"potions_floor_spawned":[3,11,14,16,19,21],"killed_by":"Slavers","ascension_level":18}}