{"host":"lzzv50t0ea3gz1kk","time":1611470657,"event":{"mods":["ATMod(°¢èªMod)","Act Like it!","Aspiration","BaseMod","Colored Powertips","Conspire","Downfall","Gensokyo","Hallownest","Hermit","Marisa£¨ìFÓê¡¡Ä§ÀíÉ³£©","Minty Spire (QoL Compilation)","Robot Space Explorer","SIMod","StSLib","The Saiyan","vexMod"],"gold_per_floor":[99,99,115,145,158,19,19,19,45,60,60,70,70,110,121,223,273,273,283,296,296,296,308,383,383,109,109,129,177,211,71,86,188,188,188,208,102,116,128,143,143,153,153,153,178,3,3,3,21,21,21,21],"floor_reached":50,"language":"ZHS","playtime":3374,"items_purged":["champ:Strike","champ:Defend","Injury","champ:Strike","champ:Strike"],"score":617,"play_id":"9bf9e34b-8178-4884-b549-28ee7f3a98b0","local_time":"20210124144417","is_ascension_mode":false,"campfire_choices":[{"data":"champ:Taunt","floor":1.0,"key":"SMITH"},{"data":"champ:FaceSlap","floor":8,"key":"SMITH"},{"data":"champ:Improvising","floor":13,"key":"SMITH"},{"floor":18,"key":"RECALL"},{"data":"champ:FanOfKnives","floor":27,"key":"SMITH"},{"data":"champ:VampiricStrike","floor":35,"key":"SMITH"},{"data":"champ:MurderStrike","floor":43,"key":"SMITH"},{"floor":47,"key":"REST"}],"circlet_count":0,"master_deck":["champ:Strike","champ:Defend","champ:Execute+1","champ:Taunt+1","champ:FanOfKnives+1","champ:Circumvent+1","champ:FaceSlap+1","champ:BringItOn+1","champ:Improvising+1","champ:MurderStrike+1","champ:FocusedDefense+1","champ:StanceDance+1","champ:EnGarde+1","champ:SkillfulDodge+1","champ:VampiricStrike+1","champ:FancyFootwork+1","champ:DefensiveShout+1","champ:RecklessLeap+1","champ:TornadoPunch+1","champ:HoldFirm+1","champ:Improvising+1","champ:ShieldSlam+1","champ:FancyFootwork+1"],"relics":["champ:ChampionCrown","AT_ATBox","Toxic Egg 2","AT_GoldPhoenixTree","Meat on the Bone","AT_RedNoBalance","Bottled Flame","Tiny House","AT_ForceNature","AT_BladeRuinedKing","vexMod:PlasmaPancake","Empty Cage","Lee\u0027s Waffle","AT_SpeedBoots","Bronze Scales"],"acts_visited":["Exordium","TheCity","TheBeyond"],"potions_floor_usage":[16,16,23,23,31,33,40,50,50,50],"damage_taken":[{"damage":10.0,"enemies":"conspire:RoseBush","floor":3.0,"turns":4.0},{"damage":7,"enemies":"2 Louse","floor":5,"turns":3},{"damage":30,"enemies":"downfall:FleeingMerchant","floor":6,"turns":4},{"damage":30,"enemies":"Lagavulin","floor":9,"turns":9},{"damage":28,"enemies":"Jaw Worm","floor":10,"turns":4},{"damage":0,"enemies":"3 Louse","floor":12,"turns":5},{"damage":25,"enemies":"conspire:MimicChest","floor":14,"turns":8},{"damage":0,"enemies":"Blue Slaver","floor":15,"turns":2},{"damage":42,"enemies":"DF_ARCHETYPE_STREAMLINE","floor":16,"turns":8},{"damage":7,"enemies":"conspire:FuzzyDice","floor":19,"turns":6},{"damage":5,"enemies":"Shell Parasite","floor":20,"turns":5},{"damage":28,"enemies":"Shelled Parasite and Fungi","floor":23,"turns":6},{"damage":16,"enemies":"downfall:FleeingMerchant","floor":26,"turns":4},{"damage":11,"enemies":"Cultist and Chosen","floor":28,"turns":4},{"damage":8,"enemies":"conspire:SneckoGhost","floor":30,"turns":4},{"damage":29,"enemies":"downfall:FleeingMerchant","floor":31,"turns":4},{"damage":8,"enemies":"conspire:HollyBat","floor":32,"turns":7},{"damage":15,"enemies":"WA_ARCHETYPE_CALM","floor":33,"turns":5},{"damage":27,"enemies":"3 Darklings","floor":36,"turns":4},{"damage":0,"enemies":"downfall:FleeingMerchant","floor":37,"turns":1},{"damage":5,"enemies":"Orb Walker","floor":38,"turns":2},{"damage":8,"enemies":"Jaw Worm Horde","floor":39,"turns":2},{"damage":26,"enemies":"4 Shapes","floor":40,"turns":4},{"damage":28,"enemies":"Maw","floor":42,"turns":4},{"damage":42,"enemies":"Giant Head","floor":45,"turns":6},{"damage":4,"enemies":"3 Darklings","floor":49,"turns":2},{"damage":128,"enemies":"IC_BLOCK_ARCHETYPE","floor":50,"turns":4}],"seed_played":"-5751427112354664878","potions_obtained":[{"floor":10,"key":"Block Potion"},{"floor":14,"key":"ColorlessPotion"},{"floor":15,"key":"PowerPotion"},{"floor":17,"key":"bronze:BurnAndBuffPotion"},{"floor":20,"key":"champ:OpenerPotion"},{"floor":25,"key":"CultistPotion"},{"floor":28,"key":"Regen Potion"},{"floor":38,"key":"Swift Potion"},{"floor":39,"key":"Ancient Potion"},{"floor":40,"key":"DuplicationPotion"}],"is_trial":false,"path_per_floor":["R","?","M","?","M","$","T","R","E","M","?","M","R","?","M","B",null,"R","M","M","?","?","M","T","?","$","R","M","T","E","$","M","B",null,"R","M","$","M","M","M","T","M","R","?","E","$","R","$","M","B"],"character_chosen":"THE_CHAMP","items_purchased":["champ:BringItOn+1","champ:VampiricStrike","Lee\u0027s Waffle","AT_SpeedBoots"],"campfire_rested":1,"item_purchase_floors":[6,26,37,37],"current_hp_per_floor":[99,99,99,99,97,87,87,87,62,56,51,61,61,51,61,24,104,104,62,57,57,57,61,61,61,65,65,69,69,77,75,77,82,110,110,98,117,112,114,98,98,105,105,105,108,108,117,117,117,0,0,0],"gold":21,"neow_bonus":"TEN_PERCENT_HP_BONUS","is_daily":false,"chose_seed":false,"campfire_upgraded":6,"win_rate":0.0,"timestamp":1611470657,"path_taken":["R","?","M","?","M","?","T","R","E","M","?","M","R","?","M","BOSS","R","M","M","?","?","M","T","?","$","R","M","?","E","$","M","BOSS","R","M","$","M","M","M","T","M","R","?","E","$","R","?","M","BOSS"],"items_purchased_type":["Card","Card","Relic","Relic"],"build_version":"2020-12-22","purchased_purges":5,"victory":false,"max_hp_per_floor":[99,99,99,99,99,99,99,99,99,99,99,99,99,99,99,99,104,104,104,104,104,104,104,104,104,104,104,104,104,110,110,110,110,110,110,110,117,117,117,117,117,117,117,117,117,117,117,117,117,117,117,117],"card_choices":[{"not_picked":["champ:PerfectedStrike","champ:GutPunch"],"picked":"champ:FanOfKnives","floor":3.0},{"not_picked":["champ:CrownThrow","champ:Encircle"],"picked":"champ:Circumvent+1","floor":5},{"not_picked":["champ:PreciseThrust","champ:PerfectedStrike"],"picked":"champ:FaceSlap","floor":6},{"not_picked":["champ:SteelEdge","champ:FalseCounter+1"],"picked":"champ:Improvising","floor":9},{"not_picked":["champ:Shatter","champ:Parry+1","champ:BladeFlurry"],"picked":"SKIP","floor":10},{"not_picked":["champ:Shatter","champ:Parry+1","champ:BladeFlurry"],"picked":"SKIP","floor":10},{"not_picked":["champ:CrownThrow","champ:Shatter","champ:Haymaker"],"picked":"SKIP","floor":12},{"not_picked":["champ:BringItOn+1","champ:TornadoPunch"],"picked":"champ:MurderStrike","floor":14},{"not_picked":["champ:BladeFlurry","champ:FaceSlap","champ:FanOfKnives"],"picked":"SKIP","floor":15},{"not_picked":["champ:PreciseThrust","champ:FocusedBerserking+1"],"picked":"champ:FocusedDefense+1","floor":17},{"not_picked":["champ:FocusedBerserking+1","champ:FancyFootwork+1"],"picked":"champ:StanceDance+1","floor":19},{"not_picked":["champ:BladeFlurry","champ:Shatter"],"picked":"champ:EnGarde+1","floor":20},{"not_picked":["champ:Circumvent+1","champ:PreemptiveStrike"],"picked":"champ:SkillfulDodge+1","floor":23},{"not_picked":["champ:FlashCut","champ:SetATrap+1","champ:EndlessRage"],"picked":"SKIP","floor":26},{"not_picked":["champ:Circumvent+1","champ:Haymaker","champ:PreciseThrust+1"],"picked":"SKIP","floor":28},{"not_picked":["champ:CrookedStrike","champ:GladiatorForm"],"picked":"champ:FancyFootwork+1","floor":30},{"not_picked":["champ:IgnorePain+1","champ:CrownThrow"],"picked":"champ:DefensiveShout+1","floor":31},{"not_picked":["champ:Encircle+1","champ:DefensiveShout+1","champ:FaceSlap+1"],"picked":"SKIP","floor":32},{"not_picked":["champ:BladeFlurry+1","champ:PerfectedStrike+1"],"picked":"champ:RecklessLeap+1","floor":36},{"not_picked":["champ:Haymaker","champ:StanceDance+1","champ:PerfectedStrike+1"],"picked":"SKIP","floor":37},{"not_picked":["champ:Duel","champ:BladeFlurry","champ:BringItOn+1"],"picked":"SKIP","floor":38},{"not_picked":["champ:PreemptiveStrike","champ:FlashCut+1"],"picked":"champ:TornadoPunch+1","floor":39},{"not_picked":["champ:Backstep+1","champ:BerserkersShout+1","champ:PreemptiveStrike"],"picked":"SKIP","floor":40},{"not_picked":["champ:FanOfKnives","champ:StanceDance+1"],"picked":"champ:HoldFirm+1","floor":42},{"not_picked":["champ:RecklessLeap","champ:FlashCut"],"picked":"champ:ShieldSlam+1","floor":45},{"not_picked":["champ:FalseCounter+1","champ:Haymaker+1"],"picked":"champ:FancyFootwork+1","floor":49}],"player_experience":389455,"relics_obtained":[{"floor":7,"key":"AT_GoldPhoenixTree"},{"floor":9,"key":"Meat on the Bone"},{"floor":14,"key":"Bottled Flame"},{"floor":24,"key":"AT_ForceNature"},{"floor":29,"key":"AT_BladeRuinedKing"},{"floor":30,"key":"vexMod:PlasmaPancake"},{"floor":45,"key":"Bronze Scales"}],"event_choices":[{"damage_healed":0,"gold_gain":0,"player_choice":"Success","damage_taken":3,"relics_obtained":["AT_SilverBalance"],"max_hp_gain":0,"max_hp_loss":0,"event_name":"Scrap Ooze","floor":11,"gold_loss":0},{"damage_healed":0,"gold_gain":0,"player_choice":"Ignored","damage_taken":0,"max_hp_gain":0,"max_hp_loss":0,"event_name":"Vampires","floor":21,"gold_loss":0},{"damage_healed":0,"gold_gain":0,"player_choice":"Ignored","damage_taken":0,"max_hp_gain":0,"max_hp_loss":0,"event_name":"Ghosts","floor":22,"gold_loss":0}],"is_beta":false,"boss_relics":[{"not_picked":["Cursed Key","Coffee Dripper"],"picked":"Tiny House"},{"not_picked":["aspiration:SecretTechniqueScroll","aspiration:RitualDagger"],"picked":"Empty Cage"}],"items_purged_floors":[6,26,31,37,46],"is_endless":false,"potions_floor_spawned":[10,14,15,20,28,30,38,39,40],"killed_by":"IC_BLOCK_ARCHETYPE","ascension_level":0}}