{"host":"aqym1xxr3lb31d9m","time":1611514228,"event":{"mods":["BaseMod","Block Reminder","Colored Map","Colored Powertips","DeckTracker","Highlight Path","Minty Spire (QoL Compilation)","Quick Restart","Random Character Button","StSLib","SuperFastMode","UnlockEverythingMod"],"gold_per_floor":[361,511,526,107,182,182,196,196,196,196,210,210,225,225,225,321,321,321,321,41,41,41,41,41,41,41,41,41],"floor_reached":27,"language":"JPN","playtime":611,"items_purged":["Doubt"],"score":398,"play_id":"ce38012d-ed34-4352-973f-b48f6cf21aef","local_time":"20210125035028","is_ascension_mode":true,"campfire_choices":[{"data":"Beam Cell","floor":6,"key":"SMITH"},{"data":"Streamline","floor":8,"key":"SMITH"},{"data":"Zap","floor":10,"key":"SMITH"},{"data":"Chaos","floor":15,"key":"SMITH"},{"data":"Apotheosis","floor":23,"key":"SMITH"},{"data":"Dualcast","floor":25,"key":"SMITH"}],"circlet_count":0,"master_deck":["AscendersBane","Strike_B","Strike_B","Strike_B","Strike_B","Defend_B","Defend_B","Defend_B","Defend_B","Zap+1","Dualcast+1","Beam Cell+1","Cold Snap","Streamline+1","Auto Shields","Chaos+1","Parasite","Echo Form","Coolheaded","Apotheosis+1","Melter"],"relics":["Cracked Core","TungstenRod","Matryoshka","Bloody Idol","Ectoplasm","CeramicFish","Frozen Egg 2"],"acts_visited":["Exordium","TheCity"],"potions_floor_usage":[16,16,27,27],"damage_taken":[{"damage":2,"enemies":"2 Louse","floor":1,"turns":3},{"damage":1,"enemies":"Small Slimes","floor":3,"turns":4},{"damage":6,"enemies":"Jaw Worm","floor":7,"turns":3},{"damage":0,"enemies":"Blue Slaver","floor":11,"turns":3},{"damage":16,"enemies":"Large Slime","floor":13,"turns":4},{"damage":19,"enemies":"The Guardian","floor":16,"turns":9},{"damage":25,"enemies":"Shell Parasite","floor":18,"turns":4},{"damage":8,"enemies":"3 Byrds","floor":22,"turns":7},{"damage":44,"enemies":"Slavers","floor":27,"turns":3}],"seed_played":"-1887948196690698715","potions_obtained":[{"floor":3,"key":"FocusPotion"},{"floor":11,"key":"EssenceOfSteel"},{"floor":22,"key":"SpeedPotion"}],"is_trial":false,"path_per_floor":["M","?","M","$","?","R","M","R","T","R","M","?","M","?","R","B",null,"M","?","$","?","M","R","?","R","T","E"],"character_chosen":"DEFECT","items_purchased":["TungstenRod","Apotheosis","Regen Potion"],"campfire_rested":0,"item_purchase_floors":[4,20,20],"current_hp_per_floor":[44,44,43,43,33,33,27,27,27,27,27,27,11,27,27,8,50,25,25,25,25,17,17,30,30,30,0,0],"gold":41,"neow_bonus":"TWO_FIFTY_GOLD","is_daily":false,"chose_seed":false,"campfire_upgraded":6,"win_rate":0.0,"timestamp":1611514228,"path_taken":["M","?","M","$","?","R","M","R","T","R","M","?","?","?","R","BOSS","M","?","$","?","?","R","?","R","T","E"],"items_purchased_type":["Relic","Card","Potion"],"build_version":"2020-12-22","purchased_purges":1,"victory":false,"max_hp_per_floor":[71,71,71,71,71,71,71,71,71,71,71,64,64,64,64,64,64,64,64,64,64,64,64,64,64,64,64,64],"card_choices":[{"not_picked":["Rebound","Gash"],"picked":"Beam Cell","floor":1},{"not_picked":["Coolheaded","Redo"],"picked":"Cold Snap","floor":3},{"not_picked":["Redo","Skim"],"picked":"Streamline","floor":7},{"not_picked":["Stack","Barrage"],"picked":"Auto Shields","floor":11},{"not_picked":["Chill","Undo"],"picked":"Chaos","floor":13},{"not_picked":["Buffer","Creative AI"],"picked":"Echo Form","floor":16},{"not_picked":["Streamline","Reprogram"],"picked":"Coolheaded","floor":18},{"not_picked":["Sweeping Beam","Gash"],"picked":"Melter","floor":22}],"player_experience":4040163,"relics_obtained":[{"floor":9,"key":"Matryoshka"},{"floor":26,"key":"CeramicFish"},{"floor":26,"key":"Frozen Egg 2"}],"event_choices":[{"damage_healed":0,"gold_gain":150,"player_choice":"AGREE","damage_taken":0,"max_hp_gain":0,"max_hp_loss":0,"event_name":"Liars Game","floor":2,"gold_loss":0,"cards_obtained":["Doubt"]},{"damage_healed":0,"gold_gain":75,"player_choice":"Gather Gold","damage_taken":11,"max_hp_gain":0,"max_hp_loss":0,"event_name":"World of Goop","floor":5,"gold_loss":0},{"damage_healed":0,"gold_gain":0,"player_choice":"Lose Max HP","damage_taken":0,"relics_obtained":["Golden Idol"],"max_hp_gain":0,"max_hp_loss":7,"event_name":"Golden Idol","floor":12,"gold_loss":0},{"damage_healed":16,"gold_gain":0,"player_choice":"Healed and dodged fight","damage_taken":0,"max_hp_gain":0,"max_hp_loss":0,"event_name":"Mushrooms","floor":14,"gold_loss":0,"cards_obtained":["Parasite"]},{"damage_healed":0,"gold_gain":0,"player_choice":"Gave Idol","damage_taken":0,"relics_obtained":["Bloody Idol"],"max_hp_gain":0,"max_hp_loss":0,"event_name":"Forgotten Altar","floor":19,"relics_lost":["Golden Idol"],"gold_loss":0},{"damage_healed":0,"gold_gain":50,"player_choice":"Pray","damage_taken":0,"max_hp_gain":0,"max_hp_loss":0,"event_name":"Golden Shrine","floor":21,"gold_loss":0},{"damage_healed":13,"gold_gain":0,"player_choice":"Heal","damage_taken":0,"max_hp_gain":0,"max_hp_loss":0,"event_name":"The Library","floor":24,"gold_loss":0}],"is_beta":false,"boss_relics":[{"not_picked":["Tiny House","SacredBark"],"picked":"Ectoplasm"}],"items_purged_floors":[4],"is_endless":false,"potions_floor_spawned":[3,11,22],"killed_by":"Slavers","ascension_level":20}}