{"host":"dowi7cgbhepuzvpj","time":1611448183,"event":{"mods":["AchievementEnabler","BaseMod","Keyboard Shortcuts","Minty Spire (QoL Compilation)","Permanent Neow","Quick Restart","StSLib","SuperFastMode"],"gold_per_floor":[114,114,189,189,205,205,230,230,257,276,78,78,99,99,99,220,220,243,47,60,60,160,160,179,179,179,179,179],"floor_reached":27,"language":"KOR","playtime":672,"items_purged":["Doubt","Strike_R"],"score":364,"play_id":"c96e9cd1-a175-4c93-9b5c-512e9a1ff2de","local_time":"20210124092943","is_ascension_mode":true,"campfire_choices":[{"data":"Barricade","floor":6.0,"key":"SMITH"},{"data":"True Grit","floor":8.0,"key":"SMITH"},{"floor":15,"key":"REST"},{"data":"Armaments","floor":23,"key":"SMITH"},{"data":"Metallicize","floor":25,"key":"SMITH"}],"circlet_count":0,"master_deck":["Strike_R","Strike_R","Defend_R","Defend_R","Defend_R","Defend_R+1","Bash","Barricade+1","Power Through","True Grit+1","Body Slam+1","Flame Barrier","Shrug It Off","Spot Weakness","True Grit","Metallicize+1","Armaments+1","Perfected Strike","Infernal Blade","Feel No Pain"],"relics":["Burning Blood","Golden Idol","Vajra","Eternal Feather","SlaversCollar"],"acts_visited":["Exordium","TheCity"],"potions_floor_usage":[16,16],"damage_taken":[{"damage":12.0,"enemies":"Small Slimes","floor":1.0,"turns":6.0},{"damage":13.0,"enemies":"Jaw Worm","floor":5.0,"turns":7.0},{"damage":11.0,"enemies":"Cultist","floor":7.0,"turns":7.0},{"damage":7.0,"enemies":"Looter","floor":10.0,"turns":4.0},{"damage":10,"enemies":"Gremlin Gang","floor":13,"turns":7},{"damage":0,"enemies":"Hexaghost","floor":16,"turns":11},{"damage":17,"enemies":"Shell Parasite","floor":18,"turns":8},{"damage":0,"enemies":"Spheric Guardian","floor":20,"turns":9},{"damage":42,"enemies":"Chosen and Byrds","floor":24,"turns":13},{"damage":59,"enemies":"Cultist and Chosen","floor":27,"turns":5}],"seed_played":"3104623457022175356","potions_obtained":[{"floor":1.0,"key":"Strength Potion"},{"floor":7.0,"key":"ElixirPotion"},{"floor":24,"key":"FearPotion"}],"is_trial":false,"path_per_floor":["M","?","?","?","M","R","M","R","T","M","$","T","M","?","R","B",null,"M","$","M","?","?","R","M","R","T","M"],"character_chosen":"IRONCLAD","items_purchased":["Flame Barrier","Shrug It Off","Metallicize","Armaments"],"campfire_rested":1,"item_purchase_floors":[11,11,19,19],"current_hp_per_floor":[66,66,55,35,28,28,23,23,23,22,22,22,18,2,35,41,70,59,59,65,65,65,74,38,50,50,0,0],"gold":179,"neow_bonus":"THREE_RARE_CARDS","is_daily":false,"chose_seed":false,"campfire_upgraded":4,"win_rate":0.0,"timestamp":1611448183,"path_taken":["M","?","?","?","M","R","M","R","T","M","$","?","M","?","R","BOSS","M","$","M","?","?","R","M","R","T","?"],"items_purchased_type":["Card","Card","Card","Card"],"build_version":"2020-12-22","purchased_purges":2,"victory":false,"max_hp_per_floor":[80,80,80,80,80,80,80,80,80,80,80,80,80,80,80,80,80,80,80,80,80,80,80,80,80,80,80,80],"card_choices":[{"not_picked":["Double Tap","Immolate"],"picked":"Barricade","floor":0.0},{"not_picked":["Rampage","Twin Strike"],"picked":"Power Through","floor":1.0},{"not_picked":["Clash","Warcry"],"picked":"True Grit","floor":5.0},{"not_picked":["Thunderclap","Clash"],"picked":"Body Slam","floor":7.0},{"not_picked":["Havoc","Reckless Charge","Perfected Strike"],"picked":"SKIP","floor":10.0},{"not_picked":["Heavy Blade","Sword Boomerang"],"picked":"Spot Weakness","floor":13},{"not_picked":["Dropkick","Shockwave"],"picked":"True Grit","floor":18},{"not_picked":["Burning Pact","Havoc","Thunderclap"],"picked":"SKIP","floor":20},{"not_picked":["Sever Soul","Barricade"],"picked":"Feel No Pain","floor":24}],"player_experience":848153,"relics_obtained":[{"floor":9.0,"key":"Vajra"},{"floor":12.0,"key":"Eternal Feather"}],"event_choices":[{"damage_healed":0.0,"max_hp_gain":0.0,"max_hp_loss":0.0,"gold_gain":0.0,"event_name":"Liars Game","player_choice":"Ignored","floor":2.0,"gold_loss":0.0,"damage_taken":0.0},{"damage_healed":0.0,"max_hp_gain":0.0,"max_hp_loss":0.0,"gold_gain":75.0,"event_name":"World of Goop","player_choice":"Gather Gold","floor":3.0,"gold_loss":0.0,"damage_taken":11.0},{"damage_healed":0.0,"max_hp_gain":0.0,"max_hp_loss":0.0,"gold_gain":0.0,"event_name":"Golden Idol","player_choice":"Take Damage","floor":4.0,"gold_loss":0.0,"damage_taken":20.0,"relics_obtained":["Golden Idol"]},{"damage_healed":0,"gold_gain":0,"player_choice":"Entered Light","damage_taken":16,"max_hp_gain":0,"max_hp_loss":0,"event_name":"Shining Light","floor":14,"gold_loss":0,"cards_upgraded":["Body Slam","Defend_R"]},{"damage_healed":0,"gold_gain":0,"cards_transformed":["Strike_R","Strike_R"],"player_choice":"Became Test Subject","damage_taken":0,"max_hp_gain":0,"max_hp_loss":0,"event_name":"Drug Dealer","floor":21,"gold_loss":0,"cards_obtained":["Perfected Strike","Infernal Blade"]},{"damage_healed":0,"gold_gain":100,"player_choice":"Pray","damage_taken":0,"max_hp_gain":0,"max_hp_loss":0,"event_name":"Golden Shrine","floor":22,"gold_loss":0}],"is_beta":false,"boss_relics":[{"not_picked":["Ectoplasm","Busted Crown"],"picked":"SlaversCollar"}],"items_purged_floors":[11,19],"is_endless":false,"potions_floor_spawned":[1,7,24],"killed_by":"Cultist and Chosen","ascension_level":9}}