{"host":"d17dpptiltdcqz9s","time":1611476216,"event":{"mods":["BaseMod","Colored Powertips","Downfall","Minty Spire (QoL Compilation)","Replay The Spire","StSLib","The Bug Knight"],"gold_per_floor":[112,112,55,74,90,90,90,90,90,90,90,153,153,4,63,126,126,269,269,284,304,304,274,274,274,199,224,224,224,239,239,257,356,356,459,459,478,478,497,497,497,497,531,29,29,47,61,75,75,87,87,87,87,87,14,42,42,42],"floor_reached":57,"language":"ZHS","playtime":2698,"items_purged":["Strike_R","Replay:Hysterical Blindness","Strike_R"],"score":669,"play_id":"2fcc3d76-e005-41df-9da6-69f538155f7f","local_time":"20210124161656","is_ascension_mode":false,"campfire_choices":[{"floor":6,"key":"RECALL"},{"data":"Cleave","floor":10,"key":"SMITH"},{"data":"Run Through","floor":13,"key":"SMITH"},{"floor":25,"key":"REST"},{"data":"Rage","floor":29,"key":"SMITH"},{"data":"Rampage","floor":31,"key":"SMITH"},{"floor":34,"key":"REST"},{"data":"Blind","floor":42,"key":"SMITH"},{"floor":51,"key":"REST"},{"data":"Demon Form","floor":54,"key":"SMITH"}],"circlet_count":0,"master_deck":["Strike_R","Defend_R","Bash","Run Through+1","ReplayTheSpireMod:Muscle Training+1","Cleave+1","Rage+1","Rampage+1","Power Through+1","Twin Strike","Double Tap","Clash","Fiend Fire","Warcry+1","Rupture+1","Offering+1","Pommel Strike+1","Blind+1","ReplayTheSpireMod:Limb From Limb","ReplayTheSpireMod:Stacked","Hemokinesis","Demon Form+1","Feel No Pain+1","Rupture","Run Through+1"],"relics":["Burning Blood","ReplayTheSpireMod:Ring of Challenge","Ring of Fury","Mirror","Pocketwatch","Empty Cage","PreservedInsect","ReplayTheSpireMod:CursedCoin","Replay:Rubber Ducky","CaptainsWheel","Sozu","Ice Cream","Mercury Hourglass","Quantum Egg"],"acts_visited":["Exordium","TheCity","TheBeyond","TheEnding"],"potions_floor_usage":[15,24,27,27,35],"damage_taken":[{"damage":7.0,"enemies":"Small Slimes","floor":1.0,"turns":4.0},{"damage":2,"enemies":"2 Louse","floor":4,"turns":3},{"damage":7,"enemies":"Cultist","floor":5,"turns":3},{"damage":25,"enemies":"3 Louse","floor":12,"turns":3},{"damage":11,"enemies":"Exordium Thugs","floor":15,"turns":4},{"damage":13,"enemies":"Blue Slaver","floor":16,"turns":2},{"damage":66,"enemies":"Fading Forest","floor":18,"turns":11},{"damage":11,"enemies":"Chosen","floor":20,"turns":3},{"damage":30,"enemies":"Shell Parasite","floor":21,"turns":3},{"damage":0,"enemies":"Cultist and Chosen","floor":24,"turns":1},{"damage":31,"enemies":"Book of Stabbing","floor":27,"turns":3},{"damage":1,"enemies":"Snake Plant","floor":30,"turns":2},{"damage":5,"enemies":"Snecko","floor":32,"turns":3},{"damage":30,"enemies":"Champ","floor":35,"turns":9},{"damage":20,"enemies":"3 Darklings","floor":37,"turns":4},{"damage":7,"enemies":"3 Shapes","floor":39,"turns":2},{"damage":10,"enemies":"Nemesis","floor":43,"turns":3},{"damage":6,"enemies":"Maw","floor":46,"turns":5},{"damage":14,"enemies":"Sphere and 2 Shapes","floor":47,"turns":3},{"damage":19,"enemies":"Jaw Worm Horde","floor":48,"turns":4},{"damage":10,"enemies":"4 Shapes","floor":50,"turns":2},{"damage":31,"enemies":"Time Eater","floor":52,"turns":7},{"damage":58,"enemies":"Shield and Spear","floor":56,"turns":4},{"damage":38,"enemies":"The Heart","floor":57,"turns":2}],"seed_played":"5625522882037940364","potions_obtained":[{"floor":1.0,"key":"SmokeBomb"},{"floor":4,"key":"SkillPotion"},{"floor":20,"key":"SkillPotion"},{"floor":21,"key":"SneckoOil"},{"floor":32,"key":"SteroidPotion"}],"is_trial":false,"path_per_floor":["M","?","$","M","M","R","PTL","PTL","?","R","T","M","R","$","M","M","R","B",null,"M","M","?","$","M","R","?","E","T","R","M","R","M","?","R","B",null,"M","?","M","?","?","R","E","$","T","M","M","M","?","M","R","B",null,"R","$","E","B"],"character_chosen":"IRONCLAD","items_purchased":["ReplayTheSpireMod:Muscle Training+1","Rampage","ReplayTheSpireMod:CursedCoin","Fiend Fire","ReplayTheSpireMod:Limb From Limb","ReplayTheSpireMod:Stacked","Mercury Hourglass","Rupture"],"campfire_rested":3,"item_purchase_floors":[3,14,23,23,44,44,44,55],"current_hp_per_floor":[79,79,79,80,79,79,79,79,79,79,79,60,60,60,55,48,72,22,80,75,51,51,51,57,80,80,55,55,55,60,60,61,61,80,56,80,66,66,65,65,65,65,61,61,61,61,53,40,40,36,60,35,80,80,80,28,0,0],"gold":42,"neow_bonus":"RANDOM_EVENT","is_daily":false,"chose_seed":false,"campfire_upgraded":6,"win_rate":0.0,"timestamp":1611476216,"path_taken":["M","?","$","M","M","R","PTL","PTL","?","R","T","M","R","$","M","M","R","BOSS","M","M","?","$","M","R","?","E","T","R","M","R","M","?","R","BOSS","M","?","M","?","?","R","E","$","T","M","?","M","?","M","R","BOSS","R","$","E","BOSS"],"items_purchased_type":["Card","Card","Relic","Card","Card","Card","Relic","Card"],"build_version":"2020-12-22","purchased_purges":3,"victory":false,"max_hp_per_floor":[80,80,80,80,80,80,80,80,80,80,80,80,80,80,80,80,80,80,80,80,80,80,80,80,80,80,80,80,80,80,80,80,80,80,80,80,80,80,80,80,80,80,80,80,80,80,80,80,80,80,80,80,80,80,80,80,80,80],"card_choices":[{"not_picked":["Battle Trance","Life Link"],"picked":"Run Through","floor":1.0},{"not_picked":["Armaments","Wild Strike"],"picked":"Cleave","floor":4},{"not_picked":["Heavy Blade","Anger","Thunderclap"],"picked":"SKIP","floor":5},{"not_picked":["Metallicize","Massacre"],"picked":"Rage","floor":12},{"not_picked":["ReplayTheSpireMod:Strike From Hell","Hemokinesis"],"picked":"Power Through","floor":15},{"not_picked":["ReplayTheSpireMod:Strike From Hell","Thunderclap"],"picked":"Twin Strike","floor":16},{"not_picked":["Fiend Fire","Impervious"],"picked":"Double Tap","floor":18},{"not_picked":["Twin Strike","Warcry","Thunderclap"],"picked":"SKIP","floor":20},{"not_picked":["Burning Pact+1","Perfected Strike"],"picked":"Clash","floor":21},{"not_picked":["Twin Strike","Rampage","Impervious"],"picked":"SKIP","floor":27},{"not_picked":["ReplayTheSpireMod:Limb From Limb","Combust"],"picked":"Warcry+1","floor":30},{"not_picked":["ReplayReversal+1","Clothesline+1"],"picked":"Rupture+1","floor":32},{"not_picked":["Eclipse","Fiend Fire"],"picked":"Offering","floor":35},{"not_picked":["Evolve+1","Replay:Undeath\u0027s Touch","Clothesline"],"picked":"SKIP","floor":37},{"not_picked":["True Grit+1","Twin Strike"],"picked":"Pommel Strike+1","floor":39},{"not_picked":["HandOfGreed","PanicButton"],"picked":"Blind","floor":40},{"not_picked":["Body Slam+1","Perfected Strike+1","Evolve"],"picked":"SKIP","floor":43},{"not_picked":["Anger","Entrench"],"picked":"Hemokinesis","floor":46},{"not_picked":["ReplayTheSpireMod:LeadingStrike+1","Sever Soul"],"picked":"Demon Form","floor":47},{"not_picked":["Replay:Undeath\u0027s Touch","Wild Strike"],"picked":"Feel No Pain+1","floor":48},{"not_picked":["Carnage+1","Searing Blow","Evolve+1"],"picked":"SKIP","floor":50},{"not_picked":["Rupture","Life Link+1"],"picked":"Run Through+1","floor":56}],"player_experience":175380,"relics_obtained":[{"floor":9,"key":"ReplayTheSpireMod:Ring of Challenge"},{"floor":9,"key":"Ring of Fury"},{"floor":11,"key":"Mirror"},{"floor":18,"key":"Pocketwatch"},{"floor":27,"key":"Replay:Rubber Ducky"},{"floor":28,"key":"CaptainsWheel"},{"floor":43,"key":"Ice Cream"},{"floor":56,"key":"Quantum Egg"}],"event_choices":[{"damage_healed":0,"gold_gain":0,"player_choice":"Ignored","damage_taken":0,"max_hp_gain":0,"max_hp_loss":0,"event_name":"Shining Light","floor":2,"gold_loss":0},{"damage_healed":0,"gold_gain":0,"player_choice":"Opened","damage_taken":0,"relics_obtained":["PreservedInsect"],"max_hp_gain":0,"max_hp_loss":0,"event_name":"The Mausoleum","floor":22,"gold_loss":0},{"cards_removed":["Strike_R"],"damage_healed":0,"gold_gain":0,"player_choice":"Gave Gold","damage_taken":0,"max_hp_gain":0,"max_hp_loss":0,"event_name":"Beggar","floor":26,"gold_loss":75},{"damage_healed":0,"gold_gain":99,"player_choice":"Stole From Cult","damage_taken":0,"max_hp_gain":0,"max_hp_loss":0,"event_name":"Nest","floor":33,"gold_loss":0},{"damage_healed":0,"gold_gain":0,"player_choice":"Ignored","damage_taken":0,"max_hp_gain":0,"max_hp_loss":0,"event_name":"Tomb of Lord Red Mask","floor":38,"gold_loss":0},{"damage_healed":0,"gold_gain":0,"player_choice":"Memory 1","damage_taken":0,"max_hp_gain":0,"max_hp_loss":0,"event_name":"SensoryStone","floor":40,"gold_loss":0},{"damage_healed":0,"gold_gain":0,"player_choice":"Forge","damage_taken":0,"max_hp_gain":0,"max_hp_loss":0,"event_name":"Accursed Blacksmith","floor":41,"gold_loss":0,"cards_upgraded":["Offering"]},{"cards_removed":["Defend_R"],"damage_healed":0,"gold_gain":0,"player_choice":"Removed Skill","damage_taken":0,"max_hp_gain":0,"max_hp_loss":0,"event_name":"Falling","floor":49,"gold_loss":0}],"is_beta":false,"boss_relics":[{"not_picked":["Kintsugi","Velvet Choker"],"picked":"Empty Cage"},{"not_picked":["Pandora\u0027s Box","Tiny House"],"picked":"Sozu"}],"items_purged_floors":[14,23,44],"is_endless":false,"potions_floor_spawned":[1,4,20,21,32,46,47,50,56],"killed_by":"The Heart","ascension_level":0}}