{"host":"gudagy66iu284b8o","time":1611457697,"event":{"mods":["Aspiration","BaseMod","Colored Powertips","Downfall","Highlight Path","Marisa£®ÏF”Í°°ƒß¿Ì…≥£©","Minty Spire (QoL Compilation)","Remilia£®¿Ÿ√◊¿Ú—«£©","Replay The Spire","StSLib","WarShipGirlsR/’ΩΩ¢…Ÿ≈ÆR mod","Youmu£®ªÍ∆«—˝√Œ£©","Yuri Mod"],"gold_per_floor":[99,111,111,286,30,30,75,75,75],"floor_reached":8,"language":"ZHS","playtime":486,"items_purged":[],"score":42,"play_id":"4c232428-8f1e-4aa7-b459-720a071ad4b5","local_time":"20210124110817","is_ascension_mode":false,"campfire_choices":[{"data":"SlashOfPresentWorld","floor":1,"key":"SMITH"},{"data":"SwordExtraction","floor":6,"key":"SMITH"}],"circlet_count":0,"master_deck":["Strike_YM","Strike_YM","Strike_YM","Strike_YM","Defend_YM","Defend_YM","Defend_YM","Defend_YM","SlashOfPresentWorld+1","WheelOfPainOfLivingAndDead","HumanRealmSword","Regret","Doubt","SwordExtraction+1"],"relics":["HalfPhantom","Replay:Accelerometer","Replay:Ringing Soul","Ancient Tea Set"],"acts_visited":["Exordium"],"potions_floor_usage":[],"damage_taken":[{"damage":4,"enemies":"Jaw Worm","floor":2,"turns":4},{"damage":2,"enemies":"downfall:FleeingMerchant","floor":5,"turns":4},{"damage":76,"enemies":"Lagavulin","floor":8,"turns":10}],"seed_played":"-7937977627404569096","potions_obtained":[],"is_trial":false,"path_per_floor":["R","M","?","?","$","R","T","E"],"character_chosen":"YOUMU","items_purchased":["Replay:Ringing Soul"],"campfire_rested":0,"item_purchase_floors":[5],"current_hp_per_floor":[82,78,78,78,76,76,76,0,0],"gold":75,"neow_bonus":"TEN_PERCENT_HP_BONUS","is_daily":false,"chose_seed":false,"campfire_upgraded":2,"win_rate":0.0,"timestamp":1611457697,"path_taken":["R","M","?","?","?","R","T","E"],"items_purchased_type":["Relic"],"build_version":"2020-12-22","purchased_purges":0,"victory":false,"max_hp_per_floor":[82,82,82,82,82,82,82,82,82],"card_choices":[{"not_picked":["ConstancyOfTheConventionalTruth","ObsessionSword"],"picked":"HumanRealmSword","floor":2},{"not_picked":["TwoHundredYojanaInOneSlash","LifeCuttingSword"],"picked":"SwordExtraction","floor":5}],"player_experience":10613,"relics_obtained":[{"floor":7,"key":"Ancient Tea Set"}],"event_choices":[{"damage_healed":0,"gold_gain":0,"player_choice":"Box","damage_taken":0,"relics_obtained":["Replay:Accelerometer"],"max_hp_gain":0,"max_hp_loss":0,"event_name":"Big Fish","floor":3,"gold_loss":0,"cards_obtained":["Regret"]}],"is_beta":false,"boss_relics":[],"items_purged_floors":[],"is_endless":false,"potions_floor_spawned":[],"killed_by":"Lagavulin","ascension_level":0}}