{"host":"1dz819zv7fs9tsdy","time":1611447670,"event":{"mods":["AchievementEnabler","BaseMod","Colored Powertips","Curses Come First","Minty Spire (QoL Compilation)","Rare Cards Sparkle","StSLib"],"gold_per_floor":[113,126,24,24,34,62,62,91,115,131,159,159,159,187,187,288,288,298,298,55,4,20,47,61,92,115,55,89,106,206,254,254,351,351,365,365,375,1374,1391,1421,815,815,864,864,864,877,891,481,481,481,481,481,86,115,115],"floor_reached":56,"language":"ENG","playtime":5425,"items_purged":["Normality","Normality"],"score":1490,"play_id":"7ac46bce-706e-4591-bb19-6e2f4e91a37d","local_time":"20210124002110","is_ascension_mode":true,"campfire_choices":[{"data":"Crippling Poison","floor":7,"key":"SMITH"},{"floor":12,"key":"REST"},{"floor":15,"key":"REST"},{"floor":32,"key":"REST"},{"floor":49,"key":"RECALL"},{"data":"Wraith Form v2","floor":52,"key":"SMITH"}],"circlet_count":0,"master_deck":["Strike_G","Defend_G","Defend_G","Defend_G","Defend_G","Defend_G","Survivor","Neutralize","Backflip","Heel Hook","Poisoned Stab","Crippling Poison+1","Deadly Poison","Calculated Gamble+1","Deadly Poison","Deflect","Wraith Form v2","Eviscerate","Malaise","Skewer+1","Necronomicurse","Poisoned Stab","Bouncing Flask","Blur","Acrobatics+1","Catalyst+1","Slice","Noxious Fumes","Predator+1","Venomology","Bandage Up","Master of Strategy","Discovery","Poisoned Stab+1","Poisoned Stab+1","Deadly Poison+1","Wraith Form v2+1","Doubt","Parasite","PiercingWail","PiercingWail+1","PiercingWail+1","Venomology","Predator","Well Laid Plans+1"],"relics":["Philosopher\u0027s Stone","Ancient Tea Set","Centennial Puzzle","Juzu Bracelet","Boot","FossilizedHelix","Velvet Choker","Necronomicon","Paper Crane","Gremlin Horn","Singing Bowl","Tiny Chest","Red Mask","Tough Bandages","InkBottle","PreservedInsect","Cursed Key","Bronze Scales","Bottled Lightning","Regal Pillow","TwistedFunnel","Bird Faced Urn","Strawberry","Orrery","Lantern","Oddly Smooth Stone"],"acts_visited":["Exordium","TheCity","TheBeyond","TheEnding"],"potions_floor_usage":[11,14,16,23,25,30,30,30,37,37,37,47,47,50,50,50,50,55,55,55],"damage_taken":[{"damage":5,"enemies":"Cultist","floor":1,"turns":5},{"damage":0,"enemies":"Small Slimes","floor":2,"turns":5},{"damage":3,"enemies":"2 Louse","floor":5,"turns":2},{"damage":16,"enemies":"Lagavulin","floor":6,"turns":6},{"damage":9,"enemies":"Gremlin Nob","floor":8,"turns":3},{"damage":8,"enemies":"Exordium Thugs","floor":10,"turns":3},{"damage":11,"enemies":"Lagavulin","floor":11,"turns":4},{"damage":27,"enemies":"3 Sentries","floor":14,"turns":7},{"damage":0,"enemies":"The Guardian","floor":16,"turns":8},{"damage":0,"enemies":"Chosen","floor":18,"turns":4},{"damage":0,"enemies":"Shell Parasite","floor":22,"turns":3},{"damage":13,"enemies":"Slavers","floor":23,"turns":4},{"damage":1,"enemies":"Shelled Parasite and Fungi","floor":24,"turns":4},{"damage":11,"enemies":"Book of Stabbing","floor":25,"turns":5},{"damage":21,"enemies":"Masked Bandits","floor":28,"turns":4},{"damage":0,"enemies":"Centurion and Healer","floor":29,"turns":5},{"damage":1,"enemies":"Colosseum Slavers","floor":30,"turns":3},{"damage":0,"enemies":"Colosseum Nobs","floor":30,"turns":2},{"damage":23,"enemies":"Collector","floor":33,"turns":7},{"damage":0,"enemies":"Orb Walker","floor":35,"turns":3},{"damage":0,"enemies":"3 Darklings","floor":37,"turns":4},{"damage":2,"enemies":"4 Shapes","floor":39,"turns":8},{"damage":4,"enemies":"Giant Head","floor":40,"turns":5},{"damage":2,"enemies":"Sphere and 2 Shapes","floor":46,"turns":3},{"damage":7,"enemies":"Jaw Worm Horde","floor":47,"turns":3},{"damage":20,"enemies":"Awakened One","floor":50,"turns":9},{"damage":3,"enemies":"Shield and Spear","floor":54,"turns":4},{"damage":59,"enemies":"The Heart","floor":55,"turns":9}],"seed_played":"-4336106700607544852","potions_obtained":[{"floor":6,"key":"ColorlessPotion"},{"floor":8,"key":"Strength Potion"},{"floor":11,"key":"AttackPotion"},{"floor":14,"key":"BlessingOfTheForge"},{"floor":24,"key":"DistilledChaos"},{"floor":25,"key":"Explosive Potion"},{"floor":28,"key":"Energy Potion"},{"floor":29,"key":"AttackPotion"},{"floor":33,"key":"BlessingOfTheForge"},{"floor":37,"key":"Fruit Juice"},{"floor":39,"key":"Block Potion"}],"is_trial":false,"path_per_floor":["M","M","$","?","M","E","R","E","T","M","E","R","?","E","R","B",null,"M","?","$","$","M","E","M","E","T","?","?","M","?","T","R","B",null,"M","?","M","?","M","E","$","?","T","T","?","M","M","$","R","B",null,"R","$","E","B",null],"character_chosen":"THE_SILENT","items_purchased":["Poisoned Stab","Crippling Poison","Paper Crane","Poisoned Stab","Bottled Lightning","Regal Pillow","TwistedFunnel","GhostInAJar","Strawberry","Orrery","Lantern","GhostInAJar","Dexterity Potion"],"campfire_rested":3,"item_purchase_floors":[3,3,20,21,41,41,41,48,48,48,53,53,53],"current_hp_per_floor":[65,65,65,65,62,46,46,37,37,29,18,39,32,5,26,26,70,70,54,54,54,54,41,40,29,29,29,10,10,11,11,33,10,74,76,66,71,71,73,73,73,73,73,73,73,81,80,87,87,71,90,90,90,91,43],"gold":115,"neow_bonus":"BOSS_RELIC","is_daily":false,"chose_seed":false,"campfire_upgraded":2,"win_rate":0.0,"timestamp":1611447670,"path_taken":["M","?","$","?","M","E","R","E","T","M","E","R","?","E","R","BOSS","M","?","?","$","M","E","M","E","T","?","?","M","?","?","R","BOSS","M","?","M","?","M","E","$","?","T","?","?","M","M","$","R","BOSS","R","$","E","BOSS"],"items_purchased_type":["Card","Card","Relic","Card","Relic","Relic","Relic","Potion","Relic","Relic","Relic","Potion","Potion"],"build_version":"2020-12-22","purchased_purges":2,"victory":true,"max_hp_per_floor":[70,70,70,70,70,70,70,70,70,70,70,70,70,70,70,70,70,70,70,70,70,70,70,70,70,70,70,72,72,74,74,74,74,74,76,76,81,81,81,81,81,81,81,81,81,83,83,90,90,90,90,90,90,92,92],"card_choices":[{"not_picked":["Dodge and Roll","Tactician"],"picked":"Backflip","floor":1},{"not_picked":["Quick Slash","Flechettes"],"picked":"Heel Hook","floor":2},{"not_picked":["Flying Knee","Expertise"],"picked":"Deadly Poison","floor":5},{"not_picked":["Choke","Masterful Stab"],"picked":"Calculated Gamble","floor":6},{"not_picked":["Choke","Flying Knee"],"picked":"Deadly Poison","floor":8},{"not_picked":["Masterful Stab","Prepared"],"picked":"Deflect","floor":10},{"not_picked":["Poisoned Stab","Deflect"],"picked":"Wraith Form v2","floor":11},{"not_picked":["Prepared","Blade Dance"],"picked":"Eviscerate","floor":14},{"not_picked":["Glass Knife","Unload"],"picked":"Malaise","floor":16},{"not_picked":["Dagger Spray","Blade Dance"],"picked":"Skewer+1","floor":18},{"not_picked":["Slice","Cloak And Dagger"],"picked":"Bouncing Flask","floor":22},{"not_picked":["Sucker Punch","Backflip"],"picked":"Blur","floor":23},{"not_picked":["Setup","Dagger Spray"],"picked":"Acrobatics+1","floor":24},{"not_picked":["Blade Dance","Prepared"],"picked":"Catalyst+1","floor":25},{"not_picked":["Calculated Gamble","Concentrate","Dagger Throw+1"],"picked":"Singing Bowl","floor":28},{"not_picked":["Blade Dance","Deadly Poison"],"picked":"Predator+1","floor":29},{"not_picked":["Bane","Dagger Throw","Dagger Spray+1"],"picked":"Singing Bowl","floor":30},{"not_picked":["Wraith Form v2","Corpse Explosion"],"picked":"Venomology","floor":33},{"not_picked":["Backflip","Backstab","Prepared"],"picked":"Singing Bowl","floor":35},{"not_picked":["Enlightenment","Mind Blast"],"picked":"Bandage Up","floor":36},{"not_picked":["Deep Breath","Dramatic Entrance"],"picked":"Master of Strategy","floor":36},{"not_picked":["Madness","Deep Breath"],"picked":"Discovery","floor":36},{"not_picked":["Dagger Spray+1","Deadly Poison"],"picked":"Poisoned Stab+1","floor":37},{"not_picked":["Slice+1","Blur"],"picked":"Poisoned Stab+1","floor":39},{"not_picked":["Dodge and Roll","Glass Knife"],"picked":"Deadly Poison+1","floor":40},{"not_picked":["Dagger Throw","Footwork","Heel Hook"],"picked":"Singing Bowl","floor":46},{"not_picked":["Outmaneuver","Flying Knee"],"picked":"PiercingWail","floor":47},{"not_picked":["Eviscerate","Backstab"],"picked":"PiercingWail+1","floor":48},{"not_picked":["Expertise","Eviscerate"],"picked":"PiercingWail+1","floor":48},{"not_picked":["Blur+1","Prepared+1"],"picked":"Venomology","floor":48},{"not_picked":["Backstab","Blur"],"picked":"Predator","floor":48},{"not_picked":["Prepared+1","Accuracy+1"],"picked":"Well Laid Plans+1","floor":48},{"not_picked":["Bane","Prepared+1","Storm of Steel"],"picked":"Singing Bowl","floor":54}],"player_experience":300919,"relics_obtained":[{"floor":6,"key":"Ancient Tea Set"},{"floor":8,"key":"Centennial Puzzle"},{"floor":9,"key":"Juzu Bracelet"},{"floor":11,"key":"Boot"},{"floor":14,"key":"FossilizedHelix"},{"floor":19,"key":"Necronomicon"},{"floor":23,"key":"Gremlin Horn"},{"floor":25,"key":"Singing Bowl"},{"floor":26,"key":"Tiny Chest"},{"floor":28,"key":"Red Mask"},{"floor":30,"key":"Tough Bandages"},{"floor":30,"key":"InkBottle"},{"floor":31,"key":"PreservedInsect"},{"floor":40,"key":"Bronze Scales"},{"floor":44,"key":"Bird Faced Urn"},{"floor":54,"key":"Oddly Smooth Stone"}],"event_choices":[{"cards_removed":["Strike_G"],"damage_healed":0,"gold_gain":0,"player_choice":"Purged","damage_taken":0,"max_hp_gain":0,"max_hp_loss":0,"event_name":"Purifier","floor":4,"gold_loss":0},{"cards_removed":["Strike_G"],"damage_healed":0,"gold_gain":0,"player_choice":"Card Removal","damage_taken":7,"max_hp_gain":0,"max_hp_loss":0,"event_name":"Golden Wing","floor":13,"gold_loss":0},{"damage_healed":0,"gold_gain":0,"player_choice":"Obtained Book","damage_taken":16,"max_hp_gain":0,"max_hp_loss":0,"event_name":"Cursed Tome","floor":19,"gold_loss":0},{"damage_healed":0,"gold_gain":0,"cards_transformed":["Strike_G","Strike_G"],"player_choice":"Transformed Cards","damage_taken":0,"max_hp_gain":0,"max_hp_loss":0,"event_name":"Designer","floor":27,"gold_loss":60,"cards_obtained":["Slice","Noxious Fumes"]},{"damage_healed":0,"gold_gain":0,"player_choice":"Fought Bandits","damage_taken":0,"max_hp_gain":0,"max_hp_loss":0,"event_name":"Masked Bandits","floor":28,"gold_loss":0},{"damage_healed":0,"gold_gain":0,"player_choice":"Fight","damage_taken":0,"max_hp_gain":0,"max_hp_loss":0,"event_name":"Colosseum","floor":30,"gold_loss":0},{"damage_healed":0,"gold_gain":0,"player_choice":"Fought Nobs","damage_taken":0,"max_hp_gain":0,"max_hp_loss":0,"event_name":"Colosseum","floor":30,"gold_loss":0},{"damage_healed":0,"gold_gain":0,"player_choice":"Memory 3","damage_taken":10,"max_hp_gain":0,"max_hp_loss":0,"event_name":"SensoryStone","floor":36,"gold_loss":0},{"damage_healed":0,"gold_gain":999,"player_choice":"Gold","damage_taken":0,"max_hp_gain":0,"max_hp_loss":0,"event_name":"MindBloom","floor":38,"gold_loss":0,"cards_obtained":["Normality","Normality"]},{"damage_healed":0,"gold_gain":0,"player_choice":"Copied","damage_taken":0,"max_hp_gain":0,"max_hp_loss":0,"event_name":"Duplicator","floor":42,"gold_loss":0,"cards_obtained":["Wraith Form v2"]},{"damage_healed":0,"gold_gain":0,"player_choice":"Upgraded","damage_taken":0,"max_hp_gain":0,"max_hp_loss":0,"event_name":"Upgrade Shrine","floor":45,"gold_loss":0,"cards_upgraded":["Calculated Gamble"]}],"is_beta":false,"boss_relics":[{"not_picked":["Ectoplasm","WristBlade"],"picked":"Velvet Choker"},{"not_picked":["Pandora\u0027s Box","Empty Cage"],"picked":"Cursed Key"}],"items_purged_floors":[41,53],"is_endless":false,"potions_floor_spawned":[6,8,11,14,24,25,28,29,33,37,39,46,54],"ascension_level":2}}