{"host":"rolltorest","time":1611453119,"event":{"mods":["BaseMod","Minty Spire (QoL Compilation)","Relic Stats","Slay the Relics Exporter","StSLib"],"gold_per_floor":[119,40,115,115,25,50,50,50,75,86,86,386,400,434,434,434,434],"floor_reached":16,"language":"ENG","playtime":336,"items_purged":[],"score":262,"play_id":"69e9d3ba-676d-4d29-adf7-451082e6e0ad","local_time":"20210123175159","is_ascension_mode":true,"campfire_choices":[{"data":"Whirlwind","floor":8,"key":"SMITH"},{"data":"Disarm","floor":15,"key":"SMITH"}],"circlet_count":0,"master_deck":["AscendersBane","Strike_R","Strike_R","Strike_R","Strike_R","Strike_R","Defend_R","Defend_R","Defend_R","Defend_R","Bash","Dropkick","Shockwave","Disarm+1","Whirlwind+1","Carnage","True Grit"],"relics":["Coffee Dripper","Thread and Needle","Old Coin","Darkstone Periapt"],"acts_visited":["Exordium"],"potions_floor_usage":[14],"damage_taken":[{"damage":8,"enemies":"2 Louse","floor":1,"turns":3},{"damage":44,"enemies":"3 Sentries","floor":6,"turns":10},{"damage":0,"enemies":"Jaw Worm","floor":10,"turns":3},{"damage":0,"enemies":"Cultist","floor":13,"turns":3},{"damage":0,"enemies":"Lagavulin","floor":14,"turns":6},{"damage":0,"enemies":"The Guardian","floor":16,"turns":2}],"seed_played":"-5399849207708192284","potions_obtained":[{"floor":6,"key":"CultistPotion"},{"floor":10,"key":"PowerPotion"}],"is_trial":false,"path_per_floor":["M","$","?","?","$","E","$","R","T","M","?","T","M","E","R","B"],"character_chosen":"IRONCLAD","items_purchased":["Shockwave","Disarm"],"campfire_rested":0,"item_purchase_floors":[2,5],"current_hp_per_floor":[60,60,49,49,49,5,5,5,5,5,5,5,5,5,5,5,5],"gold":434,"neow_bonus":"BOSS_RELIC","is_daily":false,"chose_seed":false,"campfire_upgraded":2,"win_rate":0.0,"timestamp":1611453119,"path_taken":["M","$","?","?","$","E","?","R","T","?","?","?","M","E","R","BOSS"],"items_purchased_type":["Card","Card"],"build_version":"2020-12-18","purchased_purges":0,"victory":false,"max_hp_per_floor":[75,75,75,75,75,75,75,75,75,75,75,75,75,75,75,75,75],"relic_stats":{"Darkstone Periapt":0,"counters":[6,27],"obtain_stats":[{"Darkstone Periapt":14,"Thread and Needle":6,"Coffee Dripper":0,"Burning Blood":0,"Old Coin":12},{"Darkstone Periapt":5,"Thread and Needle":2,"Coffee Dripper":0,"Burning Blood":0,"Old Coin":3},{"Darkstone Periapt":25,"Thread and Needle":13,"Coffee Dripper":0,"Burning Blood":0,"Old Coin":16}]},"card_choices":[{"not_picked":["Headbutt","Perfected Strike"],"picked":"Dropkick","floor":1},{"not_picked":["Havoc","Flex"],"picked":"Whirlwind","floor":6},{"not_picked":["Havoc","Heavy Blade","Cleave"],"picked":"SKIP","floor":10},{"not_picked":["Anger","Blood for Blood"],"picked":"Carnage","floor":13},{"not_picked":["Twin Strike","Dual Wield"],"picked":"True Grit","floor":14}],"player_experience":1769157,"relics_obtained":[{"floor":6,"key":"Thread and Needle"},{"floor":12,"key":"Old Coin"},{"floor":14,"key":"Darkstone Periapt"}],"event_choices":[{"damage_healed":0,"gold_gain":75,"player_choice":"Gather Gold","damage_taken":11,"max_hp_gain":0,"max_hp_loss":0,"event_name":"World of Goop","floor":3,"gold_loss":0},{"damage_healed":0,"gold_gain":0,"player_choice":"Ignored","damage_taken":0,"max_hp_gain":0,"max_hp_loss":0,"event_name":"Golden Wing","floor":4,"gold_loss":0},{"damage_healed":0,"gold_gain":0,"player_choice":"Fled","damage_taken":0,"max_hp_gain":0,"max_hp_loss":0,"event_name":"Scrap Ooze","floor":11,"gold_loss":0}],"is_beta":true,"boss_relics":[],"items_purged_floors":[],"is_endless":false,"potions_floor_spawned":[6,10],"killed_by":"The Guardian","ascension_level":20}}