{"host":"684z1xpuwaoqmmh1","time":1611496179,"event":{"mods":["BaseMod","Downfall","Hermit","Jorbs\u0027s Wanderer Trilogy","Marisa????????","Minty Spire (QoL Compilation)","Robot Space Explorer","Shade Mod","StSLib","The Bug Knight","The Cursed","The Dragon Tamer","The Hayseed","The Hierophant","The Marked","The Mystic","The Runesmith","The Senshi"],"gold_per_floor":[118,132,143,93,93,93,127,143,167,181,181,209,227,240,240,335,335,350,365,365,365],"floor_reached":20,"language":"ENG","playtime":1221,"items_purged":[],"score":244,"play_id":"04022b40-606f-40e9-917b-7ca2ffd54f44","local_time":"20210124154939","is_ascension_mode":true,"campfire_choices":[{"data":"TheSimpletonMod:Barnstorm","floor":6.0,"key":"SMITH"},{"data":"TheSimpletonMod:Biorefinement","floor":11,"key":"SMITH"},{"data":"TheSimpletonMod:Squash","floor":15,"key":"SMITH"}],"circlet_count":0,"master_deck":["TheSimpletonMod:Strike_TheSimpleton","TheSimpletonMod:Strike_TheSimpleton","TheSimpletonMod:Strike_TheSimpleton","TheSimpletonMod:Strike_TheSimpleton","TheSimpletonMod:Defend_TheSimpleton","TheSimpletonMod:Defend_TheSimpleton","TheSimpletonMod:Defend_TheSimpleton","TheSimpletonMod:Haymaker","TheSimpletonMod:ReapAndSow","TheSimpletonMod:Barnstorm+1","TheSimpletonMod:SeedCoat","TheSimpletonMod:StockTheCellar","TheSimpletonMod:Squash+1","TheSimpletonMod:RootDown","TheSimpletonMod:Biorefinement+1","TheSimpletonMod:Rake","TheSimpletonMod:Coffee","TheSimpletonMod:PestManagement","TheSimpletonMod:BirdFeeder","TheSimpletonMod:StockTheCellar+1"],"relics":["TheSimpletonMod:SpudOfTheInnocent","TheSimpletonMod:NightSoil","TheSimpletonMod:TheHarvester","Lantern","Lizard Tail","Runesmith:AutoHammer","Fusion Hammer"],"acts_visited":["Exordium","TheCity"],"potions_floor_usage":[12,16,19],"damage_taken":[{"damage":0.0,"enemies":"Small Slimes","floor":1.0,"turns":3.0},{"damage":2.0,"enemies":"Jaw Worm","floor":2.0,"turns":6.0},{"damage":2.0,"enemies":"Cultist","floor":3.0,"turns":5.0},{"damage":25.0,"enemies":"Lagavulin","floor":7.0,"turns":6.0},{"damage":10.0,"enemies":"Lots of Slimes","floor":8.0,"turns":6.0},{"damage":6,"enemies":"Gremlin Gang","floor":10,"turns":4},{"damage":19,"enemies":"3 Sentries","floor":12,"turns":6},{"damage":3,"enemies":"Looter","floor":13,"turns":3},{"damage":0,"enemies":"2 Fungi Beasts","floor":14,"turns":3},{"damage":49,"enemies":"The Guardian","floor":16,"turns":14},{"damage":5,"enemies":"Shell Parasite","floor":18,"turns":5},{"damage":37,"enemies":"3 Byrds","floor":19,"turns":8},{"damage":31,"enemies":"Centurion and Healer","floor":20,"turns":7}],"seed_played":"7872211681951609151","potions_obtained":[{"floor":1.0,"key":"Strength Potion"},{"floor":7.0,"key":"BlessingOfTheForge"},{"floor":10,"key":"SpeedPotion"},{"floor":12,"key":"EssenceOfSteel"},{"floor":13,"key":"Energy Potion"}],"is_trial":false,"path_per_floor":["M","M","M","?","T","R","E","M","T","M","R","E","M","M","R","B",null,"M","M","M"],"character_chosen":"THE_SIMPLETON","items_purchased":[],"campfire_rested":0,"item_purchase_floors":[],"current_hp_per_floor":[72,74,75,75,75,75,50,44,44,42,42,27,28,32,32,26,63,62,41,22,22],"gold":365,"neow_bonus":"ONE_RANDOM_RARE_CARD","is_daily":false,"chose_seed":false,"campfire_upgraded":3,"win_rate":0.0,"timestamp":1611496179,"path_taken":["M","M","M","?","?","R","E","?","T","?","R","E","M","M","R","BOSS","M","?","M"],"items_purchased_type":[],"build_version":"2020-12-22","purchased_purges":0,"victory":false,"max_hp_per_floor":[75,75,75,75,75,75,75,75,75,75,75,75,75,75,75,75,75,75,75,75,75],"card_choices":[{"not_picked":["TheSimpletonMod:SaladShooter","TheSimpletonMod:OnionBloom"],"picked":"TheSimpletonMod:SeedCoat","floor":1.0},{"not_picked":["TheSimpletonMod:SeedCoat","TheSimpletonMod:SlashAndBurn"],"picked":"TheSimpletonMod:StockTheCellar","floor":2.0},{"not_picked":["TheSimpletonMod:Aerate","TheSimpletonMod:CropRotation"],"picked":"TheSimpletonMod:Squash","floor":3.0},{"not_picked":["TheSimpletonMod:Thresh","TheSimpletonMod:Ferment"],"picked":"TheSimpletonMod:RootDown","floor":7.0},{"not_picked":["TheSimpletonMod:CloseScrape","TheSimpletonMod:PestManagement"],"picked":"TheSimpletonMod:Biorefinement","floor":8.0},{"not_picked":["TheSimpletonMod:PestManagement","TheSimpletonMod:SaladShooter"],"picked":"TheSimpletonMod:Rake","floor":10},{"not_picked":["TheSimpletonMod:GoToMarket","TheSimpletonMod:SlashAndBurn"],"picked":"TheSimpletonMod:Coffee","floor":12},{"not_picked":["TheSimpletonMod:CropRotation","TheSimpletonMod:Fertilaser","TheSimpletonMod:SeedCoat"],"picked":"SKIP","floor":13},{"not_picked":["TheSimpletonMod:CullingStrike","TheSimpletonMod:BumperCrop"],"picked":"TheSimpletonMod:PestManagement","floor":14},{"not_picked":["TheSimpletonMod:CropDiversity","TheSimpletonMod:SaltTheEarth"],"picked":"TheSimpletonMod:BirdFeeder","floor":16},{"not_picked":["TheSimpletonMod:CullingStrike+1","TheSimpletonMod:Fertilaser"],"picked":"TheSimpletonMod:StockTheCellar+1","floor":18},{"not_picked":["TheSimpletonMod:ControlledBurn+1","TheSimpletonMod:GoToMarket","TheSimpletonMod:Rake"],"picked":"SKIP","floor":19}],"player_experience":2936883,"relics_obtained":[{"floor":5.0,"key":"Lantern"},{"floor":7.0,"key":"Lizard Tail"},{"floor":12,"key":"Runesmith:AutoHammer"}],"event_choices":[{"cards_removed":["TheSimpletonMod:Defend_TheSimpleton"],"damage_healed":0.0,"max_hp_gain":0.0,"max_hp_loss":0.0,"gold_gain":0.0,"event_name":"The Cleric","player_choice":"Card Removal","floor":4.0,"gold_loss":50.0,"damage_taken":0.0}],"is_beta":false,"boss_relics":[{"not_picked":["Velvet Choker","Runic Pyramid"],"picked":"Fusion Hammer"}],"items_purged_floors":[],"is_endless":false,"potions_floor_spawned":[1,7,10,12,13,14],"killed_by":"Centurion and Healer","ascension_level":6}}