{"host":"32dedufnxebqtmo3","time":1611488775,"event":{"mods":["100% Spire Juice","AchievementEnabler","BaseMod","Better Third Choice","Card Filter","Colored Powertips","Defuse TimeMaze Blight","GifTheSpireLib","Minty Spire (QoL Compilation)","Permanent Neow","Relic Filter","Relic Stats","Remove Card Discount Mod","Shop Mod","StSLib","The Cursed","The Dragonkin","The Marked","Unceasing Turn Reminder"],"gold_per_floor":[116,116,126,26,38,38,52,82,82,82,37,47,47,47],"floor_reached":13,"language":"ENG","playtime":867,"items_purged":[],"score":85,"play_id":"41c02f29-fa64-4f0f-ba31-ce6f204b386d","local_time":"20210124034615","is_ascension_mode":false,"campfire_choices":[{"data":"Moonworks:Ambush","floor":6,"key":"SMITH"},{"floor":10,"key":"REST"}],"circlet_count":0,"master_deck":["Moonworks:Strike","Moonworks:Strike","Moonworks:Strike","Moonworks:Defend","Moonworks:Defend","Moonworks:Defend","Moonworks:Defend","Moonworks:Ambush+1","Moonworks:LongDistanceShot","Moonworks:EvilSpyWorkPreparation","Moonworks:EvilSpyWorkPreparation","Moonworks:EvilSpyWorkPreparation","Moonworks:JonathanRush","Moonworks:UnluckyCharm","Moonworks:CloudOfSeagulls","Moonworks:CookingTime"],"relics":["Moonworks:BrokenBomb","Moonworks:Homemark","Potion Belt","Gremlin Horn"],"acts_visited":["Exordium"],"potions_floor_usage":[8],"damage_taken":[{"damage":1,"enemies":"Cultist","floor":1,"turns":3},{"damage":6,"enemies":"Jaw Worm","floor":3,"turns":4},{"damage":0,"enemies":"2 Louse","floor":5,"turns":2},{"damage":9,"enemies":"Blue Slaver","floor":7,"turns":3},{"damage":16,"enemies":"Gremlin Nob","floor":8,"turns":3},{"damage":16,"enemies":"Exordium Wildlife","floor":12,"turns":3},{"damage":22,"enemies":"3 Sentries","floor":13,"turns":2}],"seed_played":"-6421606300503280678","potions_obtained":[{"floor":1,"key":"GamblersBrew"},{"floor":7,"key":"Strength Potion"}],"is_trial":false,"path_per_floor":["M","$","M","$","M","R","M","E","T","R","?","M","E"],"character_chosen":"THE_STARBREAKER","items_purchased":["Moonworks:EvilSpyWorkPreparation","Moonworks:JonathanRush"],"campfire_rested":1,"item_purchase_floors":[4,4],"current_hp_per_floor":[59,59,53,53,53,53,44,28,28,46,35,19,0,0],"gold":47,"neow_bonus":"REMOVE_CARD","is_daily":false,"chose_seed":false,"campfire_upgraded":1,"win_rate":0.0,"timestamp":1611488775,"path_taken":["M","?","M","$","?","R","M","E","T","R","?","M","E"],"items_purchased_type":["Card","Card"],"build_version":"2020-12-22","purchased_purges":0,"victory":false,"max_hp_per_floor":[60,60,60,60,60,60,60,60,60,60,60,60,60,60],"relic_stats":{"Gremlin Horn":[1,1],"counters":[7,20],"obtain_stats":[{"Potion Belt":8,"Gremlin Horn":9,"Moonworks:Homemark":0,"Moonworks:BrokenBomb":0},{"Potion Belt":5,"Gremlin Horn":5,"Moonworks:Homemark":0,"Moonworks:BrokenBomb":0},{"Potion Belt":15,"Gremlin Horn":15,"Moonworks:Homemark":0,"Moonworks:BrokenBomb":0}]},"card_choices":[{"not_picked":["Moonworks:FullSpeedAlicianrone","Moonworks:LulusLuckyEgg"],"picked":"Moonworks:EvilSpyWorkPreparation","floor":1},{"not_picked":["Moonworks:JonathanRush","Moonworks:ImOnFire"],"picked":"Moonworks:EvilSpyWorkPreparation","floor":3},{"not_picked":["Moonworks:TreasureThief","Moonworks:MixPhenomenon","Moonworks:ImOnFire"],"picked":"SKIP","floor":5},{"not_picked":["Moonworks:PlushieMaster","Moonworks:ExtendedPhotonRifle"],"picked":"Moonworks:UnluckyCharm","floor":7},{"not_picked":["Moonworks:CastOff","Moonworks:ShieldCounter"],"picked":"Moonworks:CloudOfSeagulls","floor":8},{"not_picked":["Moonworks:NicePresent","Moonworks:JonathanRush"],"picked":"Moonworks:CookingTime","floor":12}],"player_experience":707437,"relics_obtained":[{"floor":8,"key":"Potion Belt"},{"floor":9,"key":"Gremlin Horn"}],"event_choices":[{"damage_healed":0,"gold_gain":75,"player_choice":"Gold","damage_taken":11,"max_hp_gain":0,"max_hp_loss":0,"event_name":"betterThird:BetterGoop","floor":11,"gold_loss":0}],"is_beta":false,"boss_relics":[],"items_purged_floors":[],"is_endless":false,"potions_floor_spawned":[1,7],"killed_by":"3 Sentries","ascension_level":0}}