{"host":"0awa854l6bexpjrv","time":1611452171,"event":{"mods":["BaseMod","Block Reminder","Colored Map","Colored Powertips","Downfall","Highlight Path","Minty Spire (QoL Compilation)","Quick Restart","Rare Cards Sparkle","StSLib","SuperFastMode"],"gold_per_floor":[15,25,125,136,36,36,63,63,63,63,63,63,84,109,109,232,232,251,251,251,10,28,28,44,58,58,58,58,58,83,102,102,203,203,221,46,46,63,63,63,76,76,76],"floor_reached":42,"language":"ENG","playtime":1595,"items_purged":["Strike_G","Strike_G"],"score":455,"play_id":"346b6c27-cc96-4a5d-9a59-de49940efb15","local_time":"20210123173611","is_ascension_mode":true,"campfire_choices":[{"data":"Neutralize","floor":6.0,"key":"SMITH"},{"floor":8.0,"key":"REST"},{"data":"Sucker Punch","floor":10.0,"key":"SMITH"},{"data":"Backflip","floor":12.0,"key":"SMITH"},{"data":"Deadly Poison","floor":15.0,"key":"SMITH"},{"data":"Predator","floor":23,"key":"SMITH"},{"floor":28,"key":"REST"},{"floor":32,"key":"REST"},{"floor":40,"key":"REST"}],"circlet_count":0,"master_deck":["Strike_G","Defend_G","Defend_G","Defend_G","Defend_G","Defend_G","Survivor","Neutralize+1","Predator+1","Sucker Punch+1","Flying Knee","Deadly Poison+1","Backflip+1","Die Die Die","Dagger Throw","Heel Hook","Envenom+1","Blade Dance","Dagger Spray+1","Cloak And Dagger+1","Caltrops","Choke","Predator","Corpse Explosion","Footwork+1","Blur","Cloak And Dagger+1","Writhe","Accuracy","PiercingWail+1"],"relics":["Ring of the Serpent","Mercury Hourglass","StrikeDummy","Bloody Idol","Paper Crane","Orichalcum","Question Card","Dream Catcher","Snecko Eye"],"acts_visited":["Exordium","TheCity","TheBeyond"],"potions_floor_usage":[33],"damage_taken":[{"damage":5.0,"enemies":"Jaw Worm","floor":1.0,"turns":3.0},{"damage":0.0,"enemies":"Cultist","floor":2.0,"turns":3.0},{"damage":0.0,"enemies":"2 Louse","floor":4.0,"turns":2.0},{"damage":23.0,"enemies":"Lagavulin","floor":7.0,"turns":8.0},{"damage":0.0,"enemies":"2 Fungi Beasts","floor":13.0,"turns":2.0},{"damage":0.0,"enemies":"Looter","floor":14.0,"turns":2.0},{"damage":12,"enemies":"Slime Boss","floor":16,"turns":8},{"damage":12,"enemies":"3 Byrds","floor":18,"turns":3},{"damage":0,"enemies":"Chosen","floor":22,"turns":4},{"damage":12,"enemies":"Centurion and Healer","floor":24,"turns":5},{"damage":11,"enemies":"Snake Plant","floor":25,"turns":5},{"damage":10,"enemies":"Snecko","floor":31,"turns":4},{"damage":21,"enemies":"Automaton","floor":33,"turns":8},{"damage":23,"enemies":"3 Darklings","floor":35,"turns":2},{"damage":34,"enemies":"3 Shapes","floor":38,"turns":4},{"damage":35,"enemies":"3 Darklings","floor":41,"turns":5},{"damage":32,"enemies":"Writhing Mass","floor":42,"turns":4}],"seed_played":"-1522587645311399508","potions_obtained":[{"floor":7.0,"key":"SpeedPotion"},{"floor":13.0,"key":"Swift Potion"},{"floor":22,"key":"FairyPotion"},{"floor":31,"key":"bronze:BurnAndBuffPotion"},{"floor":38,"key":"sneckomod:MuddlingPotion"}],"is_trial":false,"path_per_floor":["M","M","?","M","$","R","E","R","T","R","?","R","M","M","R","B",null,"M","?","?","$","M","R","M","M","T","T","R","?","T","M","R","B",null,"M","$","?","M","?","R","M","M"],"character_chosen":"THE_SILENT","items_purchased":["Backflip","Paper Crane","Blur"],"campfire_rested":4,"item_purchase_floors":[5,21,36],"current_hp_per_floor":[65,65,65,65,65,65,42,63,63,63,63,63,63,63,63,51,65,53,53,53,53,53,53,41,30,30,30,49,49,54,49,65,49,65,47,47,47,18,34,53,23,19,19],"gold":76,"neow_bonus":"TRANSFORM_TWO_CARDS","is_daily":false,"chose_seed":false,"campfire_upgraded":5,"win_rate":0.0,"timestamp":1611452171,"path_taken":["M","M","?","?","$","R","E","R","T","R","?","R","M","M","R","BOSS","M","?","?","$","?","R","M","M","T","?","R","?","?","M","R","BOSS","M","$","?","M","?","R","M","M"],"items_purchased_type":["Card","Relic","Card"],"build_version":"2020-12-22","purchased_purges":2,"victory":false,"max_hp_per_floor":[70,70,70,70,70,70,70,70,70,70,65,65,65,65,65,65,65,65,65,65,65,65,65,65,65,65,65,65,65,65,65,65,65,65,65,65,65,65,65,65,65,65,65],"card_choices":[{"not_picked":["Outmaneuver","Sucker Punch"],"picked":"Blade Dance","floor":1.0},{"not_picked":["Calculated Gamble","Deadly Poison"],"picked":"Flying Knee","floor":2.0},{"not_picked":["Deflect","Slice"],"picked":"Deadly Poison","floor":4.0},{"not_picked":["Expertise","PiercingWail"],"picked":"Die Die Die","floor":7.0},{"not_picked":["Prepared","Flying Knee"],"picked":"Dagger Throw","floor":13.0},{"not_picked":["Deflect","Dagger Throw"],"picked":"Heel Hook","floor":14.0},{"not_picked":["Burst","Die Die Die"],"picked":"Envenom","floor":16},{"not_picked":["Endless Agony","Flying Knee"],"picked":"Blade Dance","floor":18},{"not_picked":["Cloak And Dagger","Dodge and Roll"],"picked":"Dagger Spray+1","floor":22},{"not_picked":["Flying Knee","Quick Slash","Cloak And Dagger+1"],"picked":"SKIP","floor":24},{"not_picked":["Flying Knee","Quick Slash"],"picked":"Cloak And Dagger+1","floor":24},{"not_picked":["Outmaneuver","All Out Attack"],"picked":"Caltrops","floor":25},{"not_picked":["Reflex","Dagger Throw+1","Underhanded Strike"],"picked":"Choke","floor":31},{"not_picked":["Prepared","Blade Dance","Well Laid Plans"],"picked":"Predator","floor":32},{"not_picked":["After Image","Adrenaline","Glass Knife"],"picked":"Corpse Explosion","floor":33},{"not_picked":["Flechettes+1","Bane","Riddle With Holes"],"picked":"Footwork+1","floor":35},{"not_picked":["Deflect+1","Backflip+1","Underhanded Strike+1"],"picked":"Cloak And Dagger+1","floor":38},{"not_picked":["Deflect","Slice+1","Riddle With Holes"],"picked":"Accuracy","floor":40},{"not_picked":["Backflip","Burst","Deflect+1"],"picked":"PiercingWail+1","floor":41}],"player_experience":619894,"relics_obtained":[{"floor":7.0,"key":"Mercury Hourglass"},{"floor":9.0,"key":"StrikeDummy"},{"floor":26,"key":"Orichalcum"},{"floor":27,"key":"Question Card"},{"floor":30,"key":"Dream Catcher"}],"event_choices":[{"damage_healed":0.0,"max_hp_gain":0.0,"max_hp_loss":0.0,"gold_gain":100.0,"event_name":"Golden Shrine","player_choice":"Pray","floor":3.0,"gold_loss":0.0,"damage_taken":0.0},{"damage_healed":0.0,"max_hp_gain":0.0,"max_hp_loss":5.0,"gold_gain":0.0,"event_name":"Golden Idol","player_choice":"Lose Max HP","floor":11.0,"gold_loss":0.0,"damage_taken":0.0,"relics_obtained":["Golden Idol"]},{"damage_healed":0,"gold_gain":0,"player_choice":"Ignored","damage_taken":0,"max_hp_gain":0,"max_hp_loss":0,"event_name":"Vampires","floor":19,"gold_loss":0},{"damage_healed":0,"gold_gain":0,"player_choice":"Forge","damage_taken":0,"max_hp_gain":0,"max_hp_loss":0,"event_name":"Accursed Blacksmith","floor":20,"gold_loss":0,"cards_upgraded":["Envenom"]},{"damage_healed":0,"gold_gain":0,"player_choice":"Gave Idol","damage_taken":0,"relics_obtained":["Bloody Idol"],"max_hp_gain":0,"max_hp_loss":0,"event_name":"Forgotten Altar","floor":29,"relics_lost":["Golden Idol"],"gold_loss":0},{"cards_removed":["Blade Dance"],"damage_healed":0,"gold_gain":0,"player_choice":"Removed Skill","damage_taken":0,"max_hp_gain":0,"max_hp_loss":0,"event_name":"Falling","floor":37,"gold_loss":0},{"damage_healed":16,"gold_gain":0,"player_choice":"Writhe","damage_taken":0,"max_hp_gain":0,"max_hp_loss":0,"event_name":"Winding Halls","floor":39,"gold_loss":0,"cards_obtained":["Writhe"]}],"is_beta":false,"boss_relics":[{"not_picked":["Fusion Hammer","HoveringKite"],"picked":"Ring of the Serpent"},{"not_picked":["Philosopher\u0027s Stone","SlaversCollar"],"picked":"Snecko Eye"}],"items_purged_floors":[5,36],"is_endless":false,"potions_floor_spawned":[7,13,22,24,31,38,41],"killed_by":"Writhing Mass","ascension_level":3}}