{"host":"kywtqy4o43fs5yna","time":1611476847,"event":{"mods":["AchievementEnabler","Act Like it!","BaseMod","Better Note","BetterRewards","Colored Map","Minty Spire (QoL Compilation)","Quick Restart","Rare Cards Sparkle","StSLib"],"gold_per_floor":[111,123,136,136,136,136,166,166,248,279,279,279,289,304,304,400,400,414,414,117,297,311,341,352,382,382,415,415,430,430,461,461,558,558,578,578,394,394,405,430,430,455,455,455,484,484,494,522,522,522,522,522,51,86,86],"floor_reached":56,"language":"RUS","playtime":4728,"items_purged":["Injury","Parasite"],"score":1844,"play_id":"e3c2db1d-5e03-47c5-ab24-5aff98ee0d9a","local_time":"20210124182727","is_ascension_mode":true,"campfire_choices":[{"data":"Perfected Strike","floor":6,"key":"SMITH"},{"data":"Perfected Strike","floor":8,"key":"SMITH"},{"data":"Infernal Blade","floor":12,"key":"SMITH"},{"data":"Berserk","floor":15,"key":"SMITH"},{"floor":28,"key":"RECALL"},{"data":"Enlightenment","floor":30,"key":"SMITH"},{"data":"Discovery","floor":32,"key":"SMITH"},{"data":"Mayhem","floor":41,"key":"SMITH"},{"data":"Mayhem","floor":44,"key":"SMITH"},{"floor":49,"key":"REST"},{"data":"Madness","floor":52,"key":"SMITH"}],"circlet_count":0,"master_deck":["Strike_R","Strike_R","Strike_R","Strike_R","Strike_R","Defend_R","Defend_R","Defend_R+1","Defend_R+1","Bash","Metallicize","Wild Strike","Perfected Strike+1","Perfected Strike+1","Perfected Strike+1","Infernal Blade+1","Berserk+1","Feed","Inflame","Perfected Strike+1","Enlightenment+1","Discovery+1","Blind","PanicButton","Infernal Blade+1","Cleave+1","Immolate","Perfected Strike+1","Offering","CurseOfTheBell","Mayhem+1","Mayhem+1","Madness+1","Pommel Strike+1","Reaper","Disarm","Spot Weakness","Dark Shackles","Evolve+1","Intimidate+1"],"relics":["Burning Blood","Thread and Needle","Incense Burner","Bag of Preparation","Happy Flower","Regal Pillow","Cursed Key","Membership Card","Lizard Tail","Unceasing Top","StoneCalendar","Singing Bowl","Ginger","Charon\u0027s Ashes","Calling Bell","Orichalcum","Paper Frog","Peace Pipe","Bird Faced Urn","Letter Opener","Dream Catcher","Frozen Egg 2","Shuriken","War Paint","Bronze Scales","Toolbox","Oddly Smooth Stone","CaptainsWheel"],"acts_visited":["Exordium","TheCity","TheBeyond","TheEnding"],"potions_floor_usage":[16,24,25,25,29,29,31,35,40,47,47,55,55,55],"damage_taken":[{"damage":0,"enemies":"Cultist","floor":1,"turns":4},{"damage":0,"enemies":"Jaw Worm","floor":2,"turns":4},{"damage":0,"enemies":"Small Slimes","floor":3,"turns":3},{"damage":2,"enemies":"3 Sentries","floor":7,"turns":8},{"damage":0,"enemies":"Lagavulin","floor":10,"turns":4},{"damage":0,"enemies":"Exordium Wildlife","floor":13,"turns":2},{"damage":0,"enemies":"2 Fungi Beasts","floor":14,"turns":2},{"damage":4,"enemies":"The Guardian","floor":16,"turns":5},{"damage":1,"enemies":"Shell Parasite","floor":18,"turns":2},{"damage":1,"enemies":"3 Byrds","floor":22,"turns":4},{"damage":24,"enemies":"Slavers","floor":23,"turns":5},{"damage":0,"enemies":"Cultist and Chosen","floor":24,"turns":5},{"damage":0,"enemies":"Gremlin Leader","floor":25,"turns":4},{"damage":6,"enemies":"Book of Stabbing","floor":27,"turns":3},{"damage":2,"enemies":"Shelled Parasite and Fungi","floor":29,"turns":2},{"damage":0,"enemies":"Slavers","floor":31,"turns":2},{"damage":41,"enemies":"Collector","floor":33,"turns":6},{"damage":2,"enemies":"3 Darklings","floor":35,"turns":3},{"damage":3,"enemies":"3 Shapes","floor":39,"turns":3},{"damage":1,"enemies":"Reptomancer","floor":40,"turns":1},{"damage":28,"enemies":"Giant Head","floor":42,"turns":6},{"damage":32,"enemies":"Nemesis","floor":45,"turns":5},{"damage":20,"enemies":"Writhing Mass","floor":47,"turns":3},{"damage":7,"enemies":"Giant Head","floor":48,"turns":5},{"damage":116,"enemies":"Awakened One","floor":50,"turns":11},{"damage":25,"enemies":"Shield and Spear","floor":54,"turns":3},{"damage":168,"enemies":"The Heart","floor":55,"turns":6}],"seed_played":"-2831527109168779052","potions_obtained":[{"floor":13,"key":"SteroidPotion"},{"floor":14,"key":"HeartOfIron"},{"floor":23,"key":"Strength Potion"},{"floor":24,"key":"EntropicBrew"},{"floor":29,"key":"LiquidBronze"},{"floor":31,"key":"Fire Potion"},{"floor":35,"key":"Explosive Potion"},{"floor":39,"key":"GamblersBrew"},{"floor":48,"key":"Dexterity Potion"},{"floor":54,"key":"GamblersBrew"}],"is_trial":false,"path_per_floor":["M","M","M","?","?","R","E","R","T","E","?","R","M","M","R","B",null,"M","?","$","?","M","E","M","E","T","E","R","M","R","E","R","B",null,"M","?","$","?","M","E","R","E","T","R","E","?","M","E","R","B",null,"R","$","E","B",null],"character_chosen":"IRONCLAD","items_purchased":["Thread and Needle","Metallicize","Membership Card","Lizard Tail","Bird Faced Urn","Bronze Scales","PowerPotion","Toolbox","Oddly Smooth Stone","Disarm","Spot Weakness","Dark Shackles","Evolve+1"],"campfire_rested":1,"item_purchase_floors":[0,0,20,20,37,53,53,53,53,53,53,53,53],"current_hp_per_floor":[61,67,73,73,66,66,70,70,70,76,76,76,80,80,80,80,80,80,80,80,31,39,21,30,36,36,36,36,45,45,53,53,18,93,95,87,87,75,80,87,87,73,73,73,59,59,50,67,107,14,107,107,104,97,18],"gold":86,"neow_bonus":"","is_daily":false,"chose_seed":false,"campfire_upgraded":9,"win_rate":0.0,"timestamp":1611476847,"path_taken":["M","M","?","?","?","R","E","R","T","E","?","R","?","M","R","BOSS","M","?","$","?","?","E","M","E","T","E","R","M","R","E","R","BOSS","M","?","$","?","M","E","R","E","T","R","E","?","M","E","R","BOSS","R","$","E","BOSS"],"items_purchased_type":["Relic","Card","Relic","Relic","Relic","Relic","Potion","Relic","Relic","Card","Card","Card","Card"],"build_version":"2020-12-22","purchased_purges":2,"victory":true,"max_hp_per_floor":[80,80,80,80,80,80,80,80,80,80,80,80,80,80,80,80,80,80,80,80,80,83,83,86,86,86,86,86,91,91,93,93,93,93,95,97,97,97,97,99,99,99,99,99,101,101,103,105,107,107,107,107,104,107,107],"card_choices":[{"not_picked":["Havoc","Thunderclap"],"picked":"Wild Strike","floor":1},{"not_picked":["Iron Wave","Pommel Strike"],"picked":"Perfected Strike","floor":2},{"not_picked":["Iron Wave","Headbutt"],"picked":"Perfected Strike","floor":3},{"not_picked":["Clothesline","Shrug It Off"],"picked":"Perfected Strike","floor":7},{"not_picked":["Body Slam","Heavy Blade"],"picked":"Infernal Blade","floor":10},{"not_picked":["Evolve","Blood for Blood"],"picked":"Berserk","floor":13},{"not_picked":["Flame Barrier","Seeing Red","Burning Pact"],"picked":"SKIP","floor":14},{"not_picked":["Double Tap","Brutality"],"picked":"Feed","floor":16},{"not_picked":["Shrug It Off","Second Wind"],"picked":"Inflame","floor":18},{"not_picked":["Thunderclap","Anger"],"picked":"Infernal Blade+1","floor":22},{"not_picked":["Sever Soul","Warcry+1"],"picked":"Cleave+1","floor":23},{"not_picked":["Sever Soul","True Grit","Armaments"],"picked":"SKIP","floor":24},{"not_picked":["Carnage","Metallicize"],"picked":"Immolate","floor":25},{"not_picked":["Rage+1","Clothesline"],"picked":"Perfected Strike+1","floor":27},{"not_picked":["Sever Soul","Intimidate","Heavy Blade"],"picked":"Singing Bowl","floor":29},{"not_picked":["Burning Pact","Armaments","Sever Soul"],"picked":"Singing Bowl","floor":31},{"not_picked":["Feed","Berserk"],"picked":"Offering","floor":33},{"not_picked":["Armaments+1","Flex+1","Evolve"],"picked":"Singing Bowl","floor":35},{"not_picked":["Jack Of All Trades","The Bomb","Panache"],"picked":"Singing Bowl","floor":36},{"not_picked":["Chrysalis","Jack Of All Trades"],"picked":"Mayhem","floor":36},{"not_picked":["Discovery","Trip"],"picked":"Mayhem","floor":36},{"not_picked":["Warcry","True Grit+1"],"picked":"Pommel Strike+1","floor":39},{"not_picked":["Power Through+1","Shrug It Off+1","Ghostly Armor"],"picked":"Singing Bowl","floor":40},{"not_picked":["Bludgeon","Inflame+1"],"picked":"Reaper","floor":42},{"not_picked":["Sword Boomerang","Entrench","Shrug It Off+1"],"picked":"Singing Bowl","floor":45},{"not_picked":["Sentinel+1","Burning Pact+1","Clothesline+1"],"picked":"Singing Bowl","floor":47},{"not_picked":["Burning Pact+1","Thunderclap+1","Offering"],"picked":"Singing Bowl","floor":48},{"not_picked":["Feel No Pain+1","Heavy Blade+1","Flex"],"picked":"Singing Bowl","floor":49},{"not_picked":["Bludgeon","Thunderclap+1"],"picked":"Intimidate+1","floor":54}],"player_experience":174405,"relics_obtained":[{"floor":7,"key":"Happy Flower"},{"floor":10,"key":"Regal Pillow"},{"floor":23,"key":"Unceasing Top"},{"floor":25,"key":"StoneCalendar"},{"floor":26,"key":"Singing Bowl"},{"floor":27,"key":"Ginger"},{"floor":31,"key":"Charon\u0027s Ashes"},{"floor":34,"key":"Orichalcum"},{"floor":34,"key":"Paper Frog"},{"floor":34,"key":"Peace Pipe"},{"floor":40,"key":"Letter Opener"},{"floor":42,"key":"Dream Catcher"},{"floor":43,"key":"Frozen Egg 2"},{"floor":45,"key":"Shuriken"},{"floor":48,"key":"War Paint"},{"floor":54,"key":"CaptainsWheel"}],"event_choices":[{"damage_healed":0,"gold_gain":0,"player_choice":"Grow","damage_taken":0,"max_hp_gain":0,"max_hp_loss":0,"event_name":"Living Wall","floor":4,"gold_loss":0,"cards_upgraded":["Perfected Strike"]},{"damage_healed":0,"gold_gain":0,"player_choice":"Success","damage_taken":7,"relics_obtained":["Bag of Preparation"],"max_hp_gain":0,"max_hp_loss":0,"event_name":"Scrap Ooze","floor":5,"gold_loss":0},{"damage_healed":0,"gold_gain":0,"player_choice":"Bought 0 Potions","damage_taken":0,"max_hp_gain":0,"max_hp_loss":0,"event_name":"The Woman in Blue","floor":11,"gold_loss":0},{"damage_healed":0,"gold_gain":0,"player_choice":"Copied","damage_taken":0,"max_hp_gain":0,"max_hp_loss":0,"event_name":"Duplicator","floor":19,"gold_loss":0,"cards_obtained":["Perfected Strike"]},{"damage_healed":0,"gold_gain":180,"player_choice":"CARD CARD CARD GOLD GOLD CARD ","damage_taken":49,"max_hp_gain":0,"max_hp_loss":0,"event_name":"Knowing Skull","floor":21,"potions_obtained":[],"gold_loss":0,"cards_obtained":["Enlightenment","Discovery","Blind","PanicButton"]},{"damage_healed":0,"gold_gain":0,"player_choice":"Memory 3","damage_taken":10,"max_hp_gain":0,"max_hp_loss":0,"event_name":"SensoryStone","floor":36,"gold_loss":0},{"damage_healed":0,"gold_gain":0,"player_choice":"Embrace Madness","damage_taken":12,"max_hp_gain":0,"max_hp_loss":0,"event_name":"Winding Halls","floor":38,"gold_loss":0,"cards_obtained":["Madness","Madness"]},{"cards_removed":["Madness"],"damage_healed":0,"gold_gain":0,"player_choice":"Removed Skill","damage_taken":0,"max_hp_gain":0,"max_hp_loss":0,"event_name":"Falling","floor":46,"gold_loss":0}],"is_beta":false,"boss_relics":[{"not_picked":["Runic Cube","Ectoplasm"],"picked":"Cursed Key"},{"not_picked":["SacredBark","Sozu"],"picked":"Calling Bell"}],"items_purged_floors":[37,53],"is_endless":false,"potions_floor_spawned":[13,14,23,24,25,29,31,35,39,48,54],"ascension_level":1}}