{"host":"wahmi3v2b4ozu27r","time":1611481146,"event":{"mods":["AchievementEnabler","Act Like it!","Astrologer","BaseMod","Colored Powertips","Energized Spire","Infinite Spire","Minty Spire (QoL Compilation)","Pale of the Ancients","Permanent Neow","Rare Cards Sparkle","Replay The Spire","Shop Mod","Spikes Relics","StSLib","The Animator","The Bug Knight","The Hierophant","The Problem Sleuth","TheBandit","TheFirefly","Trackpad","egg","everything is the same but u backflip on backflip","slay the spire mod where everything is the same but ironclad has a cowboy hat","vexMod"],"gold_per_floor":[116,116,116,129,53,79,92,112,193,218,218,230,230,243,243,347,347,362,382,382,475,475,475],"floor_reached":22,"language":"ENG","playtime":1839,"items_purged":[],"score":186,"play_id":"bec29dd5-30fa-4ec7-99c5-c6e7e868f101","local_time":"20210124043906","is_ascension_mode":false,"campfire_choices":[{"floor":13,"key":"REST"},{"data":"FIFO Queue","floor":15,"key":"SMITH"}],"circlet_count":0,"master_deck":["Strike_B","Strike_B","Strike_B","Strike_B","Defend_B","Defend_B","Defend_B","Defend_B","Zap","Dualcast","Conserve Battery","ReplayTheSpireMod:??????????????????????","Skim","Coolheaded+1","Barrage","Sweeping Beam","FIFO Queue+1","Sweeping Beam","Conserve Battery+1","Sweeping Beam","Machine Learning","Coolheaded"],"relics":["Velvet Choker","infinitespire:Joker Card","Meat on the Bone","energizedSpire:UnstableMolecules","Prayer Wheel","Shovel"],"acts_visited":["Exordium","TheCity"],"potions_floor_usage":[6,16,22],"damage_taken":[{"damage":6,"enemies":"Jaw Worm","floor":1,"turns":4},{"damage":1,"enemies":"2 Louse","floor":4,"turns":3},{"damage":23,"enemies":"3 Sentries","floor":6,"turns":12},{"damage":0,"enemies":"Small Slimes","floor":7,"turns":2},{"damage":4,"enemies":"2 Fungi Beasts","floor":8,"turns":3},{"damage":0,"enemies":"Looter","floor":12,"turns":3},{"damage":1,"enemies":"Large Slime","floor":14,"turns":5},{"damage":39,"enemies":"Hexaghost","floor":16,"turns":9},{"damage":27,"enemies":"Shell Parasite","floor":18,"turns":7},{"damage":7,"enemies":"3 Byrds","floor":19,"turns":4},{"damage":23,"enemies":"Centurion and Healer","floor":22,"turns":2}],"seed_played":"-940231526278382268","potions_obtained":[{"floor":4,"key":"Elixir"},{"floor":6,"key":"SteroidPotion"},{"floor":12,"key":"LiquidBronze"}],"is_trial":false,"path_per_floor":["M","?","?","M","$","E","M","M","T","T","?","M","R","M","R","B",null,"M","M","AVR","?","M"],"character_chosen":"DEFECT","items_purchased":["DistilledChaos"],"campfire_rested":1,"item_purchase_floors":[5],"current_hp_per_floor":[69,69,51,50,50,27,27,23,23,23,23,35,57,56,56,29,75,48,41,41,23,0,0],"gold":475,"neow_bonus":"BOSS_RELIC","is_daily":false,"chose_seed":false,"campfire_upgraded":1,"win_rate":0.0,"timestamp":1611481146,"path_taken":["M","?","?","M","$","E","M","M","T","?","?","M","R","M","R","BOSS","M","M","AVR","?","M"],"items_purchased_type":["Potion"],"build_version":"2020-12-22","purchased_purges":0,"victory":false,"max_hp_per_floor":[75,75,75,75,75,75,75,75,75,75,75,75,75,75,75,75,75,75,75,75,75,75,75],"card_choices":[{"not_picked":["Steam","Capacitor"],"picked":"Conserve Battery","floor":1},{"not_picked":["ReplayTheSpireMod:Black Plague","infinitespire:Fortify"],"picked":"ReplayTheSpireMod:??????????????????????","floor":3},{"not_picked":["Hello World","Storm"],"picked":"Skim","floor":4},{"not_picked":["BasicCrystalCard","Sweeping Beam"],"picked":"Coolheaded","floor":6},{"not_picked":["Steam","ReplayTheSpireMod:System Scan","Streamline"],"picked":"SKIP","floor":7},{"not_picked":["Conserve Battery","Streamline"],"picked":"Barrage","floor":8},{"not_picked":["ReplayTheSpireMod:Reroute Power","Electrodynamics"],"picked":"Sweeping Beam","floor":12},{"not_picked":["Redo","Stack"],"picked":"FIFO Queue","floor":14},{"not_picked":["All For One","Thunder Strike"],"picked":"ReplayTheSpireMod:Fabricate Wheel","floor":16},{"not_picked":["ReplaySolidLightProjector+1","Blizzard+1"],"picked":"Sweeping Beam","floor":18},{"not_picked":["Compile Driver","Redo"],"picked":"Conserve Battery+1","floor":18},{"not_picked":["Streamline","ReplayTheSpireMod:GoodbyeWorld+1"],"picked":"Sweeping Beam","floor":19},{"not_picked":["Time Bomb","Rebound","Redo"],"picked":"SKIP","floor":19},{"not_picked":["ReplayTheSpireMod:System Scan+1","Go for the Eyes"],"picked":"Machine Learning","floor":21},{"not_picked":["FTL","ReplayGash"],"picked":"Coolheaded","floor":21}],"player_experience":34375,"relics_obtained":[{"floor":6,"key":"infinitespire:Joker Card"},{"floor":9,"key":"Meat on the Bone"}],"event_choices":[{"damage_healed":0,"gold_gain":0,"player_choice":"Leave","damage_taken":0,"max_hp_gain":0,"max_hp_loss":0,"event_name":"The Cleric","floor":2,"gold_loss":0}],"is_beta":false,"boss_relics":[{"not_picked":["Replay:Ancient Bell","energizedSpire:NeverEndingSparkler"],"picked":"energizedSpire:UnstableMolecules"}],"items_purged_floors":[],"is_endless":false,"potions_floor_spawned":[4,6,12],"killed_by":"Centurion and Healer","ascension_level":0}}