{"host":"wttmrzzrx8nzm6lv","time":1611489249,"event":{"mods":["Arknights The Spire","BaseMod","Marisa£®ÏF”Í°°ƒß¿Ì…≥£©","Minty Spire (QoL Compilation)","Remilia£®¿Ÿ√◊¿Ú—«£©","StSLib","Youmu£®ªÍ∆«—˝√Œ£©"],"gold_per_floor":[111,111,131,141,156,156,156],"floor_reached":6,"language":"ZHS","playtime":461,"items_purged":[],"score":38,"play_id":"dd0d3a47-f458-45da-8dc7-f46f84f023fc","local_time":"20210124195409","is_ascension_mode":false,"campfire_choices":[],"circlet_count":0,"master_deck":["ats:Strike C","ats:Strike G","ats:Strike V","ats:Armor Crushing Shot","ats:Defend","ats:Defend","ats:Defend","ats:Defend","ats:Emotion Absorption","ats:Song Of Battle","ats:Beaten Up","ats:Hammer On"],"relics":["ats:Sanity","NeowsBlessing"],"acts_visited":["Exordium"],"potions_floor_usage":[5,6],"damage_taken":[{"damage":0.0,"enemies":"Jaw Worm","floor":1.0,"turns":1.0},{"damage":0.0,"enemies":"Cultist","floor":3.0,"turns":1.0},{"damage":0.0,"enemies":"2 Louse","floor":4.0,"turns":1.0},{"damage":28,"enemies":"Exordium Thugs","floor":5,"turns":6},{"damage":61,"enemies":"Gremlin Nob","floor":6,"turns":5}],"seed_played":"8102495324863893917","potions_obtained":[{"floor":1.0,"key":"Swift Potion"},{"floor":4.0,"key":"ColorlessPotion"}],"is_trial":false,"path_per_floor":["M","?","M","M","M","E"],"character_chosen":"DOCTOR_CLASS","items_purchased":[],"campfire_rested":0,"item_purchase_floors":[],"current_hp_per_floor":[72,72,72,72,44,0,0],"gold":156,"neow_bonus":"THREE_ENEMY_KILL","is_daily":false,"chose_seed":false,"campfire_upgraded":0,"win_rate":0.0,"timestamp":1611489249,"path_taken":["M","?","M","?","M","E"],"items_purchased_type":[],"build_version":"2020-12-22","purchased_purges":0,"victory":false,"max_hp_per_floor":[72,72,72,72,72,72,72],"card_choices":[{"not_picked":["ats:Automatic Cover","ats:Demon Strength"],"picked":"ats:Song Of Battle","floor":1.0},{"not_picked":["ats:Assault Order","ats:Explosion Area Strengthen"],"picked":"ats:Beaten Up","floor":3.0},{"not_picked":["ats:Composite Medical Shells","ats:Assault Order","ats:Guardian Obelisk"],"picked":"SKIP","floor":4.0},{"not_picked":["ats:Guard Mode","ats:Red Shift"],"picked":"ats:Hammer On","floor":5}],"player_experience":742683,"relics_obtained":[],"event_choices":[{"cards_removed":["ats:Strike S"],"damage_healed":0.0,"max_hp_gain":0.0,"max_hp_loss":0.0,"gold_gain":0.0,"event_name":"Purifier","player_choice":"Purged","floor":2.0,"gold_loss":0.0,"damage_taken":0.0}],"is_beta":false,"boss_relics":[],"items_purged_floors":[],"is_endless":false,"potions_floor_spawned":[1,4],"killed_by":"Gremlin Nob","ascension_level":0}}