{"host":"takgv9cv6xf64vhq","time":1611495270,"event":{"mods":["BaseMod","Colored Powertips","Downfall","Hubris","LagranYue(拉格朗・月)","Marisa（F雨　魔理沙）","Minty Spire (QoL Compilation)","Replay The Spire","StSLib","The Cursed","The Jungle","TheHeartMod"],"gold_per_floor":[119,119,119,119,119,158,199,238,264,297,315,163,163,338,338,459,459,479,523,448,448,462,462,462,498,521,560,581,179,222,222,307,433,433,457,457,563,563,157,198,143,474,474,499,1,19,19,19,19,19],"floor_reached":51,"language":"ZHS","playtime":3167,"items_purged":["Delirium"],"score":942,"play_id":"bc68a8a9-f5a5-46e3-9036-7cd07b8e08fc","local_time":"20210124213430","daily_mods":["Draft","Vintage","Heirloom","Flight","downfall:Lament","Elite Swarm"],"is_ascension_mode":true,"campfire_choices":[{"data":"Barricade","floor":13,"key":"SMITH"},{"data":"downfall:Bewildered","floor":23,"key":"PURGE"},{"data":"Limit Break","floor":47,"key":"SMITH"},{"data":"ReplayTheSpireMod:Muscle Training","floor":49,"key":"SMITH"}],"circlet_count":0,"master_deck":["Cleave","Entrench","Run Through+1","ReplayTheSpireMod:Stacked","Armaments+1","Shrug It Off+1","Rupture","Cleave","ReplayTheSpireMod:Muscle Training+1","hubris:SharpeningStone","Dual Wield","Replay:Undeath\u0027s Touch","ReplayTheSpireMod:LeadingStrike+1","Headbutt+1","Demon Form","Barricade+1","Reaper","Impervious","Metallicize+1","Reaper","Sword Boomerang","Feel No Pain","Juggernaut","Feed","Limit Break","Spot Weakness","Hemogenesis","Body Slam","Headbutt","Twin Strike+1","Transmutation","Berserk","Panacea","Panacea","Limit Break+1","hubris:EnhanceAbility"],"relics":["Burning Blood","NeowsBlessing","LagranYue:RandomDrawCardRelic","champ:DeflectingBracers","Nunchaku","hubris:Towel","Golden Idol","hubris:Icosahedron","Mercury Hourglass","Paper Frog","ReplayTheSpireMod:Lightbulb","hubris:TenFootPole","Peace Pipe","Pantograph","ReplayTheSpireMod:CursedCoin","Blue Doll","LagranYue:GuideDeadRelic","Snecko Heart","LagranYue:MagicReflectiveArmorRelic","Red Mask","sneckomod:BabySnecko","ReplayTheSpireMod:TigerMarble","Bottled Tornado","Pet Ghost","champ:DuelingGlove","hubris:DeckOfHolding","champ:Barbells","Letter Opener","hubris:DisguiseKit","Centennial Puzzle","LagranYue:ContractPerformanceRelic","hexamod:CandleOfCauterizing","Onion Ring","LagranYue:NewUniverseRelic","Shuriken","Old Coin","HornCleat","sneckomod:BlankCard","hubris:MedicalManual","Pen Nib","Ring of Hypnosis","ReplayTheSpireMod:Ring of Addiction","Chameleon Ring","hubris:EmptyBottle"],"acts_visited":["Exordium","TheCity","TheBeyond"],"potions_floor_usage":[8,16,19,30,33,42,50,50,50,50,50,50],"damage_taken":[{"damage":0,"enemies":"Small Slimes","floor":1,"turns":2},{"damage":0,"enemies":"Gremlin Nob","floor":6,"turns":1},{"damage":0,"enemies":"3 Sentries","floor":7,"turns":1},{"damage":32,"enemies":"Lagavulin","floor":8,"turns":5},{"damage":34,"enemies":"Gremlin Nob","floor":10,"turns":5},{"damage":8,"enemies":"2 Louse","floor":11,"turns":3},{"damage":2,"enemies":"Fading Forest","floor":16,"turns":11},{"damage":1,"enemies":"Spheric Guardian","floor":18,"turns":3},{"damage":32,"enemies":"Masked Bandits","floor":19,"turns":5},{"damage":0,"enemies":"Shell Parasite","floor":22,"turns":7},{"damage":20,"enemies":"Book of Stabbing","floor":25,"turns":6},{"damage":2,"enemies":"Replay:Snechameleon","floor":27,"turns":4},{"damage":1,"enemies":"Cultist and Chosen","floor":28,"turns":3},{"damage":0,"enemies":"Book of Stabbing","floor":30,"turns":6},{"damage":2,"enemies":"Collector","floor":33,"turns":5},{"damage":2,"enemies":"Orb Walker","floor":35,"turns":3},{"damage":2,"enemies":"Nemesis","floor":40,"turns":3},{"damage":1,"enemies":"Giant Head","floor":42,"turns":3},{"damage":5,"enemies":"3 Darklings","floor":46,"turns":3},{"damage":12,"enemies":"Replay:Hell Engine","floor":50,"turns":4}],"seed_played":"-3301409593542185030","potions_obtained":[{"floor":6,"key":"PowerPotion"},{"floor":8,"key":"Dexterity Potion"},{"floor":11,"key":"Swift Potion"},{"floor":18,"key":"Milkshake"},{"floor":27,"key":"champ:CounterPotion"},{"floor":28,"key":"SkillPotion"},{"floor":32,"key":"SkillPotion"},{"floor":32,"key":"Reflective Coating"},{"floor":40,"key":"DuplicationPotion"},{"floor":48,"key":"Adrenaline Potion"},{"floor":48,"key":"EssenceOfSteel"}],"is_trial":true,"path_per_floor":["M","?","?","?","?","E","E","E","T","E","M","$","R","?","R","B",null,"M","?","?","?","M","R","?","E","T","E","M","$","E","?","R","B",null,"M","?","?","?","$","E","$","E","T","T","$","M","R","?","R","B",null],"character_chosen":"IRONCLAD","items_purchased":["ReplayTheSpireMod:CursedCoin","Blue Doll","Metallicize","champ:Barbells","Letter Opener","Onion Ring","LagranYue:NewUniverseRelic","Panacea","hubris:EnhanceAbility","hubris:MedicalManual"],"campfire_rested":0,"item_purchase_floors":[12,12,12,29,29,39,39,41,45,45],"current_hp_per_floor":[80,80,64,64,64,74,74,48,48,26,24,24,24,24,16,69,74,74,54,54,54,70,70,70,63,63,71,77,77,77,77,68,77,77,80,80,70,70,70,80,80,80,80,80,80,80,80,80,80,80],"gold":19,"neow_bonus":"","is_daily":false,"chose_seed":false,"campfire_upgraded":3,"win_rate":0.0,"timestamp":1611495270,"path_taken":["M","?","?","?","?","E","E","E","T","E","?","?","R","?","R","BOSS","M","?","?","?","M","R","?","E","T","E","?","?","E","?","R","BOSS","M","?","?","?","$","E","?","E","T","?","$","?","R","?","R","BOSS"],"items_purchased_type":["Relic","Relic","Card","Relic","Relic","Relic","Relic","Card","Card","Relic"],"build_version":"2020-12-22","purchased_purges":1,"victory":true,"max_hp_per_floor":[80,80,80,74,74,74,74,74,74,74,74,74,74,74,74,74,74,74,74,74,74,74,74,74,74,74,74,77,77,77,77,77,77,77,80,80,80,80,80,80,80,80,80,80,80,80,80,80,80,80],"card_choices":[{"not_picked":["Sword Boomerang","Carnage"],"picked":"Cleave","floor":0},{"not_picked":["Shockwave","Run Through"],"picked":"Entrench","floor":0},{"not_picked":["Fire Breathing","Armaments"],"picked":"Run Through","floor":0},{"not_picked":["Havoc","Armaments"],"picked":"ReplayTheSpireMod:Stacked","floor":0},{"not_picked":["Carnage","Warcry"],"picked":"Evolve","floor":0},{"not_picked":["True Grit","Thunderclap"],"picked":"Armaments","floor":0},{"not_picked":["Searing Blow","Armaments"],"picked":"Shrug It Off","floor":0},{"not_picked":["Anger","Flex"],"picked":"Rupture","floor":0},{"not_picked":["Flex","Thunderclap"],"picked":"Cleave","floor":0},{"not_picked":["Thunderclap","ReplayTheSpireMod:Corrosion Curse"],"picked":"ReplayTheSpireMod:Muscle Training","floor":0},{"not_picked":["Rampage","Power Through"],"picked":"hubris:SharpeningStone","floor":0},{"not_picked":["Wild Strike","Clash"],"picked":"Dual Wield","floor":0},{"not_picked":["Anger","hubris:ReadiedAction"],"picked":"Replay:Undeath\u0027s Touch","floor":0},{"not_picked":["Clash","Anger"],"picked":"ReplayTheSpireMod:LeadingStrike","floor":0},{"not_picked":["Warcry","Iron Wave"],"picked":"Headbutt","floor":0},{"not_picked":["Bludgeon","Immolate"],"picked":"Demon Form","floor":6},{"not_picked":["Bludgeon","Impervious"],"picked":"Barricade","floor":7},{"not_picked":["Double Tap","Corruption"],"picked":"Reaper","floor":8},{"not_picked":["Berserk","Corruption"],"picked":"Impervious","floor":10},{"not_picked":["Offering","Demonic Infusion"],"picked":"Reaper","floor":16},{"not_picked":["Twin Strike","Thunderclap"],"picked":"Sword Boomerang","floor":19},{"not_picked":["Exhume","Hemogenesis"],"picked":"Juggernaut","floor":25},{"not_picked":["Demonic Infusion","Exhume"],"picked":"Feed","floor":27},{"not_picked":["Corruption","hubris:StunningStrike"],"picked":"Limit Break","floor":30},{"not_picked":["Metallicize","Sever Soul","ReplayTheSpireMod:Calculation Training"],"picked":"Spot Weakness","floor":32},{"not_picked":["Double Tap","Exhume","Mirror Shield"],"picked":"Hemogenesis","floor":33},{"not_picked":["Warcry+1","ReplayTheSpireMod:Strike From Hell","Hologram"],"picked":"Body Slam","floor":37},{"not_picked":["Cleave","Dark Embrace+1","Redo"],"picked":"Headbutt","floor":37},{"not_picked":["Defy Death","True Grit+1","Lockon"],"picked":"Twin Strike+1","floor":37},{"not_picked":["ReplayTheSpireMod:Trickstab","Swift Strike"],"picked":"Transmutation","floor":38},{"not_picked":["Brutality","Reaper","Buffer"],"picked":"Berserk","floor":40},{"not_picked":["Replay:Many Hands","Fiend Fire","All For One"],"picked":"Limit Break","floor":42}],"player_experience":56058,"relics_obtained":[{"floor":1,"key":"Nunchaku"},{"floor":6,"key":"Mercury Hourglass"},{"floor":7,"key":"Paper Frog"},{"floor":8,"key":"ReplayTheSpireMod:Lightbulb"},{"floor":9,"key":"hubris:TenFootPole"},{"floor":10,"key":"Peace Pipe"},{"floor":11,"key":"Pantograph"},{"floor":18,"key":"LagranYue:MagicReflectiveArmorRelic"},{"floor":19,"key":"Red Mask"},{"floor":22,"key":"ReplayTheSpireMod:TigerMarble"},{"floor":25,"key":"Bottled Tornado"},{"floor":26,"key":"Pet Ghost"},{"floor":27,"key":"champ:DuelingGlove"},{"floor":28,"key":"hubris:DeckOfHolding"},{"floor":30,"key":"hubris:DisguiseKit"},{"floor":32,"key":"Centennial Puzzle"},{"floor":35,"key":"hexamod:CandleOfCauterizing"},{"floor":40,"key":"Shuriken"},{"floor":42,"key":"Old Coin"},{"floor":43,"key":"HornCleat"},{"floor":44,"key":"sneckomod:BlankCard"},{"floor":46,"key":"Pen Nib"},{"floor":48,"key":"Ring of Hypnosis"},{"floor":48,"key":"ReplayTheSpireMod:Ring of Addiction"},{"floor":48,"key":"Chameleon Ring"},{"floor":48,"key":"hubris:EmptyBottle"}],"event_choices":[{"damage_healed":0,"gold_gain":0,"player_choice":"Entered Light","damage_taken":16,"max_hp_gain":0,"max_hp_loss":0,"event_name":"Shining Light","floor":3,"gold_loss":0,"cards_upgraded":["Armaments","ReplayTheSpireMod:LeadingStrike"]},{"damage_healed":0,"gold_gain":0,"player_choice":"Lose Max HP","damage_taken":0,"relics_obtained":["Golden Idol"],"max_hp_gain":0,"max_hp_loss":6,"event_name":"Golden Idol","floor":4,"gold_loss":0},{"damage_healed":0,"gold_gain":175,"player_choice":"AGREE","damage_taken":0,"max_hp_gain":0,"max_hp_loss":0,"event_name":"Liars Game","floor":14,"gold_loss":0,"cards_obtained":["Doubt"]},{"damage_healed":0,"gold_gain":0,"player_choice":"Success","damage_taken":18,"relics_obtained":["LagranYue:GuideDeadRelic"],"max_hp_gain":0,"max_hp_loss":0,"event_name":"Scrap Ooze","floor":15,"gold_loss":0},{"damage_healed":0,"gold_gain":0,"player_choice":"Fought Bandits","damage_taken":0,"max_hp_gain":0,"max_hp_loss":0,"event_name":"Masked Bandits","floor":19,"gold_loss":0},{"cards_removed":["Doubt"],"damage_healed":0,"gold_gain":0,"player_choice":"Gave Gold","damage_taken":0,"max_hp_gain":0,"max_hp_loss":0,"event_name":"Beggar","floor":20,"gold_loss":75},{"damage_healed":0,"gold_gain":0,"cards_transformed":["Evolve"],"player_choice":"Transformed","damage_taken":0,"max_hp_gain":0,"max_hp_loss":0,"event_name":"Transmorgrifier","floor":24,"gold_loss":0,"cards_obtained":["Feel No Pain"]},{"damage_healed":0,"gold_gain":0,"player_choice":"Ignored","damage_taken":0,"max_hp_gain":0,"max_hp_loss":0,"event_name":"Vampires","floor":31,"gold_loss":0},{"damage_healed":0,"gold_gain":0,"player_choice":"Memory 1","damage_taken":0,"max_hp_gain":0,"max_hp_loss":0,"event_name":"SensoryStone","floor":38,"gold_loss":0}],"is_beta":false,"boss_relics":[{"not_picked":["Replay:Drink Me","Honey Jar"],"picked":"Snecko Heart"},{"not_picked":["Replay:Bronze Core","hubris:HollowSoul"],"picked":"LagranYue:ContractPerformanceRelic"}],"items_purged_floors":[12],"is_endless":false,"potions_floor_spawned":[6,8,11,18,27,28,40],"ascension_level":1}}