{"host":"ees9py5fbpv5lclk","time":1611512108,"event":{"mods":["AchievementEnabler","BaseMod","Challenge The Spire","Colored Map","Colored Powertips","Conspire","Downfall","Hermit","Infinite Spire","Minty Spire (QoL Compilation)","Replay The Spire","Shop Mod","StSLib","SuperFastMode","The Bug Knight","The Cursed","The Servant 0.9.4"],"gold_per_floor":[116,116,116,128,147,174,174,174,199,232,232,267,285,303,303,399,399,416,478,496,514,547,547,375,375,375,403,403,421,447,363,363,462,462,478,233,252,152,152,152],"floor_reached":39,"language":"ENG","playtime":4375,"items_purged":["Strike_S","Defend_S","Strike_S"],"score":507,"play_id":"2cad5900-5472-4dfa-a5e6-29e1c78deb6e","local_time":"20210124131508","daily_mods":["Heirloom","Flight","DeadlyEvents","Elite Swarm"],"is_ascension_mode":false,"campfire_choices":[{"data":"DoubleEdge","floor":7,"key":"SMITH"},{"floor":8,"key":"REST"},{"floor":11,"key":"REST"},{"floor":15,"key":"REST"},{"floor":23,"key":"REST"},{"floor":25,"key":"REST"},{"floor":28,"key":"REST"},{"floor":32,"key":"REST"}],"circlet_count":0,"master_deck":["Strike_S","Strike_S+1","Defend_S+1","Defend_S","KidneyShot","Exchange","Spin+1","DoubleEdge+1","Potential+1","Embodiment","Dilation","Deny","MoonPhase+1","Dilation","Contraction+1","ShatteredReality","Luminosity+1","RealityMarble","PendulumOfEternity","FloweringNight","Potential","BestPractice+1","TheWorld","Foresight+1","PendulumOfEternity","Revamp+1","Sabotage+1","StarChef","conspire:SpireCoStock","conspire:SpireCoStock"],"relics":["Uniform","infinitespire:Golems Mask","Centennial Puzzle","Gremlin Food","infinitespire:PuzzleCube","Bronze Scales","SacredBark","Boot","Durian","MerchantsRug","Dream Catcher","Pocketwatch","Counterbalance","Fusion Hammer"],"acts_visited":["Exordium","TheCity","TheBeyond"],"potions_floor_usage":[10],"damage_taken":[{"damage":1,"enemies":"Cultist","floor":1,"turns":4},{"damage":1,"enemies":"Jaw Worm","floor":4,"turns":3},{"damage":0,"enemies":"Small Slimes","floor":5,"turns":1},{"damage":40,"enemies":"3 Sentries","floor":6,"turns":5},{"damage":12,"enemies":"Gremlin Nob","floor":10,"turns":3},{"damage":15,"enemies":"3 Sentries","floor":12,"turns":3},{"damage":0,"enemies":"Gremlin Gang","floor":13,"turns":1},{"damage":2,"enemies":"Looter","floor":14,"turns":2},{"damage":0,"enemies":"Fading Forest","floor":16,"turns":11},{"damage":10,"enemies":"Chosen","floor":18,"turns":4},{"damage":0,"enemies":"3 Byrds","floor":20,"turns":3},{"damage":12,"enemies":"Snecko","floor":21,"turns":4},{"damage":12,"enemies":"conspire:Head Lice","floor":22,"turns":7},{"damage":50,"enemies":"Slavers","floor":27,"turns":6},{"damage":0,"enemies":"Centurion and Healer","floor":29,"turns":6},{"damage":20,"enemies":"Nightmare","floor":30,"turns":7},{"damage":16,"enemies":"conspire:MysteriousRune","floor":33,"turns":8},{"damage":8,"enemies":"Orb Walker","floor":35,"turns":4},{"damage":42,"enemies":"3 Darklings","floor":37,"turns":4},{"damage":23,"enemies":"Writhing Mass","floor":39,"turns":2}],"seed_played":"3007749754264396460","potions_obtained":[{"floor":4,"key":"Adrenaline Potion"},{"floor":5,"key":"SteroidPotion"},{"floor":14,"key":"Cursed Concoction"},{"floor":16,"key":"ColorlessPotion"},{"floor":19,"key":"LifebloodPotion"},{"floor":29,"key":"ColorlessPotion"},{"floor":37,"key":"Adrenaline Potion"}],"is_trial":true,"path_per_floor":["M","?","?","M","M","E","R","R","T","E","R","E","M","M","R","B",null,"M","?","M","M","E","R","$","R","T","E","R","M","NM","$","R","B",null,"M","$","M","?","M"],"character_chosen":"THE_SERVANT","items_purchased":["MerchantsRug","Sabotage+1","StarChef"],"campfire_rested":7,"item_purchase_floors":[24,36,36],"current_hp_per_floor":[64,51,51,50,50,10,10,29,29,17,36,21,21,19,38,48,65,55,39,39,27,20,41,41,62,62,12,33,33,13,13,34,18,70,62,62,20,20,0,0],"gold":152,"neow_bonus":"","is_daily":false,"chose_seed":false,"campfire_upgraded":1,"win_rate":0.0,"timestamp":1611512108,"path_taken":["M","?","?","M","M","E","R","R","T","E","R","?","M","M","R","BOSS","M","?","M","M","?","R","$","R","T","E","R","M","NM","$","R","BOSS","M","$","M","?","?"],"items_purchased_type":["Relic","Card","Card"],"build_version":"2020-12-22","purchased_purges":3,"victory":false,"max_hp_per_floor":[65,65,65,65,65,65,65,65,65,65,65,65,65,65,65,65,65,65,65,65,65,70,70,70,70,70,70,70,70,70,70,70,70,70,70,70,70,70,70,70],"card_choices":[{"not_picked":["Revamp","BottledTime"],"picked":"Spin","floor":1},{"not_picked":["Spin","Starlight"],"picked":"DoubleEdge","floor":4},{"not_picked":["TimeWarp","InstantArmor"],"picked":"Potential","floor":5},{"not_picked":["Duplication","Deny"],"picked":"Embodiment","floor":6},{"not_picked":["TheWorld","LightFlow"],"picked":"Dilation","floor":10},{"not_picked":["Embodiment","SoulSculpture"],"picked":"Deny","floor":12},{"not_picked":["Spin","Ricochet"],"picked":"MoonPhase","floor":13},{"not_picked":["Alleviate","DoubleEdge","Misdirection"],"picked":"SKIP","floor":14},{"not_picked":["Duplication","Deny"],"picked":"Dilation","floor":16},{"not_picked":["Spin","Rearm"],"picked":"Contraction+1","floor":18},{"not_picked":["Manipulate","Alleviate"],"picked":"ShatteredReality","floor":19},{"not_picked":["Alleviate","TimeWarp+1"],"picked":"Luminosity","floor":20},{"not_picked":["Unruled+1","Rearm"],"picked":"RealityMarble","floor":21},{"not_picked":["Initiator","Sunlight"],"picked":"PendulumOfEternity","floor":22},{"not_picked":["LightFlow","Sunlight"],"picked":"FloweringNight","floor":27},{"not_picked":["Unruled","Deadline+1"],"picked":"Potential","floor":28},{"not_picked":["DualDimension","Revamp"],"picked":"BestPractice","floor":29},{"not_picked":["TrueSight","KillingDoll"],"picked":"TheWorld","floor":30},{"not_picked":["Rewind","Spin"],"picked":"Foresight+1","floor":32},{"not_picked":["ForgedInTime","FloweringNight"],"picked":"PendulumOfEternity","floor":33},{"not_picked":["Starlight+1","DoubleEdge+1"],"picked":"Revamp+1","floor":35},{"not_picked":["ShatteredReality","Defy+1","Ricochet"],"picked":"SKIP","floor":37}],"player_experience":125543,"relics_obtained":[{"floor":6,"key":"Centennial Puzzle"},{"floor":9,"key":"Gremlin Food"},{"floor":10,"key":"infinitespire:PuzzleCube"},{"floor":12,"key":"Bronze Scales"},{"floor":19,"key":"Boot"},{"floor":22,"key":"Durian"},{"floor":26,"key":"Dream Catcher"},{"floor":27,"key":"Pocketwatch"},{"floor":30,"key":"Counterbalance"}],"event_choices":[{"damage_healed":0,"gold_gain":0,"player_choice":"Entered Light","damage_taken":13,"max_hp_gain":0,"max_hp_loss":0,"event_name":"Shining Light","floor":2,"gold_loss":0,"cards_upgraded":["Defend_S","Defend_S"]},{"cards_removed":["Defend_S"],"damage_healed":0,"gold_gain":0,"player_choice":"Offered Basic","damage_taken":0,"max_hp_gain":0,"max_hp_loss":0,"event_name":"Bonfire Elementals","floor":3,"gold_loss":0},{"damage_healed":0,"gold_gain":0,"player_choice":"Invest 2","damage_taken":0,"max_hp_gain":0,"max_hp_loss":0,"event_name":"conspire:Investor","floor":38,"gold_loss":0}],"is_beta":false,"boss_relics":[{"not_picked":["ReplayTheSpireMod:SealedPack","Sozu"],"picked":"SacredBark"},{"not_picked":["conspire:RunicOctahedron","StoneMask"],"picked":"Fusion Hammer"}],"items_purged_floors":[24,31,36],"is_endless":false,"potions_floor_spawned":[4,5,14,16,20,21,29,37],"killed_by":"Writhing Mass","ascension_level":0}}