{"host":"jumrmhf584hajrnz","time":1611487964,"event":{"mods":["BaseMod","Duelist Mod","GifTheSpireLib","Minty Spire (QoL Compilation)","Quick Restart","Replay The Spire","StSLib"],"gold_per_floor":[138,138,97,110,110,153,178,190,275,287,332,363,375,415,377,463,475,503,515,527,574,536,548,589,616,710,738,766,792,904,932,944,1031,1043,1070,1092,1104,554,554,588,598,598,598,598,616,664,664,664],"floor_reached":47,"language":"ENG","playtime":3952,"items_purged":["theDuelist:CurseAging"],"score":1086,"play_id":"ad4f4d25-c7a9-4d68-a249-903d5208e2f7","local_time":"20210124123244","is_ascension_mode":true,"campfire_choices":[{"floor":8,"key":"RECALL"},{"data":"theDuelist:Nameless:War:AllyJustice","floor":10,"key":"SMITH"},{"floor":13,"key":"REST"},{"data":"theDuelist:Nameless:Power:ForbiddenLance+1","floor":23,"key":"SMITH"},{"data":"theDuelist:InjectionFairy","floor":32,"key":"SMITH"},{"data":"theDuelist:Wildfire+1","floor":44,"key":"SMITH"}],"circlet_count":0,"master_deck":["AscendersBane","theDuelist:CastleWalls","theDuelist:DarkMagician","theDuelist:MysticalElf","theDuelist:MysticalElf","theDuelist:NeoMagic","theDuelist:NeoMagic","theDuelist:Sparks","theDuelist:Sparks","theDuelist:Sparks","theDuelist:WonderWand","theDuelist:AncientElf","theDuelist:Nameless:Power:ForbiddenLance+2","theDuelist:Nameless:War:AllyJustice+1","theDuelist:DarkMagician","theDuelist:InjectionFairy+1","theDuelist:LightningDarts","theDuelist:DarkPaladin+1","theDuelist:PotGreed","theDuelist:Graverobber","theDuelist:InjectionFairy","theDuelist:IrisEarthMother+1","theDuelist:SpiritHarp","RitualDagger","theDuelist:InjectionFairy","theDuelist:SkilledDarkMagician","theDuelist:BookSecret","theDuelist:SpiritHarp","theDuelist:BadReaction","theDuelist:RainbowKuriboh","theDuelist:CircleFireKings+1","theDuelist:ThousandEyesRestrict+1","theDuelist:Wildfire+2","theDuelist:AncientElf","theDuelist:MythicalBeast+1","theDuelist:GateGuardian+1","theDuelist:SwordsBurning+1","theDuelist:RainbowDarkDragon+1","theDuelist:GeminiElf"],"relics":["theDuelist:MillenniumPuzzle","theDuelist:CardPoolRelic","theDuelist:CardPoolBasicRelic","theDuelist:BoosterPackPoolRelic","theDuelist:CardPoolAddRelic","theDuelist:CardPoolMinusRelic","theDuelist:CardPoolSaveRelic","theDuelist:CardPoolOptionsRelic","MawBank","Golden Egg","Eternal Feather","Smiling Mask","Onion Ring","Mark of Pain","Red Mask","Magic Flower","Unceasing Top","White Beast Statue","Snecko Heart","theDuelist:MillenniumPeriapt","Boot","Paper Frog","theDuelist:ZombieRelic","Pantograph","Blue Candle","Replay:Rubber Ducky"],"acts_visited":["Exordium","TheCity","TheBeyond"],"potions_floor_usage":[6,16,21,30,30,35,41,45,47],"damage_taken":[{"damage":0,"enemies":"2 Louse","floor":1,"turns":4},{"damage":0,"enemies":"Small Slimes","floor":4,"turns":3},{"damage":27,"enemies":"Lagavulin","floor":6,"turns":8},{"damage":0,"enemies":"Jaw Worm","floor":7,"turns":3},{"damage":28,"enemies":"Gremlin Nob","floor":11,"turns":5},{"damage":5,"enemies":"Red Slaver","floor":12,"turns":2},{"damage":26,"enemies":"3 Sentries","floor":14,"turns":7},{"damage":72,"enemies":"Hexaghost","floor":16,"turns":13},{"damage":0,"enemies":"Spheric Guardian","floor":18,"turns":3},{"damage":14,"enemies":"Masked Bandits","floor":21,"turns":5},{"damage":3,"enemies":"Gremlin Leader","floor":24,"turns":6},{"damage":1,"enemies":"Shell Parasite","floor":25,"turns":3},{"damage":0,"enemies":"Cultist and Chosen","floor":27,"turns":3},{"damage":6,"enemies":"Snecko","floor":28,"turns":4},{"damage":0,"enemies":"3 Cultists","floor":29,"turns":4},{"damage":22,"enemies":"Colosseum Slavers","floor":30,"turns":5},{"damage":0,"enemies":"Colosseum Nobs","floor":30,"turns":4},{"damage":24,"enemies":"Cultist and Chosen","floor":31,"turns":6},{"damage":75,"enemies":"Collector","floor":33,"turns":10},{"damage":0,"enemies":"Orb Walker","floor":35,"turns":3},{"damage":18,"enemies":"3 Shapes","floor":36,"turns":3},{"damage":1,"enemies":"R_Hoarder","floor":40,"turns":8},{"damage":40,"enemies":"Writhing Mass","floor":41,"turns":3},{"damage":54,"enemies":"Maw","floor":45,"turns":6},{"damage":43,"enemies":"Giant Head","floor":47,"turns":5}],"seed_played":"-5570862880634645819","potions_obtained":[{"floor":1,"key":"SpeedPotion"},{"floor":4,"key":"theDuelist:BurningPotionB"},{"floor":12,"key":"theDuelist:ExtraOrbsBottle"},{"floor":14,"key":"theDuelist:FusionPotion"},{"floor":16,"key":"PowerPotion"},{"floor":24,"key":"theDuelist:FireBottle"},{"floor":25,"key":"SkillPotion"},{"floor":27,"key":"theDuelist:BigOrbBottle"},{"floor":31,"key":"Swift Potion"},{"floor":33,"key":"theDuelist:DestructPotionPotB"},{"floor":35,"key":"theDuelist:BurningPotion"},{"floor":41,"key":"Energy Potion"},{"floor":45,"key":"Cursed Concoction"}],"is_trial":false,"path_per_floor":["M","?","$","M","?","E","M","R","T","R","E","M","R","E","R","B",null,"M","$","?","?","?","R","E","M","T","M","M","M","?","M","R","B",null,"M","M","?","$","?","E","M","?","T","R","M","T","E"],"character_chosen":"THE_DUELIST","items_purchased":["theDuelist:DarkMagician","theDuelist:GateGuardian","Boot","Paper Frog"],"campfire_rested":1,"item_purchase_floors":[3,38,38,38],"current_hp_per_floor":[63,82,82,82,71,52,56,56,56,65,41,36,74,52,64,16,71,75,75,69,63,63,78,87,89,89,89,84,89,85,65,83,30,74,80,76,76,76,68,87,47,47,47,68,34,34,0,0],"gold":664,"neow_bonus":"RANDOM_EVENT","is_daily":false,"chose_seed":false,"campfire_upgraded":4,"win_rate":0.0,"timestamp":1611487964,"path_taken":["M","?","$","M","?","E","M","R","T","R","E","?","R","E","R","BOSS","M","$","?","?","?","R","E","M","T","M","M","?","?","M","R","BOSS","M","M","?","$","?","E","?","?","T","R","M","?","E"],"items_purchased_type":["Card","Card","Relic","Relic"],"build_version":"2020-12-22","purchased_purges":1,"victory":false,"max_hp_per_floor":[70,89,89,89,89,89,89,89,89,89,89,89,89,89,89,89,89,89,89,89,89,89,89,89,89,89,89,89,89,89,89,89,89,89,89,89,89,89,89,89,89,89,89,89,89,89,89,89],"card_choices":[{"not_picked":["theDuelist:BlizzardWarrior","theDuelist:SangaThunder","theDuelist:MysticalElf","theDuelist:ExodiaLA"],"picked":"theDuelist:AncientElf","floor":1},{"not_picked":["theDuelist:DarkMagician","theDuelist:Mudballman","theDuelist:ThousandEyesIdol","theDuelist:FlyingSaucer"],"picked":"theDuelist:InjectionFairy","floor":4},{"not_picked":["theDuelist:DarklordSuperbia","theDuelist:GauntletWarrior","theDuelist:GilfordLegend","theDuelist:WormKing"],"picked":"theDuelist:LightningDarts","floor":6},{"not_picked":["theDuelist:Wildfire","theDuelist:VoidVanishment","theDuelist:SwordsRevealing","theDuelist:SangaWater"],"picked":"theDuelist:DarkPaladin","floor":7},{"not_picked":["theDuelist:ClearKuriboh","theDuelist:HaneHane","theDuelist:MillenniumGolem","theDuelist:PotAvarice"],"picked":"theDuelist:PotGreed","floor":11},{"not_picked":["theDuelist:WhiteHowling","theDuelist:DarkHorizon","theDuelist:AltarTribute","theDuelist:FairyBox"],"picked":"theDuelist:Graverobber","floor":12},{"not_picked":["theDuelist:FogKing","theDuelist:IcyCrevasse","theDuelist:Graverobber","theDuelist:InariFire"],"picked":"theDuelist:InjectionFairy","floor":14},{"not_picked":["theDuelist:RainbowDarkDragon","theDuelist:RainbowMagician","theDuelist:RainbowKuriboh","theDuelist:RainbowOverdragon"],"picked":"theDuelist:IrisEarthMother","floor":16},{"not_picked":["theDuelist:SangaThunder","theDuelist:InjectionFairy","theDuelist:FlyingSaucer+1","theDuelist:ExodiaRL"],"picked":"theDuelist:SpiritHarp","floor":18},{"not_picked":["theDuelist:SpellShatteringArrow","theDuelist:BlizzardWarrior","theDuelist:DarkMagician","theDuelist:InfernoFireBlast"],"picked":"theDuelist:InjectionFairy","floor":21},{"not_picked":["theDuelist:AlienTelepath","theDuelist:MindAir","theDuelist:InfernoFireBlast","theDuelist:CosmoBrain"],"picked":"theDuelist:SkilledDarkMagician","floor":24},{"not_picked":["theDuelist:BlizzardWarrior","theDuelist:SpiritHarp","theDuelist:MysticalElf","theDuelist:NeoMagic"],"picked":"theDuelist:BookSecret","floor":25},{"not_picked":["theDuelist:SangaEarth","theDuelist:NeoMagic","theDuelist:WhiteMagicalHat","theDuelist:AncientElf"],"picked":"theDuelist:SpiritHarp","floor":27},{"not_picked":["theDuelist:WhiteHowling","theDuelist:MindAir","theDuelist:WonderWand"],"picked":"theDuelist:BadReaction","floor":28},{"not_picked":["theDuelist:RainbowDarkDragon","theDuelist:IrisEarthMother","theDuelist:RainbowMagician","theDuelist:RainbowOverdragon"],"picked":"theDuelist:RainbowKuriboh","floor":29},{"not_picked":["theDuelist:SilentDoom","theDuelist:MagiciansRobe","theDuelist:WonderWand","theDuelist:InfernoFireBlast"],"picked":"theDuelist:CircleFireKings+1","floor":30},{"not_picked":["theDuelist:ExodiaRA","theDuelist:LegendaryFlameLord","theDuelist:Illusionist","theDuelist:RainbowDarkDragon"],"picked":"theDuelist:ThousandEyesRestrict","floor":31},{"not_picked":["theDuelist:ExodiaNecross","theDuelist:GrandSpellbookTower+1","theDuelist:ThousandEyesRestrict","theDuelist:SwordsBurning"],"picked":"theDuelist:Wildfire","floor":33},{"not_picked":["theDuelist:NeoMagic","theDuelist:DarkMagician","theDuelist:ExodiaRL","theDuelist:MysticalElf+1"],"picked":"theDuelist:AncientElf","floor":35},{"not_picked":["theDuelist:InfernoFireBlast+1","theDuelist:LordD+1","theDuelist:Relinquished","theDuelist:GoblinSecret"],"picked":"theDuelist:MythicalBeast+1","floor":36},{"not_picked":["theDuelist:WhiteHowling","theDuelist:InariFire","theDuelist:VoidExpansion","theDuelist:WonderWand+1"],"picked":"theDuelist:SwordsBurning+1","floor":40},{"not_picked":["theDuelist:IrisEarthMother","theDuelist:DarkPaladin","theDuelist:IceQueen","theDuelist:SwordsBurning"],"picked":"theDuelist:RainbowDarkDragon+1","floor":41},{"not_picked":["theDuelist:BlizzardWarrior","theDuelist:NeoMagic","theDuelist:PowerKaishin","theDuelist:AlienTelepath"],"picked":"theDuelist:GeminiElf","floor":45}],"player_experience":1501997,"relics_obtained":[{"floor":6,"key":"Golden Egg"},{"floor":9,"key":"Eternal Feather"},{"floor":11,"key":"Smiling Mask"},{"floor":14,"key":"Onion Ring"},{"floor":21,"key":"Red Mask"},{"floor":24,"key":"Magic Flower"},{"floor":30,"key":"Unceasing Top"},{"floor":30,"key":"White Beast Statue"},{"floor":40,"key":"Pantograph"},{"floor":43,"key":"Blue Candle"},{"floor":46,"key":"Replay:Rubber Ducky"}],"event_choices":[{"damage_healed":0,"gold_gain":0,"cards_transformed":["theDuelist:CastleWalls"],"player_choice":"Change","damage_taken":0,"max_hp_gain":0,"max_hp_loss":0,"event_name":"Living Wall","floor":0,"gold_loss":0,"cards_obtained":["theDuelist:WonderWand"]},{"power_reward":4,"total_magic_score":22,"gold_gain":0,"duelist":true,"damage_taken":0,"relics_obtained":[],"points":19,"war_reward":4,"max_hp_gain":19,"max_hp_loss":0,"spent_points":{"magic":0,"greed":0,"war":4,"power":4,"hunger":4},"event_name":"Nameless Tomb","hunger_reward":4,"floor":2,"gold_loss":0,"cards_obtained":["theDuelist:Nameless:Power:ForbiddenLance","theDuelist:Nameless:War:AllyJustice"]},{"damage_healed":0,"gold_gain":0,"player_choice":"Success","damage_taken":11,"relics_obtained":["MawBank"],"max_hp_gain":0,"max_hp_loss":0,"event_name":"Scrap Ooze","floor":5,"gold_loss":0},{"damage_healed":0,"gold_gain":0,"player_choice":"Upgrade","damage_taken":0,"max_hp_gain":0,"max_hp_loss":0,"event_name":"Designer","floor":15,"gold_loss":50,"cards_upgraded":["theDuelist:Nameless:Power:ForbiddenLance"]},{"damage_healed":0,"gold_gain":0,"player_choice":"Joined the Cult","damage_taken":6,"max_hp_gain":0,"max_hp_loss":0,"event_name":"Nest","floor":20,"gold_loss":0,"cards_obtained":["RitualDagger"]},{"damage_healed":0,"gold_gain":0,"player_choice":"Fought Bandits","damage_taken":0,"max_hp_gain":0,"max_hp_loss":0,"event_name":"Masked Bandits","floor":21,"gold_loss":0},{"damage_healed":0,"gold_gain":0,"player_choice":"Bet on Murderer","damage_taken":0,"max_hp_gain":0,"max_hp_loss":0,"event_name":"The Joust","floor":22,"gold_loss":50},{"damage_healed":0,"gold_gain":0,"player_choice":"Fight","damage_taken":0,"max_hp_gain":0,"max_hp_loss":0,"event_name":"Colosseum","floor":30,"gold_loss":0},{"damage_healed":0,"gold_gain":0,"player_choice":"Fought Nobs","damage_taken":0,"max_hp_gain":0,"max_hp_loss":0,"event_name":"Colosseum","floor":30,"gold_loss":0},{"damage_healed":0,"gold_gain":0,"player_choice":"Took item - Received: Millennium Periapt","duelist":true,"damage_taken":0,"max_hp_gain":0,"max_hp_loss":0,"event_name":"Millennium Items","floor":37,"gold_loss":0},{"damage_healed":0,"gold_gain":0,"player_choice":"Dig - random Duelist relic","duelist":true,"damage_taken":0,"max_hp_gain":0,"max_hp_loss":0,"event_name":"Aknamkanon\u0027s Tomb","floor":39,"gold_loss":0},{"damage_healed":0,"gold_gain":0,"player_choice":"Leave","duelist":true,"damage_taken":0,"max_hp_gain":0,"max_hp_loss":0,"event_name":"Relic Duplicator","floor":42,"gold_loss":0}],"is_beta":false,"boss_relics":[{"not_picked":["Abe\u0027s Treasure","theDuelist:GamblerChip"],"picked":"Mark of Pain"},{"not_picked":["HoveringKite","Tiny House"],"picked":"Snecko Heart"}],"items_purged_floors":[38],"is_endless":false,"potions_floor_spawned":[1,4,12,14,16,24,25,27,29,30,31,33,35,36,40,41,45],"killed_by":"Giant Head","ascension_level":20}}