{"host":"ayh4nqhr0ddw4ozv","time":1611476501,"event":{"mods":["BaseMod","Minty Spire (QoL Compilation)","Relic Stats","Replay The Spire","Robot Space Explorer","StSLib"],"gold_per_floor":[213,232,382,96,112,112,122,154,177,193,218,218,229,259,259,335,385,395,214,231,277,107,107,132,132,155,173,193,204,217,217,217],"floor_reached":31,"language":"ENG","playtime":2031,"items_purged":["Doubt","RobotSpaceExplorer:Strike","Pain"],"score":525,"play_id":"7630a143-f232-4483-8648-0cf720b99a30","local_time":"20210124002141","is_ascension_mode":true,"campfire_choices":[{"data":"RobotSpaceExplorer:StarLightning","floor":6.0,"key":"SMITH"},{"data":"RobotSpaceExplorer:FreezingShield","floor":12.0,"key":"SMITH"},{"data":"RobotSpaceExplorer:TurboDodge","floor":15.0,"key":"SMITH"},{"data":"RobotSpaceExplorer:PlasmaMissile","floor":23.0,"key":"SMITH"},{"floor":25.0,"key":"REST"}],"circlet_count":0,"master_deck":["AscendersBane","RobotSpaceExplorer:Strike","RobotSpaceExplorer:Strike","RobotSpaceExplorer:Strike","RobotSpaceExplorer:Defend","RobotSpaceExplorer:Defend","RobotSpaceExplorer:Defend+1","RobotSpaceExplorer:Defend","RobotSpaceExplorer:Scan","RobotSpaceExplorer:MiniLasers","RobotSpaceExplorer:SurgingShield","RobotSpaceExplorer:StarLightning+1","RobotSpaceExplorer:PlasmaMissile+1","RobotSpaceExplorer:FreezingShield+1","RobotSpaceExplorer:TurboDodge+1","RobotSpaceExplorer:Arsenal","RobotSpaceExplorer:BlastShield+1","Pot Of Greed","Pot Of Greed"],"relics":["RobotSpaceExplorer:RoboCore","PreservedInsect","Replay:Rubber Ducky","Centennial Puzzle","Replay:Wax Seal","Pen Nib","Tiny House","Smiling Mask","Grinning Jar","Pet Ghost"],"acts_visited":["Exordium","TheCity"],"potions_floor_usage":[28],"damage_taken":[{"damage":3.0,"enemies":"Small Slimes","floor":1.0,"turns":4.0},{"damage":7.0,"enemies":"Jaw Worm","floor":2.0,"turns":6.0},{"damage":0.0,"enemies":"Cultist","floor":5.0,"turns":3.0},{"damage":6.0,"enemies":"Looter","floor":7.0,"turns":3.0},{"damage":6.0,"enemies":"Replay:BlueRogue","floor":8.0,"turns":10.0},{"damage":0.0,"enemies":"Large Slime","floor":10.0,"turns":4.0},{"damage":0.0,"enemies":"Lots of Slimes","floor":13.0,"turns":4.0},{"damage":5.0,"enemies":"3 Sentries","floor":14.0,"turns":5.0},{"damage":13.0,"enemies":"The Guardian","floor":16.0,"turns":16.0},{"damage":7.0,"enemies":"Chosen","floor":18.0,"turns":8.0},{"damage":22.0,"enemies":"Spheric Guardian","floor":20.0,"turns":6.0},{"damage":6.0,"enemies":"Slavers","floor":24.0,"turns":3.0},{"damage":0.0,"enemies":"Snecko","floor":27.0,"turns":5.0},{"damage":0,"enemies":"3 Cultists","floor":28,"turns":4},{"damage":9,"enemies":"Shelled Parasite and Fungi","floor":29,"turns":8},{"damage":9,"enemies":"Centurion and Healer","floor":30,"turns":7},{"damage":45,"enemies":"Gremlin Leader","floor":31,"turns":5}],"seed_played":"5524495809795461914","potions_obtained":[{"floor":2.0,"key":"Explosive Potion"},{"floor":8.0,"key":"RobotSpaceExplorer:PlasmaFlask"},{"floor":17.0,"key":"Toxic Potion"},{"floor":21.0,"key":"DuplicationPotion"},{"floor":24.0,"key":"RobotSpaceExplorer:PlasmaFlask"},{"floor":28,"key":"RobotSpaceExplorer:PlasmaFlask"}],"is_trial":false,"path_per_floor":["M","M","?","$","M","R","M","E","T","M","T","R","M","E","R","B",null,"M","$","M","?","$","R","E","R","T","M","M","M","M","E"],"character_chosen":"RobotSpaceExplorer","items_purchased":["PreservedInsect","Weak Potion","DistilledChaos","RobotSpaceExplorer:BlastShield+1"],"campfire_rested":1,"item_purchase_floors":[4,4,19,22],"current_hp_per_floor":[61,54,54,54,54,54,48,42,42,42,42,42,42,37,37,24,64,57,57,35,35,35,35,29,51,51,51,51,42,33,0,0],"gold":217,"neow_bonus":"HUNDRED_GOLD","is_daily":false,"chose_seed":false,"campfire_upgraded":4,"win_rate":0.0,"timestamp":1611476501,"path_taken":["M","M","?","$","M","R","M","E","T","M","?","R","?","E","R","BOSS","M","$","M","?","$","R","E","R","T","M","M","?","M","E"],"items_purchased_type":["Relic","Potion","Potion","Card"],"build_version":"2020-12-22","purchased_purges":3,"victory":false,"max_hp_per_floor":[71,71,71,71,71,71,71,71,71,71,71,71,71,71,71,71,76,76,76,76,76,76,76,76,76,76,76,76,76,76,76,76],"relic_stats":{"Centennial Puzzle":[24],"counters":[17,101],"PreservedInsect":152,"Pen Nib":[10],"Smiling Mask":75,"obtain_stats":[{"Centennial Puzzle":9,"Tiny House":17,"RobotSpaceExplorer:RoboCore":0,"PreservedInsect":4,"Pen Nib":14,"Replay:Wax Seal":11,"Grinning Jar":24,"Smiling Mask":21,"Pet Ghost":26,"Replay:Rubber Ducky":8},{"Centennial Puzzle":5,"Tiny House":9,"RobotSpaceExplorer:RoboCore":0,"PreservedInsect":2,"Pen Nib":8,"Replay:Wax Seal":6,"Grinning Jar":12,"Smiling Mask":11,"Pet Ghost":12,"Replay:Rubber Ducky":5},{"Centennial Puzzle":26,"Tiny House":55,"RobotSpaceExplorer:RoboCore":0,"PreservedInsect":10,"Pen Nib":39,"Replay:Wax Seal":30,"Grinning Jar":72,"Smiling Mask":69,"Pet Ghost":72,"Replay:Rubber Ducky":26}]},"card_choices":[{"not_picked":["RobotSpaceExplorer:Counterblock","RobotSpaceExplorer:Ammunition"],"picked":"RobotSpaceExplorer:SurgingShield","floor":1.0},{"not_picked":["RobotSpaceExplorer:MetalStrike","RobotSpaceExplorer:SurgingShield"],"picked":"RobotSpaceExplorer:StarLightning","floor":2.0},{"not_picked":["RobotSpaceExplorer:SwiftStep","RobotSpaceExplorer:ImprovisedAttack"],"picked":"RobotSpaceExplorer:PlasmaMissile","floor":5.0},{"not_picked":["RobotSpaceExplorer:SurgingShield","RobotSpaceExplorer:Counterblock","RobotSpaceExplorer:BigMissile"],"picked":"SKIP","floor":7.0},{"not_picked":["RobotSpaceExplorer:FranticSearch","RobotSpaceExplorer:PlasmaMissile"],"picked":"RobotSpaceExplorer:FreezingShield","floor":8.0},{"not_picked":["RobotSpaceExplorer:Probe","RobotSpaceExplorer:Ammunition","RobotSpaceExplorer:Calculate"],"picked":"SKIP","floor":10.0},{"not_picked":["RobotSpaceExplorer:ImprovisedAttack","RobotSpaceExplorer:Pulsar","RobotSpaceExplorer:SlimeMissile"],"picked":"SKIP","floor":13.0},{"not_picked":["RobotSpaceExplorer:Autoloader","RobotSpaceExplorer:ScrapMissile"],"picked":"RobotSpaceExplorer:TurboDodge","floor":14.0},{"not_picked":["RobotSpaceExplorer:Asteroid","RobotSpaceExplorer:ChargingLaser"],"picked":"RobotSpaceExplorer:Arsenal","floor":16.0},{"not_picked":["RobotSpaceExplorer:Pulsar","RobotSpaceExplorer:ScrapMissile","RobotSpaceExplorer:Ammunition"],"picked":"SKIP","floor":18.0},{"not_picked":["RobotSpaceExplorer:ScrapShield","RobotSpaceExplorer:GlueShot","RobotSpaceExplorer:SurgingStrike"],"picked":"SKIP","floor":20.0},{"not_picked":["RobotSpaceExplorer:MetalStrike","RobotSpaceExplorer:GlueShot","RobotSpaceExplorer:Ammunition"],"picked":"SKIP","floor":24.0},{"not_picked":["RobotSpaceExplorer:SwiftStep","RobotSpaceExplorer:Pulsar","RobotSpaceExplorer:Smokescreen"],"picked":"SKIP","floor":27.0},{"not_picked":["RobotSpaceExplorer:Fix","RobotSpaceExplorer:Discharger+1","RobotSpaceExplorer:FranticSearch"],"picked":"SKIP","floor":28},{"not_picked":["RobotSpaceExplorer:SlimeMissile","RobotSpaceExplorer:ExhaustFan","RobotSpaceExplorer:IronShell"],"picked":"SKIP","floor":29},{"not_picked":["RobotSpaceExplorer:FreezeRay","RobotSpaceExplorer:Accelerator","RobotSpaceExplorer:StunGrenade"],"picked":"SKIP","floor":30}],"player_experience":373076,"relics_obtained":[{"floor":8.0,"key":"Replay:Rubber Ducky"},{"floor":9.0,"key":"Centennial Puzzle"},{"floor":11.0,"key":"Replay:Wax Seal"},{"floor":14.0,"key":"Pen Nib"},{"floor":21.0,"key":"Smiling Mask"},{"floor":24.0,"key":"Grinning Jar"},{"floor":26.0,"key":"Pet Ghost"}],"event_choices":[{"damage_healed":0.0,"max_hp_gain":0.0,"max_hp_loss":0.0,"gold_gain":150.0,"event_name":"Liars Game","player_choice":"AGREE","floor":3.0,"gold_loss":0.0,"damage_taken":0.0,"cards_obtained":["Doubt"]}],"is_beta":false,"boss_relics":[{"not_picked":["SacredBark","ChewingGum"],"picked":"Tiny House"}],"items_purged_floors":[4,19,22],"is_endless":false,"potions_floor_spawned":[2,8,13,24,28,29],"killed_by":"Gremlin Leader","ascension_level":19}}