{"host":"iqi2f1z1yw5mc6j3","time":1611516490,"event":{"mods":["BaseMod","Colored Powertips","Hubris","Minty Spire (QoL Compilation)","StSLib"],"gold_per_floor":[111,129,129,129,129,129,161,178,178,210,230,230,1,17,17,122,122,140,151,171,24,24,24,34,34,57,57,76,76,95,45,45,143,143,162,62,78,178,196,196,208,208,208],"floor_reached":42,"language":"ENG","playtime":2820,"items_purged":["Defend_R","Strike_R"],"score":410,"play_id":"ae52ba4d-3f63-4715-b00d-0f4a3f0212b1","local_time":"20210124142810","is_ascension_mode":false,"campfire_choices":[{"data":"Armaments","floor":6,"key":"SMITH"},{"floor":12,"key":"REST"},{"data":"Seeing Red","floor":15,"key":"SMITH"},{"data":"Infernal Blade","floor":23,"key":"SMITH"},{"floor":25,"key":"REST"},{"data":"Bash","floor":29,"key":"SMITH"},{"data":"Shrug It Off","floor":32,"key":"SMITH"},{"floor":40,"key":"REST"}],"circlet_count":0,"master_deck":["Strike_R+1","Strike_R","Strike_R","Strike_R+1","Defend_R","Defend_R","Defend_R","Bash+1","Perfected Strike","Armaments+1","Clothesline+1","Infernal Blade+1","Seeing Red+1","Clothesline+1","Whirlwind+1","Fiend Fire+1","Iron Wave+1","Headbutt+1","Uppercut+1","Clash+1","Shrug It Off+1","Sword Boomerang+1","Juggernaut","Spot Weakness+1","Anger+1","Cleave+1","Sword Boomerang+1"],"relics":["Burning Blood","hubris:CrystalStatue","InkBottle","Molten Egg 2","Happy Flower","hubris:HollowSoul","Blood Vial","hubris:Towel","Centennial Puzzle","Runic Cube"],"acts_visited":["Exordium","TheCity","TheBeyond"],"potions_floor_usage":[5,7,7,10,10,16,19,20,33,33,39,41],"damage_taken":[{"damage":0,"enemies":"Small Slimes","floor":1,"turns":3},{"damage":3,"enemies":"2 Louse","floor":2,"turns":3},{"damage":10,"enemies":"Gremlin Nob","floor":7,"turns":4},{"damage":6,"enemies":"Cultist","floor":8,"turns":3},{"damage":10,"enemies":"Lagavulin","floor":10,"turns":3},{"damage":7,"enemies":"Blue Slaver","floor":11,"turns":3},{"damage":6,"enemies":"Exordium Thugs","floor":14,"turns":3},{"damage":68,"enemies":"Hexaghost","floor":16,"turns":11},{"damage":8,"enemies":"3 Byrds","floor":18,"turns":4},{"damage":13,"enemies":"Shell Parasite","floor":19,"turns":4},{"damage":0,"enemies":"Snecko","floor":20,"turns":3},{"damage":28,"enemies":"Snake Plant","floor":24,"turns":4},{"damage":0,"enemies":"3 Cultists","floor":28,"turns":2},{"damage":8,"enemies":"Sentry and Sphere","floor":30,"turns":5},{"damage":40,"enemies":"hubris:MusketHawk","floor":33,"turns":9},{"damage":50,"enemies":"3 Shapes","floor":35,"turns":4},{"damage":13,"enemies":"Orb Walker","floor":37,"turns":4},{"damage":24,"enemies":"Transient","floor":39,"turns":5},{"damage":24,"enemies":"Spire Growth","floor":41,"turns":4},{"damage":0,"enemies":"Giant Head","floor":42,"turns":1}],"seed_played":"3440465175640722694","potions_obtained":[{"floor":2,"key":"Energy Potion"},{"floor":5,"key":"EntropicBrew"},{"floor":5,"key":"BlessingOfTheForge"},{"floor":8,"key":"CultistPotion"},{"floor":10,"key":"SteroidPotion"},{"floor":16,"key":"ColorlessPotion"},{"floor":18,"key":"LiquidMemories"},{"floor":24,"key":"Block Potion"},{"floor":28,"key":"BlessingOfTheForge"},{"floor":30,"key":"DistilledChaos"},{"floor":39,"key":"ColorlessPotion"}],"is_trial":false,"path_per_floor":["M","M","?","?","?","R","E","M","T","E","M","R","$","M","R","B",null,"M","M","M","$","?","R","M","R","T","?","M","R","M","$","R","B",null,"M","$","M","?","M","R","M","E"],"character_chosen":"IRONCLAD","items_purchased":["Happy Flower","Blood Vial","Sword Boomerang+1"],"campfire_rested":3,"item_purchase_floors":[13,21,31],"current_hp_per_floor":[88,88,93,74,74,74,70,70,70,66,65,92,92,92,92,30,93,91,84,90,90,90,90,70,93,93,93,93,93,91,91,91,59,93,49,49,44,44,28,55,39,18,18],"gold":208,"neow_bonus":"TEN_PERCENT_HP_BONUS","is_daily":false,"chose_seed":false,"campfire_upgraded":5,"win_rate":0.0,"timestamp":1611516490,"path_taken":["M","M","?","?","?","R","E","M","T","E","M","R","$","M","R","BOSS","M","M","?","$","?","R","M","R","T","?","?","R","M","$","R","BOSS","M","$","M","?","?","R","M","E"],"items_purchased_type":["Relic","Relic","Card"],"build_version":"2020-12-22","purchased_purges":2,"victory":false,"max_hp_per_floor":[88,88,93,93,93,93,93,93,93,93,93,93,93,93,93,93,93,93,93,93,93,93,93,93,93,93,93,93,93,93,93,93,93,93,93,93,93,93,93,93,93,18,18],"card_choices":[{"not_picked":["Clash","Rupture"],"picked":"Perfected Strike","floor":1},{"not_picked":["Cleave","Spot Weakness"],"picked":"Armaments","floor":2},{"not_picked":["Intimidate","Sword Boomerang"],"picked":"Clothesline","floor":7},{"not_picked":["Shockwave","hubris:SharpeningStone"],"picked":"Infernal Blade","floor":8},{"not_picked":["Cleave+1","Intimidate"],"picked":"Seeing Red","floor":10},{"not_picked":["Disarm","Reckless Charge+1"],"picked":"Clothesline+1","floor":11},{"not_picked":["Wild Strike+1","Carnage+1"],"picked":"Whirlwind+1","floor":14},{"not_picked":["Feed+1","Berserk"],"picked":"Fiend Fire+1","floor":16},{"not_picked":["Pummel+1","Clothesline+1","Flame Barrier"],"picked":"SKIP","floor":18},{"not_picked":["Sword Boomerang+1","Cleave+1"],"picked":"Iron Wave+1","floor":19},{"not_picked":["Armaments","Thunderclap+1"],"picked":"Headbutt+1","floor":20},{"not_picked":["Feel No Pain","Searing Blow+1"],"picked":"Uppercut+1","floor":24},{"not_picked":["Iron Wave+1","Berserk"],"picked":"Clash+1","floor":28},{"not_picked":["Thunderclap+1","Infernal Blade"],"picked":"Shrug It Off","floor":30},{"not_picked":["Reaper+1","hubris:StunningStrike+1"],"picked":"Juggernaut","floor":33},{"not_picked":["Shrug It Off+1","Clash+1"],"picked":"Spot Weakness+1","floor":35},{"not_picked":["Ghostly Armor","Headbutt+1"],"picked":"Anger+1","floor":37},{"not_picked":["Dark Embrace+1","Pommel Strike+1"],"picked":"Cleave+1","floor":39},{"not_picked":["Reckless Charge+1","Armaments"],"picked":"Sword Boomerang+1","floor":41}],"player_experience":40228,"relics_obtained":[{"floor":7,"key":"hubris:CrystalStatue"},{"floor":9,"key":"InkBottle"},{"floor":10,"key":"Molten Egg 2"},{"floor":26,"key":"Centennial Puzzle"}],"event_choices":[{"damage_healed":0,"gold_gain":0,"player_choice":"Donut","damage_taken":0,"max_hp_gain":5,"max_hp_loss":0,"event_name":"Big Fish","floor":3,"gold_loss":0},{"damage_healed":0,"gold_gain":0,"player_choice":"Entered Light","damage_taken":19,"max_hp_gain":0,"max_hp_loss":0,"event_name":"Shining Light","floor":4,"gold_loss":0,"cards_upgraded":["Strike_R","Strike_R"]},{"damage_healed":0,"gold_gain":0,"player_choice":"Got Potions","damage_taken":0,"max_hp_gain":0,"max_hp_loss":0,"event_name":"Lab","floor":5,"gold_loss":0},{"damage_healed":0,"gold_gain":100,"player_choice":"Pray","damage_taken":0,"max_hp_gain":0,"max_hp_loss":0,"event_name":"Golden Shrine","floor":38,"gold_loss":0}],"is_beta":false,"boss_relics":[{"not_picked":["Coffee Dripper","SacredBark"],"picked":"hubris:HollowSoul"},{"not_picked":["Fusion Hammer","hubris:CrackedHourglass"],"picked":"Runic Cube"}],"items_purged_floors":[13,36],"is_endless":false,"potions_floor_spawned":[2,8,10,16,18,24,28,30,39],"killed_by":"Giant Head","ascension_level":0}}