{"host":"sp1f3sybb350mzsh","time":1611463041,"event":{"mods":["BaseMod","Bestiary","Colored Map","Filter the Spire","Minty Spire (QoL Compilation)","Puzzle Mod","Relic Stats","StSLib"],"gold_per_floor":[110,123,123,140,156,189,189,38,65,98,98,125,125,141,141,236,236,250,268,268,284,284,311,311,323,323,357,373,373,373,388,388,488,488,499,512,512,208,14,44,44,44,44,44,62,91,41,61,61,61],"floor_reached":51,"language":"ENG","playtime":3391,"items_purged":["Strike_G","Strike_G","Grand Finale+1","Defend_G+1"],"score":990,"play_id":"c8437ecb-ac49-4d33-8010-e44c191916f0","local_time":"20210123223721","is_ascension_mode":false,"campfire_choices":[{"data":"Glass Knife","floor":7,"key":"SMITH"},{"data":"Dodge and Roll","floor":11,"key":"SMITH"},{"data":"Prepared","floor":13,"key":"SMITH"},{"data":"Footwork","floor":15,"key":"SMITH"},{"data":"Tools of the Trade","floor":24,"key":"SMITH"},{"data":"Die Die Die","floor":30,"key":"SMITH"},{"floor":32,"key":"REST"},{"data":"Envenom","floor":41,"key":"SMITH"},{"floor":49,"key":"REST"}],"circlet_count":0,"master_deck":["Defend_G","Defend_G","Survivor+1","Neutralize","Crippling Poison+1","Terror","Caltrops","Prepared+1","Dodge and Roll+1","Glass Knife+1","Footwork+1","Blur","Predator","Tools of the Trade+1","Backflip","Die Die Die+1","Backstab","Dash","Blade Dance+1","Cloak And Dagger+1","Envenom+1","Adrenaline","Slice+1","Catalyst+1","Tactician+1","Noxious Fumes+1","Concentrate+1"],"relics":["Astrolabe","Lantern","Art of War","Akabeko","WingedGreaves","Sozu","PreservedInsect","Smiling Mask","Nloth\u0027s Gift","Runic Pyramid","Ninja Scroll","Bag of Preparation","Bottled Flame","StrikeDummy","Regal Pillow"],"acts_visited":["Exordium","TheCity","TheBeyond"],"potions_floor_usage":[10,25,50],"damage_taken":[{"damage":0,"enemies":"Cultist","floor":1,"turns":4},{"damage":5,"enemies":"Jaw Worm","floor":2,"turns":4},{"damage":2,"enemies":"2 Louse","floor":4,"turns":2},{"damage":12,"enemies":"Large Slime","floor":5,"turns":6},{"damage":0,"enemies":"Gremlin Nob","floor":6,"turns":3},{"damage":0,"enemies":"Lagavulin","floor":10,"turns":6},{"damage":0,"enemies":"Gremlin Nob","floor":12,"turns":3},{"damage":0,"enemies":"Looter","floor":14,"turns":2},{"damage":0,"enemies":"The Guardian","floor":16,"turns":7},{"damage":0,"enemies":"Chosen","floor":18,"turns":3},{"damage":8,"enemies":"Shell Parasite","floor":19,"turns":4},{"damage":11,"enemies":"Snecko","floor":21,"turns":4},{"damage":2,"enemies":"Book of Stabbing","floor":23,"turns":5},{"damage":3,"enemies":"Centurion and Healer","floor":25,"turns":6},{"damage":4,"enemies":"Slavers","floor":27,"turns":3},{"damage":17,"enemies":"Cultist and Chosen","floor":28,"turns":7},{"damage":4,"enemies":"Sentry and Sphere","floor":31,"turns":6},{"damage":42,"enemies":"Automaton","floor":33,"turns":13},{"damage":3,"enemies":"3 Shapes","floor":35,"turns":2},{"damage":32,"enemies":"3 Darklings","floor":36,"turns":4},{"damage":1,"enemies":"Nemesis","floor":40,"turns":7},{"damage":5,"enemies":"Jaw Worm Horde","floor":45,"turns":2},{"damage":0,"enemies":"Giant Head","floor":46,"turns":5},{"damage":2,"enemies":"Writhing Mass","floor":48,"turns":4},{"damage":35,"enemies":"Donu and Deca","floor":50,"turns":10}],"seed_played":"1518764437997040960","potions_obtained":[{"floor":5,"key":"SteroidPotion"},{"floor":6,"key":"FairyPotion"},{"floor":14,"key":"Regen Potion"},{"floor":16,"key":"Block Potion"}],"is_trial":false,"path_per_floor":["M","M","?","M","M","E","R","$","T","E","R","E","R","M","R","B",null,"M","M","?","M","?","E","R","M","T","E","M","?","R","M","R","B",null,"M","M","?","$","$","E","R","?","T","?","M","E","$","M","R","B",null],"character_chosen":"THE_SILENT","items_purchased":["Footwork","Ninja Scroll","Bag of Preparation"],"campfire_rested":2,"item_purchase_floors":[8,38,39],"current_hp_per_floor":[70,65,51,49,37,37,37,37,37,37,37,37,37,37,37,37,70,70,62,62,51,51,49,49,46,46,42,25,25,25,21,42,21,70,67,35,35,35,35,34,34,34,34,34,29,29,29,27,61,41],"gold":61,"neow_bonus":"BOSS_RELIC","is_daily":false,"chose_seed":false,"campfire_upgraded":7,"win_rate":0.0,"timestamp":1611463041,"path_taken":["M","?","?","M","M","E","R","$","T","E","R","E","R","M","R","BOSS","M","M","?","M","?","E","R","M","T","E","M","?","R","?","R","BOSS","M","M","?","$","$","E","R","?","T","?","?","E","$","M","R","BOSS"],"items_purchased_type":["Card","Relic","Relic"],"build_version":"2020-12-22","purchased_purges":4,"victory":true,"max_hp_per_floor":[70,70,70,70,70,70,70,70,70,70,70,70,70,70,70,70,70,70,70,70,70,70,70,70,70,70,70,70,70,70,70,70,70,70,70,70,66,66,66,66,66,66,66,66,66,66,66,66,66,66],"relic_stats":{"Sozu":9,"Regal Pillow":15,"counters":[25,122],"Astrolabe":["Crippling Poison","Noxious Fumes","Grand Finale"],"PreservedInsect":211,"Art of War":[12],"Nloth\u0027s Gift":1,"Bag of Preparation":[10],"Smiling Mask":225,"obtain_stats":[{"Lantern":6,"Regal Pillow":46,"Astrolabe":0,"PreservedInsect":23,"Bag of Preparation":39,"Smiling Mask":27,"Akabeko":10,"White Beast Statue":26,"Sozu":17,"Bottled Flame":40,"Ninja Scroll":38,"WingedGreaves":12,"Art of War":9,"Nloth\u0027s Gift":29,"StrikeDummy":43,"Ring of the Snake":0,"Runic Pyramid":34},{"Lantern":5,"Regal Pillow":23,"Astrolabe":0,"PreservedInsect":13,"Bag of Preparation":20,"Smiling Mask":15,"Akabeko":6,"White Beast Statue":14,"Sozu":9,"Bottled Flame":21,"Ninja Scroll":20,"WingedGreaves":7,"Art of War":5,"Nloth\u0027s Gift":16,"StrikeDummy":21,"Ring of the Snake":0,"Runic Pyramid":18},{"Lantern":19,"Regal Pillow":108,"Astrolabe":0,"PreservedInsect":53,"Bag of Preparation":94,"Smiling Mask":62,"Akabeko":25,"White Beast Statue":59,"Sozu":37,"Bottled Flame":101,"Ninja Scroll":94,"WingedGreaves":28,"Art of War":19,"Nloth\u0027s Gift":69,"StrikeDummy":101,"Ring of the Snake":0,"Runic Pyramid":88}]},"card_choices":[{"not_picked":["Poisoned Stab","Sucker Punch"],"picked":"Terror","floor":1},{"not_picked":["Distraction","Prepared"],"picked":"Caltrops","floor":2},{"not_picked":["Accuracy","Bane"],"picked":"Prepared","floor":4},{"not_picked":["Bane","Dagger Spray"],"picked":"Dodge and Roll","floor":5},{"not_picked":["All Out Attack","Sucker Punch"],"picked":"Glass Knife","floor":6},{"not_picked":["Deadly Poison","Endless Agony"],"picked":"Blur","floor":10},{"not_picked":["Die Die Die","Concentrate"],"picked":"Predator","floor":12},{"not_picked":["Setup","Finisher","Poisoned Stab"],"picked":"SKIP","floor":14},{"not_picked":["Doppelganger","A Thousand Cuts"],"picked":"Tools of the Trade","floor":16},{"not_picked":["Sucker Punch","Leg Sweep","Blade Dance"],"picked":"SKIP","floor":18},{"not_picked":["Slice","Skewer"],"picked":"Backflip","floor":19},{"not_picked":["Accuracy+1","Underhanded Strike","Deflect+1"],"picked":"SKIP","floor":21},{"not_picked":["Quick Slash","Deadly Poison"],"picked":"Dash","floor":23},{"not_picked":["Terror","Flying Knee"],"picked":"Blade Dance+1","floor":25},{"not_picked":["Infinite Blades","Flechettes","Blade Dance"],"picked":"SKIP","floor":27},{"not_picked":["Outmaneuver","Finisher"],"picked":"Cloak And Dagger+1","floor":28},{"not_picked":["Deadly Poison","Slice+1"],"picked":"Envenom","floor":31},{"not_picked":["A Thousand Cuts","Venomology"],"picked":"Adrenaline","floor":33},{"not_picked":["Blade Dance","Deflect+1"],"picked":"Slice+1","floor":35},{"not_picked":["Dodge and Roll","Endless Agony"],"picked":"Catalyst+1","floor":36},{"not_picked":["Dodge and Roll","Underhanded Strike","Heel Hook"],"picked":"SKIP","floor":40},{"not_picked":["Dash+1","Flying Knee+1"],"picked":"Tactician+1","floor":45},{"not_picked":["Accuracy+1","Malaise"],"picked":"Noxious Fumes+1","floor":46},{"not_picked":["Slice+1","Quick Slash"],"picked":"Concentrate+1","floor":48}],"player_experience":121778,"relics_obtained":[{"floor":6,"key":"Lantern"},{"floor":9,"key":"Art of War"},{"floor":10,"key":"Akabeko"},{"floor":12,"key":"WingedGreaves"},{"floor":23,"key":"PreservedInsect"},{"floor":26,"key":"White Beast Statue"},{"floor":27,"key":"Smiling Mask"},{"floor":40,"key":"Bottled Flame"},{"floor":43,"key":"StrikeDummy"},{"floor":46,"key":"Regal Pillow"}],"event_choices":[{"damage_healed":0,"gold_gain":0,"player_choice":"Entered Light","damage_taken":14,"max_hp_gain":0,"max_hp_loss":0,"event_name":"Shining Light","floor":3,"gold_loss":0,"cards_upgraded":["Defend_G","Survivor"]},{"damage_healed":0,"gold_gain":0,"cards_transformed":["Strike_G","Strike_G"],"player_choice":"Became Test Subject","damage_taken":0,"max_hp_gain":0,"max_hp_loss":0,"event_name":"Drug Dealer","floor":20,"gold_loss":0,"cards_obtained":["Die Die Die","Backstab"]},{"damage_healed":0,"gold_gain":0,"player_choice":"Ignored","damage_taken":0,"max_hp_gain":0,"max_hp_loss":0,"event_name":"Ghosts","floor":22,"gold_loss":0},{"damage_healed":0,"gold_gain":0,"player_choice":"Traded Relic","damage_taken":0,"relics_obtained":["Nloth\u0027s Gift"],"max_hp_gain":0,"max_hp_loss":0,"event_name":"N\u0027loth","floor":29,"relics_lost":["White Beast Statue"],"gold_loss":0},{"damage_healed":0,"gold_gain":0,"player_choice":"Max HP","damage_taken":0,"max_hp_gain":0,"max_hp_loss":4,"event_name":"Winding Halls","floor":37,"gold_loss":0},{"cards_removed":["Noxious Fumes"],"damage_healed":0,"gold_gain":0,"player_choice":"Removed Power","damage_taken":0,"max_hp_gain":0,"max_hp_loss":0,"event_name":"Falling","floor":42,"gold_loss":0},{"damage_healed":0,"gold_gain":0,"player_choice":"Ignored","damage_taken":0,"max_hp_gain":0,"max_hp_loss":0,"event_name":"NoteForYourself","floor":44,"gold_loss":0}],"is_beta":false,"boss_relics":[{"not_picked":["WristBlade","Ectoplasm"],"picked":"Sozu"},{"not_picked":["Empty Cage","Coffee Dripper"],"picked":"Runic Pyramid"}],"items_purged_floors":[8,38,39,47],"is_endless":false,"potions_floor_spawned":[5,6,14,16,18,21,27,28,31,33,36,45,48],"ascension_level":0}}