{"host":"Ringo","time":1611451614,"event":{"mods":["BaseMod","Colored Map","Conspire","Dota2Spire","Minty Spire (QoL Compilation)","Replay The Spire","StSLib","[IsaacMod]ÒÔÈö¼âËþ","¡¾ÒÅÎï¿¨ÅÆ¡¿REMEMod"],"gold_per_floor":[113,143,166,192,222,260,299,337,349,396,420,478,517,564,576,667,679,709,44,61,77,89,118,149,149,217,252,265,300,329,9,9,84,84,95,106,141,141,176,217,251,281,350,376,408,433,449,482,482,482,482],"floor_reached":52,"language":"ZHS","playtime":1283,"items_purged":[],"score":3819,"play_id":"2ec0e623-9045-47fa-b818-d007eec42d28","local_time":"20210124092654","daily_mods":["SealedDeck","Vintage","Heirloom","Time Dilation","Flight","DeadlyEvents","Elite Swarm","Lethality","Binary"],"is_ascension_mode":true,"campfire_choices":[{"floor":15.0,"key":"DIG"},{"data":"Sword Boomerang","floor":25,"key":"SMITH"},{"data":"Thunderclap","floor":32,"key":"SMITH"},{"floor":49,"key":"REST"}],"circlet_count":0,"master_deck":["AscendersBane","BettingIsNotGood+1","LessonLearned+1","Sword Boomerang+1","Clash+1","Pummel+1","Shrug It Off+1","Sword Boomerang+1","Armaments+1","Twin Strike+1","Thunderclap+1","Clash+1","Uppercut+1","REME_Flogging+1"],"relics":["Burning Blood","Busted Crown","HushsDoor","GuppysHead","GuppysTail","MawBank","StrikeDummy","Ice Cream","Dota2Spire:MantaStyle","ReplayFunnel","Dota2Spire:MagicBottle","Incense Burner","Vajra","Void","D6","StoneCalendar","Dota2Spire:PowerTreads","Toy Ornithopter","NineLifeCat","Golden Egg","Kunai","ReplayTheSpireMod:Lightbulb","Happy Flower","Replay:Bottled Snecko","YumHeart","Red Skull","CaptainsWheel","AnarchistCookbook","MoneyPower","Shuriken","ReplayTheSpireMod:TigerMarble","Dota2Spire:EchoSabre","Whetstone","Strange Spoon","SlaversCollar","JudasShadow","Nunchaku","ReplayTheSpireMod:Ninjato","Smiling Mask","Lantern","DoctorsRemote","conspire:Flyswatter","Replay:Mystery Machine","DeadEye","DeadEye","Frozen Egg 2","Replay:Baseball","Blue Doll"],"acts_visited":["Exordium","TheCity","TheBeyond"],"potions_floor_usage":[51],"damage_taken":[{"damage":3.0,"enemies":"2 Louse","floor":1.0,"turns":1.0},{"damage":3.0,"enemies":"Cultist","floor":2.0,"turns":2.0},{"damage":3.0,"enemies":"Small Slimes","floor":3.0,"turns":1.0},{"damage":19.0,"enemies":"3 Louse","floor":4.0,"turns":2.0},{"damage":14.0,"enemies":"Exordium Thugs","floor":5.0,"turns":2.0},{"damage":0.0,"enemies":"Lagavulin","floor":6.0,"turns":2.0},{"damage":0.0,"enemies":"3 Sentries","floor":7.0,"turns":2.0},{"damage":0.0,"enemies":"Replay:BlueRogue","floor":8.0,"turns":2.0},{"damage":0.0,"enemies":"Lagavulin","floor":10.0,"turns":1.0},{"damage":0.0,"enemies":"Lots of Slimes","floor":11.0,"turns":2.0},{"damage":4.0,"enemies":"3 Sentries","floor":12.0,"turns":3.0},{"damage":0.0,"enemies":"Gremlin Nob","floor":13.0,"turns":2.0},{"damage":0.0,"enemies":"Lagavulin","floor":14.0,"turns":2.0},{"damage":0.0,"enemies":"Slime Boss","floor":16.0,"turns":3.0},{"damage":0,"enemies":"2 Thieves","floor":18,"turns":2},{"damage":0,"enemies":"3 Byrds","floor":20,"turns":2},{"damage":0,"enemies":"Centurion and Healer","floor":21,"turns":1},{"damage":0,"enemies":"Snecko","floor":22,"turns":1},{"damage":0,"enemies":"Book of Stabbing","floor":23,"turns":1},{"damage":3,"enemies":"REME_1_Revenger","floor":24,"turns":1},{"damage":1,"enemies":"Gremlin Leader","floor":27,"turns":2},{"damage":0,"enemies":"Snake Plant","floor":28,"turns":1},{"damage":0,"enemies":"Book of Stabbing","floor":29,"turns":2},{"damage":0,"enemies":"conspire:Head Lice","floor":30,"turns":1},{"damage":0,"enemies":"Collector","floor":33,"turns":2},{"damage":0,"enemies":"3 Darklings","floor":35,"turns":1},{"damage":63,"enemies":"3 Shapes","floor":36,"turns":2},{"damage":0,"enemies":"Jaw Worm Horde","floor":37,"turns":1},{"damage":0,"enemies":"Spire Growth","floor":39,"turns":1},{"damage":0,"enemies":"R_Hoarder","floor":40,"turns":1},{"damage":8,"enemies":"Giant Head","floor":41,"turns":1},{"damage":0,"enemies":"R_Hoarder","floor":42,"turns":1},{"damage":0,"enemies":"Giant Head","floor":44,"turns":1},{"damage":0,"enemies":"R_Hoarder","floor":45,"turns":2},{"damage":0,"enemies":"Nemesis","floor":46,"turns":1},{"damage":0,"enemies":"Maw","floor":47,"turns":1},{"damage":0,"enemies":"R_Hoarder","floor":48,"turns":1},{"damage":0,"enemies":"Time Eater","floor":50,"turns":1},{"damage":0,"enemies":"conspire:OrnateMirror","floor":51,"turns":1}],"seed_played":"8407214773815906903","potions_obtained":[{"floor":3.0,"key":"Regen Potion"},{"floor":6.0,"key":"BlessingOfTheForge"},{"floor":11.0,"key":"REME_GoldPotion"},{"floor":12.0,"key":"FairyPotion"},{"floor":18,"key":"Ancient Potion"},{"floor":44,"key":"CultistPotion"}],"is_trial":true,"path_per_floor":["M","M","M","M","M","E","E","E","T","E","M","E","E","E","R_BF","B",null,"M","$","M","M","M","E","E","R","T","E","M","E","E","$","R","B",null,"M","M","M","$","M","E","E","E","T","E","E","E","M","E","R","B","B",null],"character_chosen":"IRONCLAD","items_purchased":["NineLifeCat","Kunai","REME_Flogging","ReplayTheSpireMod:Lightbulb","Whetstone","Strange Spoon","JudasShadow"],"campfire_rested":1,"item_purchase_floors":[17,19,19,19,31,31,34],"current_hp_per_floor":[71,74,75,62,59,70,75,75,75,75,75,75,75,75,75,75,16,16,16,16,16,16,16,16,16,16,16,16,16,16,16,16,16,3,3,3,3,3,3,3,1,1,1,1,1,1,1,1,1,1,1],"gold":482,"neow_bonus":"","is_daily":false,"chose_seed":false,"campfire_upgraded":2,"win_rate":0.0,"timestamp":1611451614,"path_taken":["M","M","M","M","M","E","E","E","T","E","M","E","E","E","R_BF","BOSS","M","$","M","M","M","E","E","R","T","E","M","E","E","$","R","BOSS","M","M","M","$","M","E","E","E","T","E","E","E","M","E","R","BOSS","BOSS"],"items_purchased_type":["Relic","Relic","Card","Relic","Relic","Relic","Relic"],"build_version":"2020-12-18","purchased_purges":0,"victory":true,"max_hp_per_floor":[75,75,75,75,75,75,75,75,75,75,75,75,75,75,75,75,16,16,16,16,16,16,16,16,16,16,16,16,16,16,16,16,16,3,3,3,3,3,3,3,1,1,1,1,1,1,1,1,1,1,1],"card_choices":[{"not_picked":[],"picked":"BettingIsNotGood","floor":0.0}],"player_experience":552518,"relics_obtained":[{"floor":1.0,"key":"MawBank"},{"floor":2.0,"key":"StrikeDummy"},{"floor":3.0,"key":"Ice Cream"},{"floor":4.0,"key":"Dota2Spire:MantaStyle"},{"floor":5.0,"key":"ReplayFunnel"},{"floor":6.0,"key":"Dota2Spire:MagicBottle"},{"floor":7.0,"key":"Incense Burner"},{"floor":8.0,"key":"Vajra"},{"floor":9.0,"key":"Chameleon Ring"},{"floor":10.0,"key":"Void"},{"floor":11.0,"key":"D6"},{"floor":12.0,"key":"Diplopia"},{"floor":13.0,"key":"StoneCalendar"},{"floor":14.0,"key":"Dota2Spire:PowerTreads"},{"floor":15.0,"key":"Toy Ornithopter"},{"floor":18,"key":"Golden Egg"},{"floor":20,"key":"Happy Flower"},{"floor":21,"key":"Replay:Bottled Snecko"},{"floor":22,"key":"YumHeart"},{"floor":23,"key":"Red Skull"},{"floor":24,"key":"CaptainsWheel"},{"floor":26,"key":"AnarchistCookbook"},{"floor":27,"key":"MoneyPower"},{"floor":28,"key":"Shuriken"},{"floor":29,"key":"ReplayTheSpireMod:TigerMarble"},{"floor":30,"key":"Dota2Spire:EchoSabre"},{"floor":35,"key":"Nunchaku"},{"floor":36,"key":"REME_ArchaeologicalTools"},{"floor":37,"key":"ReplayTheSpireMod:Ninjato"},{"floor":39,"key":"Smiling Mask"},{"floor":40,"key":"Lantern"},{"floor":41,"key":"Art of War"},{"floor":42,"key":"DoctorsRemote"},{"floor":43,"key":"conspire:Flyswatter"},{"floor":44,"key":"Replay:Mystery Machine"},{"floor":45,"key":"DeadEye"},{"floor":46,"key":"Frozen Egg 2"},{"floor":47,"key":"Replay:Baseball"},{"floor":48,"key":"Blue Doll"}],"event_choices":[],"is_beta":true,"boss_relics":[{"not_picked":["Fusion Hammer","Replay:Ancient Bell"],"picked":"conspire:SlowCooker"},{"not_picked":[]},{"not_picked":["SacredBark","REME_DemonsWealth"],"picked":"SlaversCollar"},{"not_picked":[]}],"items_purged_floors":[],"is_endless":false,"potions_floor_spawned":[3,6,7,8,11,12,18,20,29,30,36,39,40,44,45,46,47],"ascension_level":20}}