{"host":"yuhibl5o0ay6idau","time":1611518477,"event":{"mods":["Act Like it!","Aspiration","BaseMod","Better Altar","Better Match","Better Note","Better Sensory Stone","Better Skull","Better Third Choice","CCEM","Colored Map","Colored Powertips","Conspire","DeckTracker","GifTheSpireLib","Highlight Path","Jedi Mod","Minty Spire (QoL Compilation)","Permanent Neow","Quick Restart","Random Character Button","Replay The Spire","StSLib","Stuff the Spire","SuperFastMode","vexMod"],"gold_per_floor":[111,125,137,152,77,108,108,108,108,126,175,175,190,220,235,261,261,360,360,374,389,238,256,274,274,301,301,301,301,176,275,275,288,288,388,388,403,148,148,4,22,22,72,91,116,116,128,128,148,148,148,148],"floor_reached":53,"language":"ENG","playtime":3571,"items_purged":["Dualcast","Strike_B","Anger"],"score":901,"play_id":"c29ca3d3-d7e2-452a-b910-7c52fc23a0a1","local_time":"20210124120117","is_ascension_mode":true,"campfire_choices":[{"data":"Zap","floor":7,"key":"SMITH"},{"floor":12,"key":"REST"},{"floor":17,"key":"DIG"},{"floor":25,"key":"REST"},{"floor":27,"key":"REST"},{"data":"Uppercut","floor":29,"key":"SMITH"},{"data":"Juggernaut","floor":32,"key":"SMITH"},{"data":"Conserve Battery","floor":34,"key":"SMITH"},{"data":"Conserve Battery","floor":42,"key":"SMITH"},{"data":"EmptyFist","floor":46,"key":"SMITH"},{"data":"Steam","floor":46,"key":"SMITH"},{"data":"Go for the Eyes","floor":48,"key":"SMITH"},{"data":"ReplayTheSpireMod:Stacked","floor":48,"key":"SMITH"},{"data":"Clash","floor":51,"key":"SMITH"},{"data":"Defend_B","floor":51,"key":"SMITH"}],"circlet_count":0,"master_deck":["Strike_B","Strike_B","Strike_B","Defend_B+1","Defend_B","Defend_B","Defend_B","Zap+1","Clash+1","Conserve Battery+1","EmptyFist+1","Machine Learning","Conserve Battery+1","Uppercut+1","Machine Learning","Force Field+1","Steam+1","Iron Wave+1","Juggernaut+1","ReplayTheSpireMod:Stacked+1","Echo Form+1","Disarm+1","White Noise+1","Go for the Eyes+1"],"relics":["Cracked Core","aspiration:Nostalgia","Replay:M_SmolderingBlood","StoneCalendar","jedi:crownofsimplicity","Omamori","Replay:Rubber Ducky","Boot","aspiration:IroncladSkillbook","Dream Catcher","Eternal Feather","Philosopher\u0027s Stone","Replay:Bottled Snecko","vexMod:GhostlyGear","Replay:Arrowhead","ReplayTheSpireMod:Lightbulb","Pet Ghost"],"acts_visited":["Exordium","TheCity","TheBeyond"],"potions_floor_usage":[16,16,16,18,26,33,43,52,52],"damage_taken":[{"damage":2,"enemies":"Jaw Worm","floor":1,"turns":3},{"damage":1,"enemies":"Cultist","floor":2,"turns":3},{"damage":2,"enemies":"2 Louse","floor":3,"turns":2},{"damage":20,"enemies":"Exordium Wildlife","floor":4,"turns":4},{"damage":23,"enemies":"3 Sentries","floor":6,"turns":9},{"damage":1,"enemies":"2 Fungi Beasts","floor":10,"turns":4},{"damage":3,"enemies":"Blue Slaver","floor":13,"turns":3},{"damage":15,"enemies":"Lagavulin","floor":14,"turns":5},{"damage":2,"enemies":"conspire:2 RoseBushes","floor":15,"turns":4},{"damage":6,"enemies":"Gremlin Nob","floor":16,"turns":3},{"damage":13,"enemies":"Slime Boss","floor":18,"turns":7},{"damage":0,"enemies":"Shell Parasite","floor":20,"turns":5},{"damage":17,"enemies":"3 Byrds","floor":21,"turns":6},{"damage":15,"enemies":"Cultist and Chosen","floor":23,"turns":7},{"damage":20,"enemies":"Snecko","floor":24,"turns":6},{"damage":16,"enemies":"Book of Stabbing","floor":26,"turns":5},{"damage":5,"enemies":"Snake Plant","floor":33,"turns":4},{"damage":21,"enemies":"Champ","floor":35,"turns":9},{"damage":0,"enemies":"3 Shapes","floor":37,"turns":4},{"damage":22,"enemies":"3 Darklings","floor":41,"turns":6},{"damage":7,"enemies":"Mind Bloom Boss Battle","floor":43,"turns":6},{"damage":13,"enemies":"Transient","floor":44,"turns":5},{"damage":13,"enemies":"Writhing Mass","floor":47,"turns":6},{"damage":18,"enemies":"3 Darklings","floor":49,"turns":4},{"damage":9,"enemies":"Time Eater","floor":52,"turns":7}],"seed_played":"-6126916136612230644","potions_obtained":[{"floor":1,"key":"jedi:coolantleak"},{"floor":6,"key":"Swift Potion"},{"floor":10,"key":"Explosive Potion"},{"floor":13,"key":"Weak Potion"},{"floor":16,"key":"Regen Potion"},{"floor":18,"key":"DistilledChaos"},{"floor":24,"key":"jedi:StrikingPotion"},{"floor":26,"key":"jedi:coolantleak"},{"floor":35,"key":"FearPotion"},{"floor":37,"key":"Elixir"},{"floor":41,"key":"BlessingOfTheForge"},{"floor":49,"key":"Explosive Potion"}],"is_trial":false,"path_per_floor":["M","M","M","M","$","E","R","PTL","PTL","M","T","R","M","E","M","E","R_BF","B",null,"M","M","$","M","M","R","E","R","T","R","$","?","R","M","R","B",null,"M","$","?","$","M","R","?","M","T","R","M","R","M","T","R","B",null],"character_chosen":"DEFECT","items_purchased":["Force Field+1","Replay:Bottled Snecko","vexMod:GhostlyGear"],"campfire_rested":3,"item_purchase_floors":[22,38,40],"current_hp_per_floor":[66,65,63,43,43,20,20,20,20,19,19,41,38,23,21,15,15,17,61,65,52,52,41,25,47,35,57,57,69,69,69,75,74,75,58,71,75,75,75,75,57,69,66,57,57,69,60,72,58,58,70,65],"gold":148,"neow_bonus":"NOSTALGIA","is_daily":false,"chose_seed":false,"campfire_upgraded":11,"win_rate":0.0,"timestamp":1611518477,"path_taken":["M","M","M","M","$","E","R","PTL","PTL","M","T","R","M","E","M","E","R_BF","BOSS","M","M","$","M","M","R","E","R","T","R","$","?","R","M","R","BOSS","M","$","?","$","?","R","?","M","T","R","M","R","M","?","R","BOSS"],"items_purchased_type":["Card","Relic","Relic"],"build_version":"2020-12-22","purchased_purges":3,"victory":true,"max_hp_per_floor":[75,75,75,75,75,75,75,75,75,75,75,75,75,75,75,75,75,75,75,75,75,75,75,75,75,75,75,75,75,75,75,75,75,75,75,75,75,75,75,75,75,75,75,75,75,75,75,75,75,75,75,75],"card_choices":[{"not_picked":["Time Bomb","Doom and Gloom"],"picked":"Clash","floor":1},{"not_picked":["Gash","ReplayTheSpireMod:GoodbyeWorld"],"picked":"Conserve Battery","floor":2},{"not_picked":["Gash","Barrage","ReplayTheSpireMod:System Scan"],"picked":"SKIP","floor":3},{"not_picked":["jedi:spotbugs","ReplayTheSpireMod:GoodbyeWorld","Searing Blow"],"picked":"SKIP","floor":4},{"not_picked":["jedi:BurstLightning","jedi:blockon","jedi:spotbugs"],"picked":"SKIP","floor":6},{"not_picked":["WreathOfFlame","jedi:gatheringstorm","StuffTheSpire:LoadUp"],"picked":"SKIP","floor":10},{"not_picked":["Beam Cell","jedi:BurstFrost"],"picked":"EmptyFist","floor":13},{"not_picked":["jedi:meditation","StuffTheSpire:SnapShoot"],"picked":"Machine Learning","floor":14},{"not_picked":["Ball Lightning","Stack"],"picked":"Conserve Battery","floor":15},{"not_picked":["StuffTheSpire:CleanHardDrive","Barrage"],"picked":"Uppercut","floor":16},{"not_picked":["StuffTheSpire:ForEach","Thunder Strike"],"picked":"Machine Learning","floor":18},{"not_picked":["Cold Snap+1","Havoc+1","Entrench","Crystallizer"],"picked":"SKIP","floor":20},{"not_picked":["aspiration:Polymerization","Doom and Gloom","ReplayTheSpireMod:Strike From Hell+1","Blizzard"],"picked":"SKIP","floor":21},{"not_picked":["Streamline","Darkness+1","Leap"],"picked":"Anger","floor":23},{"not_picked":["Pommel Strike","Streamline+1","Rebound+1"],"picked":"Steam","floor":24},{"not_picked":["Power Through","True Grit+1","Anger"],"picked":"Iron Wave+1","floor":26},{"not_picked":["StuffTheSpire:NuclearReactor","jedi:collectorstrike","Hologram"],"picked":"Juggernaut","floor":27},{"not_picked":["ReplayTheSpireMod:Dual Polarity","Abandon","Conserve Battery"],"picked":"ReplayTheSpireMod:Stacked","floor":33},{"not_picked":["Biased Cognition","jedi:bruteforce","jedi:studyfrost"],"picked":"Echo Form","floor":35},{"not_picked":["Shrug It Off","Cleave+1","jedi:BurstLightning"],"picked":"Disarm+1","floor":37},{"not_picked":["Replay:Undeath\u0027s Touch+1","Chill","Clash+1"],"picked":"White Noise+1","floor":41},{"not_picked":["Clash","Defy Death","Fire Breathing+1","Perfected Strike+1"],"picked":"SKIP","floor":44},{"not_picked":["Searing Blow+1","Anger+1","StuffTheSpire:SnapShoot"],"picked":"Go for the Eyes","floor":47},{"not_picked":["Pummel","Loop+1","Turbo","Pommel Strike"],"picked":"SKIP","floor":49}],"player_experience":470717,"relics_obtained":[{"floor":6,"key":"StoneCalendar"},{"floor":11,"key":"jedi:crownofsimplicity"},{"floor":14,"key":"Omamori"},{"floor":16,"key":"Replay:Rubber Ducky"},{"floor":17,"key":"Boot"},{"floor":26,"key":"Dream Catcher"},{"floor":28,"key":"Eternal Feather"},{"floor":43,"key":"Replay:Arrowhead"},{"floor":45,"key":"ReplayTheSpireMod:Lightbulb"},{"floor":50,"key":"Pet Ghost"}],"event_choices":[{"damage_healed":0,"gold_gain":99,"player_choice":"Steal","damage_taken":0,"max_hp_gain":0,"max_hp_loss":0,"event_name":"betterThird:BetterNest","floor":31,"gold_loss":0},{"damage_healed":0,"gold_gain":0,"player_choice":"Forge","damage_taken":0,"max_hp_gain":0,"max_hp_loss":0,"event_name":"Accursed Blacksmith","floor":39,"gold_loss":0,"cards_upgraded":["Echo Form"]},{"damage_healed":0,"gold_gain":0,"player_choice":"Fight","damage_taken":0,"max_hp_gain":0,"max_hp_loss":0,"event_name":"MindBloom","floor":43,"gold_loss":0}],"is_beta":false,"boss_relics":[{"not_picked":["vexMod:ImprovementManual","StuffTheSpire:RunicConfusion"],"picked":"aspiration:IroncladSkillbook"},{"not_picked":["Tiny House","aspiration:FutureDiary"],"picked":"Philosopher\u0027s Stone"}],"items_purged_floors":[5,22,30],"is_endless":false,"potions_floor_spawned":[1,6,10,13,16,18,24,26,35,37,41,49],"ascension_level":7}}