{"host":"xu4bnwtq7hv5gr1m","time":1611466995,"event":{"mods":["Act Like it!","Aspiration","BaseMod","Conspire","Gensokyo","Hallownest","Hubris","Marked Mod","Minty Spire (QoL Compilation)","Pale of the Ancients","Replay The Spire","StSLib","vexMod","¡¾ÒÅÎï¿¨ÅÆ¡¿REMEMod"],"gold_per_floor":[112,112,25,38,38,70,70,70,70,97,116,333,333,109,109,109,109],"floor_reached":16,"language":"ZHS","playtime":567,"items_purged":["Strike_R"],"score":133,"play_id":"6941b0c6-29e1-4bba-a8b7-d60906eff7de","local_time":"20210124134315","is_ascension_mode":false,"campfire_choices":[{"data":"Inflame","floor":7.0,"key":"SMITH"},{"data":"Pommel Strike","floor":13.0,"key":"SMITH"},{"data":"Bash","floor":15.0,"key":"SMITH"}],"circlet_count":0,"master_deck":["Strike_R","Strike_R","Strike_R","Strike_R","Defend_R","Defend_R","Defend_R","Defend_R","Bash+1","Ragnarok+1","Shrug It Off","Inflame+1","Pommel Strike+1"],"relics":["Burning Blood","REME_ComplimentaryCards","NeowsBlessing","REME_HandOfSuture","Gensokyo:Mercy","Akabeko","Replay:Wax Seal","Mummified Hand","PrismaticShard"],"acts_visited":["Gensokyo:Gensokyo"],"potions_floor_usage":[],"damage_taken":[{"damage":0.0,"enemies":"Gensokyo:3_Fairies","floor":1.0,"turns":1.0},{"damage":0.0,"enemies":"Gensokyo:Python","floor":4.0,"turns":1.0},{"damage":0.0,"enemies":"Gensokyo:Aya","floor":6.0,"turns":1.0},{"damage":37.0,"enemies":"Gensokyo:Cirno","floor":10.0,"turns":9.0},{"damage":1.0,"enemies":"Gensokyo:Gryphon","floor":11.0,"turns":3.0},{"damage":0.0,"enemies":"Gensokyo:LivingMonolith","floor":12.0,"turns":3.0},{"damage":61,"enemies":"Gensokyo:Yukari","floor":16,"turns":13}],"seed_played":"3020185471036731104","potions_obtained":[{"floor":1.0,"key":"Block Potion"},{"floor":10.0,"key":"Regen Potion"}],"is_trial":false,"path_per_floor":["M","?","COS","M","?","E","R","?","T","E","M","M","R","$","R","B"],"character_chosen":"IRONCLAD","items_purchased":["PrismaticShard"],"campfire_rested":0,"item_purchase_floors":[14],"current_hp_per_floor":[80,80,80,80,80,80,80,80,80,49,54,60,60,60,60,0,0],"gold":109,"neow_bonus":"THREE_ENEMY_KILL","is_daily":false,"chose_seed":false,"campfire_upgraded":3,"win_rate":0.0,"timestamp":1611466995,"path_taken":["M","?","COS","?","?","E","R","?","T","E","M","?","R","$","R","BOSS"],"items_purchased_type":["Relic"],"build_version":"2020-12-22","purchased_purges":1,"victory":false,"max_hp_per_floor":[80,80,80,80,80,80,80,80,80,80,80,80,80,80,80,80,80],"card_choices":[{"not_picked":["Heavy Blade","Wild Strike"],"picked":"Shrug It Off","floor":1.0},{"not_picked":["Sever Soul","Metallicize"],"picked":"Pommel Strike","floor":4.0},{"not_picked":["Dark Embrace","Second Wind"],"picked":"Inflame","floor":6.0},{"not_picked":["Dark Embrace","Entrench"],"picked":"Pommel Strike","floor":10.0},{"not_picked":["Rage","Sever Soul","Headbutt"],"picked":"SKIP","floor":11.0},{"not_picked":["Flex","Heavy Blade","True Grit"],"picked":"SKIP","floor":12.0}],"player_experience":740665,"relics_obtained":[{"floor":6.0,"key":"REME_HandOfSuture"},{"floor":9.0,"key":"Akabeko"},{"floor":10.0,"key":"Replay:Wax Seal"}],"event_choices":[],"is_beta":false,"boss_relics":[],"items_purged_floors":[14],"is_endless":false,"potions_floor_spawned":[1,10],"killed_by":"Gensokyo:Yukari","ascension_level":0}}