{"host":"yn8qackkbxgt4nh1","time":1611474872,"event":{"mods":["BaseMod","Colored Map","Colored Powertips","DeckTracker","Minty Spire (QoL Compilation)","SuperFastMode"],"gold_per_floor":[116,133,148,148,148,148,175,186,257,10,37,37,37,60,60,151,151,170,191,191,191,210,210,244,244,244,263,263,281,281,175,175,268,268,292,310,360,424,364,404,427,427,427,470,491,526,591,641,641,641],"floor_reached":51,"language":"KOR","playtime":2057,"items_purged":["Combust+1"],"score":1411,"play_id":"72c1196b-1af4-4daf-9ef3-b179e49da8c2","local_time":"20210124165432","is_ascension_mode":true,"campfire_choices":[{"data":"Infernal Blade","floor":6.0,"key":"SMITH"},{"data":"Heavy Blade","floor":15.0,"key":"SMITH"},{"data":"J.A.X.","floor":23.0,"key":"SMITH"},{"data":"Feed","floor":25.0,"key":"SMITH"},{"data":"Dual Wield","floor":28.0,"key":"SMITH"},{"data":"Evolve","floor":32.0,"key":"SMITH"},{"data":"Heavy Blade","floor":42.0,"key":"SMITH"},{"data":"Burning Pact","floor":49,"key":"SMITH"}],"circlet_count":0,"master_deck":["AscendersBane","Strike_R","Defend_R","Defend_R","Defend_R","Bash","Brutality","Infernal Blade+1","Headbutt","Inflame","Heavy Blade+1","Flame Barrier","Dual Wield+1","Reaper","Reaper+1","Limit Break+1","Spot Weakness+1","J.A.X.+1","Shockwave","Feed+1","Evolve+1","Offering","Ghostly Armor","Heavy Blade+1","Burning Pact+1"],"relics":["Burning Blood","Pocketwatch","Letter Opener","Sling","Happy Flower","Golden Idol","Astrolabe","White Beast Statue","Pantograph","SsserpentHead","Coffee Dripper","Ancient Tea Set","CaptainsWheel","Gremlin Horn","Toy Ornithopter"],"acts_visited":["Exordium","TheCity","TheBeyond"],"potions_floor_usage":[47,50,50],"damage_taken":[{"damage":1.0,"enemies":"Small Slimes","floor":1.0,"turns":3.0},{"damage":4.0,"enemies":"2 Louse","floor":2.0,"turns":3.0},{"damage":6.0,"enemies":"Jaw Worm","floor":3.0,"turns":4.0},{"damage":26.0,"enemies":"3 Sentries","floor":7.0,"turns":4.0},{"damage":8.0,"enemies":"3 Louse","floor":8.0,"turns":3.0},{"damage":18.0,"enemies":"Gremlin Nob","floor":11.0,"turns":3.0},{"damage":26.0,"enemies":"Lots of Slimes","floor":14.0,"turns":2.0},{"damage":43.0,"enemies":"Slime Boss","floor":16.0,"turns":8.0},{"damage":24.0,"enemies":"2 Thieves","floor":18.0,"turns":3.0},{"damage":41.0,"enemies":"Shell Parasite","floor":19.0,"turns":7.0},{"damage":22.0,"enemies":"Centurion and Healer","floor":22.0,"turns":5.0},{"damage":7.0,"enemies":"Gremlin Leader","floor":24.0,"turns":3.0},{"damage":10.0,"enemies":"Chosen and Byrds","floor":27.0,"turns":3.0},{"damage":4.0,"enemies":"Snecko","floor":29.0,"turns":2.0},{"damage":58.0,"enemies":"Collector","floor":33.0,"turns":6.0},{"damage":12.0,"enemies":"Orb Walker","floor":35.0,"turns":2.0},{"damage":56.0,"enemies":"3 Shapes","floor":36.0,"turns":6.0},{"damage":13.0,"enemies":"Transient","floor":38.0,"turns":5.0},{"damage":77.0,"enemies":"Reptomancer","floor":40.0,"turns":6.0},{"damage":73.0,"enemies":"Writhing Mass","floor":41.0,"turns":7.0},{"damage":69,"enemies":"Nemesis","floor":44,"turns":7},{"damage":38,"enemies":"Spire Growth","floor":45,"turns":5},{"damage":27,"enemies":"Giant Head","floor":46,"turns":5},{"damage":20,"enemies":"Transient","floor":47,"turns":5},{"damage":81,"enemies":"Time Eater","floor":50,"turns":7}],"seed_played":"4890668770295915149","potions_obtained":[{"floor":3.0,"key":"AttackPotion"},{"floor":8.0,"key":"Strength Potion"},{"floor":14.0,"key":"PowerPotion"},{"floor":22.0,"key":"Explosive Potion"},{"floor":24.0,"key":"BlessingOfTheForge"},{"floor":33.0,"key":"GamblersBrew"},{"floor":35.0,"key":"LiquidMemories"},{"floor":40.0,"key":"HeartOfIron"},{"floor":47,"key":"Weak Potion"}],"is_trial":false,"path_per_floor":["M","M","M","?","?","R","E","M","T","$","E","?","$","M","R","B",null,"M","M","?","?","M","R","E","R","T","M","R","M","?","$","R","B",null,"M","M","?","M","?","E","M","R","T","E","M","E","M","?","R","B",null],"character_chosen":"IRONCLAD","items_purchased":["Dual Wield","Sling","Evolve"],"campfire_rested":0,"item_purchase_floors":[10,10,31],"current_hp_per_floor":[73,75,75,68,68,68,48,46,46,46,34,34,34,48,48,17,55,49,41,41,68,67,67,66,66,66,72,72,72,72,72,72,72,72,66,76,72,76,76,80,66,66,66,46,32,34,42,42,42,73],"gold":641,"neow_bonus":"ONE_RANDOM_RARE_CARD","is_daily":false,"chose_seed":false,"campfire_upgraded":8,"win_rate":0.0,"timestamp":1611474872,"path_taken":["M","M","M","?","?","R","E","M","T","$","E","?","$","M","R","BOSS","M","M","?","?","M","R","E","R","T","M","R","?","?","?","R","BOSS","M","M","?","?","?","E","M","R","T","E","M","E","?","?","R","BOSS"],"items_purchased_type":["Card","Relic","Card"],"build_version":"2020-12-22","purchased_purges":1,"victory":true,"max_hp_per_floor":[75,75,75,75,75,75,75,75,75,75,75,68,68,68,68,68,68,68,68,68,68,68,68,68,68,68,72,72,72,72,72,72,72,72,72,76,76,76,76,80,84,84,84,88,88,92,92,92,92,92],"card_choices":[{"not_picked":["Heavy Blade","Sentinel"],"picked":"Infernal Blade","floor":1.0},{"not_picked":["Heavy Blade","Intimidate"],"picked":"Headbutt","floor":2.0},{"not_picked":["Havoc","Wild Strike"],"picked":"Inflame","floor":3.0},{"not_picked":["Metallicize","Sword Boomerang"],"picked":"Heavy Blade","floor":7.0},{"not_picked":["Warcry","Havoc"],"picked":"Flame Barrier","floor":8.0},{"not_picked":["Body Slam","Intimidate"],"picked":"Reaper","floor":11.0},{"not_picked":["Wild Strike","Searing Blow","Body Slam"],"picked":"SKIP","floor":14.0},{"not_picked":["Bludgeon","Immolate"],"picked":"Reaper","floor":16.0},{"not_picked":["Wild Strike","Clash","Flame Barrier"],"picked":"SKIP","floor":18.0},{"not_picked":["Warcry","Body Slam","Rampage"],"picked":"SKIP","floor":19.0},{"not_picked":["Headbutt","Metallicize"],"picked":"Shockwave","floor":22.0},{"not_picked":["Infernal Blade","Sever Soul"],"picked":"Feed","floor":24.0},{"not_picked":["Wild Strike","Warcry","Searing Blow"],"picked":"SKIP","floor":27.0},{"not_picked":["Heavy Blade","Warcry","Wild Strike"],"picked":"SKIP","floor":29.0},{"not_picked":["Reaper","Immolate"],"picked":"Offering","floor":33.0},{"not_picked":["Perfected Strike","Flame Barrier","Clash"],"picked":"SKIP","floor":35.0},{"not_picked":["Whirlwind","Anger"],"picked":"Ghostly Armor","floor":36.0},{"not_picked":["Sever Soul","Sword Boomerang","Ghostly Armor"],"picked":"SKIP","floor":38.0},{"not_picked":["Clash","Wild Strike+1","Fire Breathing+1"],"picked":"SKIP","floor":40.0},{"not_picked":["Armaments","Shockwave+1"],"picked":"Heavy Blade","floor":41.0},{"not_picked":["Feed","Sentinel"],"picked":"Burning Pact","floor":44},{"not_picked":["Carnage+1","Clothesline+1","Havoc"],"picked":"SKIP","floor":45},{"not_picked":["Sever Soul","Perfected Strike","Disarm"],"picked":"SKIP","floor":46},{"not_picked":["Iron Wave","Clothesline","Cleave"],"picked":"SKIP","floor":47}],"player_experience":694813,"relics_obtained":[{"floor":7.0,"key":"Pocketwatch"},{"floor":9.0,"key":"Letter Opener"},{"floor":11.0,"key":"Happy Flower"},{"floor":24.0,"key":"White Beast Statue"},{"floor":26.0,"key":"Pantograph"},{"floor":40.0,"key":"Ancient Tea Set"},{"floor":43.0,"key":"CaptainsWheel"},{"floor":44,"key":"Gremlin Horn"},{"floor":46,"key":"Toy Ornithopter"}],"event_choices":[{"cards_removed":["Strike_R"],"damage_healed":0.0,"max_hp_gain":0.0,"max_hp_loss":0.0,"gold_gain":0.0,"event_name":"Golden Wing","player_choice":"Card Removal","floor":4.0,"gold_loss":0.0,"damage_taken":7.0},{"damage_healed":0.0,"max_hp_gain":0.0,"max_hp_loss":0.0,"gold_gain":0.0,"event_name":"Liars Game","player_choice":"Ignored","floor":5.0,"gold_loss":0.0,"damage_taken":0.0},{"damage_healed":0.0,"max_hp_gain":0.0,"max_hp_loss":7.0,"gold_gain":0.0,"event_name":"Golden Idol","player_choice":"Lose Max HP","floor":12.0,"gold_loss":0.0,"damage_taken":0.0,"relics_obtained":["Golden Idol"]},{"damage_healed":0.0,"max_hp_gain":0.0,"max_hp_loss":0.0,"gold_gain":0.0,"event_name":"Drug Dealer","player_choice":"Obtain J.A.X.","floor":20.0,"gold_loss":0.0,"damage_taken":0.0,"cards_obtained":["J.A.X."]},{"damage_healed":27.0,"max_hp_gain":0.0,"max_hp_loss":0.0,"gold_gain":0.0,"event_name":"Wheel of Change","player_choice":"Full Heal","floor":21.0,"gold_loss":0.0,"damage_taken":0.0},{"damage_healed":0.0,"max_hp_gain":0.0,"max_hp_loss":0.0,"gold_gain":0.0,"event_name":"FaceTrader","player_choice":"Trade","floor":30.0,"gold_loss":0.0,"damage_taken":0.0,"relics_obtained":["SsserpentHead"]},{"damage_healed":0.0,"max_hp_gain":0.0,"max_hp_loss":0.0,"gold_gain":0.0,"event_name":"The Woman in Blue","player_choice":"Bought 0 Potions","floor":37.0,"gold_loss":0.0,"damage_taken":0.0},{"cards_removed":["Strike_R"],"damage_healed":0.0,"max_hp_gain":0.0,"max_hp_loss":0.0,"gold_gain":0.0,"event_name":"Designer","player_choice":"Upgrade and Remove","floor":39.0,"gold_loss":110.0,"damage_taken":0.0,"cards_upgraded":["Reaper"]},{"damage_healed":0,"gold_gain":0,"player_choice":"Ignored","damage_taken":0,"max_hp_gain":0,"max_hp_loss":0,"event_name":"Tomb of Lord Red Mask","floor":48,"gold_loss":0}],"is_beta":false,"boss_relics":[{"not_picked":["Pandora\u0027s Box","Velvet Choker"],"picked":"Astrolabe"},{"not_picked":["Black Blood","Mark of Pain"],"picked":"Coffee Dripper"}],"items_purged_floors":[31],"is_endless":false,"potions_floor_spawned":[3,8,14,22,24,27,29,33,35,36,38,40,41,44,45,46,47],"ascension_level":16}}