{"host":"7gewg82ormp6yt4e","time":1611493188,"event":{"mods":["BaseMod","Block Reminder","Colored Map","DeckTracker","Highlight Path","Minty Spire (QoL Compilation)","Relic Stats","StSLib","ojb\u0027s Info Mod"],"gold_per_floor":[119,138,138,138,149,149,38,63,63,63,63,82,82,93,93,168,168,181,106,117,36,236,236,247,247,247,273,273,292,48,62,62,138,138,154,154,154,164,184,184,184],"floor_reached":40,"language":"JPN","playtime":2551,"items_purged":[],"score":962,"play_id":"05f18bb4-aed2-4fb2-9662-cd7e63a92925","local_time":"20210124215948","is_ascension_mode":true,"campfire_choices":[{"data":"Ball Lightning","floor":6,"key":"SMITH"},{"floor":10,"key":"REST"},{"data":"Recycle","floor":13,"key":"SMITH"},{"data":"Beam Cell","floor":15,"key":"SMITH"},{"data":"Defragment","floor":23,"key":"SMITH"},{"floor":28,"key":"REST"},{"data":"Seek","floor":32,"key":"SMITH"}],"circlet_count":0,"master_deck":["AscendersBane","Defend_B+1","Zap","Dualcast","Injury","Genetic Algorithm+1","Recycle+1","Compile Driver","Defragment+1","Ball Lightning+1","Coolheaded","Conserve Battery","Undo","Beam Cell+1","Core Surge","Glacier","Rip and Tear","Defragment+1","Undo","Parasite","Seek+1","Darkness","Electrodynamics","Skim+1","Auto Shields+1","Chill+1","Static Discharge","The Bomb","Good Instincts","Glacier+1"],"relics":["Cracked Core","Du-Vu Doll","InkBottle","Cursed Key","Torii","Bag of Marbles","Astrolabe"],"acts_visited":["Exordium","TheCity","TheBeyond"],"potions_floor_usage":[8,16,16,27,33,33],"damage_taken":[{"damage":12,"enemies":"Small Slimes","floor":1,"turns":3},{"damage":9,"enemies":"Jaw Worm","floor":2,"turns":3},{"damage":4,"enemies":"2 Louse","floor":5,"turns":3},{"damage":34,"enemies":"3 Sentries","floor":8,"turns":7},{"damage":11,"enemies":"Large Slime","floor":12,"turns":4},{"damage":0,"enemies":"3 Louse","floor":14,"turns":3},{"damage":2,"enemies":"The Guardian","floor":16,"turns":10},{"damage":7,"enemies":"Shell Parasite","floor":18,"turns":6},{"damage":2,"enemies":"2 Thieves","floor":20,"turns":4},{"damage":0,"enemies":"Snecko","floor":24,"turns":6},{"damage":12,"enemies":"Gremlin Leader","floor":27,"turns":7},{"damage":0,"enemies":"Sentry and Sphere","floor":29,"turns":5},{"damage":6,"enemies":"Shelled Parasite and Fungi","floor":31,"turns":6},{"damage":0,"enemies":"Champ","floor":33,"turns":15},{"damage":1,"enemies":"3 Darklings","floor":35,"turns":6},{"damage":0,"enemies":"Orb Walker","floor":38,"turns":4},{"damage":0,"enemies":"4 Shapes","floor":39,"turns":5},{"damage":97,"enemies":"Giant Head","floor":40,"turns":11}],"seed_played":"5043934985155583485","potions_obtained":[{"floor":5,"key":"AttackPotion"},{"floor":14,"key":"DuplicationPotion"},{"floor":24,"key":"LiquidBronze"},{"floor":31,"key":"AttackPotion"},{"floor":38,"key":"BlessingOfTheForge"}],"is_trial":false,"path_per_floor":["M","M","?","?","M","R","$","E","T","R","?","M","R","M","R","B",null,"M","?","M","$","?","R","M","?","T","E","R","M","$","M","R","B",null,"M","?","?","M","M","E"],"character_chosen":"DEFECT","items_purchased":["FearPotion","Coolheaded","Defragment","DuplicationPotion","Seek"],"campfire_rested":2,"item_purchase_floors":[7,7,21,30,30],"current_hp_per_floor":[52,43,22,45,41,41,41,7,7,28,28,17,17,17,17,15,57,50,50,48,48,48,48,48,48,48,36,57,57,57,51,51,51,66,65,55,71,71,71,0,0],"gold":184,"neow_bonus":"TRANSFORM_TWO_CARDS","is_daily":false,"chose_seed":false,"campfire_upgraded":5,"win_rate":0.0,"timestamp":1611493188,"path_taken":["M","M","?","?","M","R","$","E","T","R","?","M","R","M","R","BOSS","M","?","M","$","?","R","?","?","T","E","R","M","$","M","R","BOSS","M","?","?","?","M","E"],"items_purchased_type":["Potion","Card","Card","Potion","Card"],"build_version":"2020-12-22","purchased_purges":0,"victory":false,"max_hp_per_floor":[71,71,71,71,71,71,71,71,71,71,71,71,71,71,71,71,71,71,71,71,71,71,71,71,71,71,71,71,71,71,71,71,71,71,71,71,71,71,71,71,71],"relic_stats":{"Torii":12,"counters":[18,108],"Astrolabe":["Skim","Auto Shields","Chill"],"Cursed Key":1,"obtain_stats":[{"Du-Vu Doll":8,"Torii":26,"Astrolabe":34,"Bag of Marbles":27,"Cracked Core":0,"Cursed Key":17,"InkBottle":9},{"Du-Vu Doll":4,"Torii":10,"Astrolabe":14,"Bag of Marbles":11,"Cracked Core":0,"Cursed Key":7,"InkBottle":4},{"Du-Vu Doll":16,"Torii":49,"Astrolabe":82,"Bag of Marbles":56,"Cracked Core":0,"Cursed Key":33,"InkBottle":16}],"InkBottle":[32]},"card_choices":[{"not_picked":["Gash","Capacitor"],"picked":"Compile Driver","floor":1},{"not_picked":["Leap","Cold Snap"],"picked":"Defragment","floor":2},{"not_picked":["Coolheaded","Rebound"],"picked":"Ball Lightning","floor":5},{"not_picked":["Reboot","Redo"],"picked":"Conserve Battery","floor":8},{"not_picked":["Chaos","Force Field"],"picked":"Undo","floor":12},{"not_picked":["Turbo","Hello World"],"picked":"Beam Cell","floor":14},{"not_picked":["Thunder Strike","Fission"],"picked":"Core Surge","floor":16},{"not_picked":["Compile Driver+1","Turbo"],"picked":"Glacier","floor":18},{"not_picked":["Compile Driver","Beam Cell"],"picked":"Rip and Tear","floor":20},{"not_picked":["Aggregate","Conserve Battery","Rebound"],"picked":"SKIP","floor":24},{"not_picked":["Recycle","Barrage","BootSequence"],"picked":"SKIP","floor":27},{"not_picked":["Steam","Turbo","Stack"],"picked":"SKIP","floor":29},{"not_picked":["Rebound+1","Static Discharge"],"picked":"Darkness","floor":31},{"not_picked":["Buffer","Core Surge"],"picked":"Electrodynamics","floor":33},{"not_picked":["Beam Cell+1","Skim"],"picked":"Static Discharge","floor":35},{"not_picked":["Forethought","Bandage Up"],"picked":"The Bomb","floor":36},{"not_picked":["Enlightenment","Mayhem"],"picked":"Good Instincts","floor":36},{"not_picked":["Static Discharge","Ball Lightning+1","Stack"],"picked":"SKIP","floor":38},{"not_picked":["Reprogram","Fusion"],"picked":"Glacier+1","floor":39}],"player_experience":2677695,"relics_obtained":[{"floor":8,"key":"Du-Vu Doll"},{"floor":9,"key":"InkBottle"},{"floor":26,"key":"Torii"},{"floor":27,"key":"Bag of Marbles"}],"event_choices":[{"damage_healed":0,"gold_gain":0,"player_choice":"Entered Light","damage_taken":21,"max_hp_gain":0,"max_hp_loss":0,"event_name":"Shining Light","floor":3,"gold_loss":0,"cards_upgraded":["Genetic Algorithm","Defend_B"]},{"damage_healed":23,"gold_gain":0,"player_choice":"Banana","damage_taken":0,"max_hp_gain":0,"max_hp_loss":0,"event_name":"Big Fish","floor":4,"gold_loss":0},{"damage_healed":0,"gold_gain":0,"player_choice":"Grow","damage_taken":0,"max_hp_gain":0,"max_hp_loss":0,"event_name":"Living Wall","floor":11,"gold_loss":0,"cards_upgraded":["Defragment"]},{"cards_removed":["Strike_B"],"damage_healed":0,"gold_gain":0,"player_choice":"Gave Gold","damage_taken":0,"max_hp_gain":0,"max_hp_loss":0,"event_name":"Beggar","floor":19,"gold_loss":75},{"damage_healed":0,"gold_gain":200,"player_choice":"Gold","damage_taken":0,"max_hp_gain":0,"max_hp_loss":0,"event_name":"Wheel of Change","floor":22,"gold_loss":0},{"damage_healed":0,"gold_gain":0,"cards_transformed":["Strike_B","Strike_B"],"player_choice":"Became Test Subject","damage_taken":0,"max_hp_gain":0,"max_hp_loss":0,"event_name":"Drug Dealer","floor":25,"gold_loss":0,"cards_obtained":["Undo","Force Field"]},{"damage_healed":0,"gold_gain":0,"player_choice":"Memory 3","damage_taken":10,"max_hp_gain":0,"max_hp_loss":0,"event_name":"SensoryStone","floor":36,"gold_loss":0},{"damage_healed":16,"gold_gain":0,"player_choice":"Full Heal","damage_taken":0,"max_hp_gain":0,"max_hp_loss":0,"event_name":"Wheel of Change","floor":37,"gold_loss":0}],"is_beta":false,"boss_relics":[{"not_picked":["Velvet Choker","SlaversCollar"],"picked":"Cursed Key"},{"not_picked":["Tiny House","Coffee Dripper"],"picked":"Astrolabe"}],"items_purged_floors":[],"is_endless":false,"potions_floor_spawned":[5,14,24,31,38],"killed_by":"Giant Head","ascension_level":20}}