{"host":"er8s5flrc5z1a07t","time":1611482780,"event":{"mods":["2.2 Compatiblity","Act Like it!","Aspiration","Bard","BaseMod","Better Note","Better Third Choice","Downfall","Duelist Mod","Elementarium","Energized Spire","GifTheSpireLib","Googly Eyes","Hermit","Hubris","Infinite Spire","Minty Spire (QoL Compilation)","Relic Stats","Shop Mod","StSLib","Stuff the Spire","Synergy Search","The Cursed"],"gold_per_floor":[110,110,120,138,6,38,63,63,89,89,144,144,173,173,173,257,257,240,240,240,256,270,270,272,272,272,272,305,322,247,247,247,325,325,347,358,358,358,358,358,360,360,360,376,421,425,425],"floor_reached":46,"language":"ENG","playtime":1294,"items_purged":["downfall:Bewildered"],"score":967,"play_id":"2b56b103-cc13-4fb7-8a6d-dd7723171173","local_time":"20210124050620","is_ascension_mode":true,"campfire_choices":[{"data":"StuffTheSpire:Synthwave","floor":8,"key":"SMITH"},{"data":"Loop","floor":10,"key":"SMITH"},{"data":"Coolheaded","floor":12,"key":"SMITH"},{"floor":15,"key":"REST"},{"data":"infinitespire:Oblivion","floor":23,"key":"SMITH"},{"floor":25,"key":"REST"},{"data":"StuffTheSpire:Synthwave","floor":27,"key":"SMITH"},{"floor":32,"key":"REST"},{"data":"aspiration:Polymerization","floor":40,"key":"SMITH"},{"data":"Enlightenment","floor":42,"key":"SMITH"}],"circlet_count":0,"master_deck":["AscendersBane","Zap","Dualcast","Loop+1","Compile Driver","StuffTheSpire:Synthwave+1","Streamline","Coolheaded+1","CurseOfTheBell","CurseOfTheBell","Thunder Strike","StuffTheSpire:Snapshot","Self Repair","infinitespire:Oblivion+1","StuffTheSpire:Synthwave+1","Conserve Battery","Electrodynamics","Lockon","StuffTheSpire:LaunchingStrike","Hyperbeam","White Noise","StuffTheSpire:LaunchingStrike","Defragment+1","Chaos","aspiration:Polymerization+1","Enlightenment+1","Impatience","Barrage","infinitespire:Starlight","Coolheaded+1"],"relics":["Cracked Core","aspiration:ChemicalBlood","hubris:PeanutButter","hubris:DisguiseKit","DataDisk","hubris:SlimyHat","hubris:TenFootPole","downfall:ExtraCursedBell","StuffTheSpire:GrapeVine","infinitespire:Midas Blood","Du-Vu Doll","Black Star","sneckomod:BabySnecko","Lantern","energizedSpire:NeverEndingSparkler","aspiration:RitualStick","Singing Bowl","Juzu Bracelet","infinitespire:SolderingIron","hubris:Towel","Pandora\u0027s Box","hubris:Icosahedron","Slimebound:PreparedRelic","hubris:RGBLights","infinitespire:Lychee Nut","Shuriken"],"acts_visited":["Exordium","TheCity","TheBeyond"],"potions_floor_usage":[6,6,13,16,16,18,22,28,33,33,45,45],"damage_taken":[{"damage":7,"enemies":"Jaw Worm","floor":1,"turns":3},{"damage":0,"enemies":"Cultist","floor":3,"turns":3},{"damage":2,"enemies":"Small Slimes","floor":4,"turns":3},{"damage":12,"enemies":"Lagavulin","floor":6,"turns":4},{"damage":38,"enemies":"Gremlin Nob","floor":13,"turns":4},{"damage":22,"enemies":"Hexaghost","floor":16,"turns":8},{"damage":21,"enemies":"2 Thieves","floor":18,"turns":4},{"damage":0,"enemies":"Chosen","floor":21,"turns":3},{"damage":4,"enemies":"Snake Plant","floor":22,"turns":3},{"damage":30,"enemies":"Gremlin Leader","floor":28,"turns":4},{"damage":0,"enemies":"Centurion and Healer","floor":29,"turns":5},{"damage":10,"enemies":"hubris:MusketHawk","floor":33,"turns":5},{"damage":19,"enemies":"Orb Walker","floor":35,"turns":3},{"damage":0,"enemies":"3 Shapes","floor":36,"turns":3},{"damage":0,"enemies":"Maw","floor":44,"turns":4},{"damage":61,"enemies":"Nightmare","floor":45,"turns":4},{"damage":16,"enemies":"4 Shapes","floor":46,"turns":2}],"seed_played":"250316659943454096","potions_obtained":[{"floor":1,"key":"SkillPotion"},{"floor":3,"key":"hexamod:SoulburnPotion"},{"floor":6,"key":"bronze:BurnAndBuffPotion"},{"floor":13,"key":"GamblersBrew"},{"floor":16,"key":"SkillPotion"},{"floor":21,"key":"champ:CounterPotion"},{"floor":22,"key":"FearPotion"},{"floor":28,"key":"champ:CounterPotion"},{"floor":33,"key":"Energy Potion"},{"floor":35,"key":"Block Potion"}],"is_trial":false,"path_per_floor":["M","?","M","M","$","E","T","R","T","R","?","R","E","?","R","B",null,"M","?","AVR","M","M","R","?","R","T","R","E","M","?","?","R","B",null,"M","M","?","?","T","R","?","R","T","M","NM","M"],"character_chosen":"DEFECT","items_purchased":["StuffTheSpire:Synthwave","Streamline"],"campfire_rested":3,"item_purchase_floors":[5,5],"current_hp_per_floor":[57,57,57,55,55,43,43,43,43,43,43,43,5,5,26,4,54,33,33,33,40,43,43,34,55,55,55,32,41,41,41,62,59,70,53,60,60,60,60,60,58,58,58,65,11,0,0],"gold":425,"neow_bonus":"RANDOM_COMMON_RELIC","is_daily":false,"chose_seed":false,"campfire_upgraded":7,"win_rate":0.0,"timestamp":1611482780,"path_taken":["M","?","M","?","$","E","?","R","T","R","?","R","E","?","R","BOSS","M","?","AVR","M","M","R","?","R","T","R","E","M","?","?","R","BOSS","M","M","?","?","?","R","?","R","T","M","NM","M"],"items_purchased_type":["Card","Card"],"build_version":"2020-12-22","purchased_purges":1,"victory":false,"max_hp_per_floor":[71,71,71,71,71,71,71,71,71,71,71,71,71,71,71,71,71,71,71,71,71,71,71,71,71,71,71,71,73,73,73,73,73,73,75,75,75,75,75,75,75,75,75,75,56,56,56],"relic_stats":{"Singing Bowl":4,"counters":[17,65],"Shuriken":[0],"Pandora\u0027s Box":["Lockon","StuffTheSpire:LaunchingStrike","Hyperbeam","White Noise","StuffTheSpire:LaunchingStrike","Defragment","Chaos"],"Black Star":2,"Juzu Bracelet":1,"obtain_stats":[{"Lantern":20,"Singing Bowl":26,"hubris:SlimyHat":9,"StuffTheSpire:GrapeVine":14,"Juzu Bracelet":28,"aspiration:RitualStick":24,"infinitespire:SolderingIron":28,"hubris:Icosahedron":38,"downfall:ExtraCursedBell":14,"Cracked Core":0,"hubris:RGBLights":43,"aspiration:ChemicalBlood":0,"hubris:DisguiseKit":6,"hubris:Towel":31,"Du-Vu Doll":14,"sneckomod:BabySnecko":19,"DataDisk":7,"energizedSpire:NeverEndingSparkler":20,"infinitespire:Lychee Nut":45,"Shuriken":45,"hubris:PeanutButter":2,"Pandora\u0027s Box":34,"Slimebound:PreparedRelic":39,"hubris:TenFootPole":13,"Black Star":17,"infinitespire:Midas Blood":14},{"Lantern":7,"Singing Bowl":9,"hubris:SlimyHat":4,"StuffTheSpire:GrapeVine":5,"Juzu Bracelet":10,"aspiration:RitualStick":9,"infinitespire:SolderingIron":10,"hubris:Icosahedron":14,"downfall:ExtraCursedBell":5,"Cracked Core":0,"hubris:RGBLights":14,"aspiration:ChemicalBlood":0,"hubris:DisguiseKit":4,"hubris:Towel":11,"Du-Vu Doll":5,"sneckomod:BabySnecko":7,"DataDisk":4,"energizedSpire:NeverEndingSparkler":7,"infinitespire:Lychee Nut":16,"Shuriken":16,"hubris:PeanutButter":1,"Pandora\u0027s Box":12,"Slimebound:PreparedRelic":14,"hubris:TenFootPole":5,"Black Star":6,"infinitespire:Midas Blood":5},{"Lantern":29,"Singing Bowl":35,"hubris:SlimyHat":13,"StuffTheSpire:GrapeVine":17,"Juzu Bracelet":39,"aspiration:RitualStick":35,"infinitespire:SolderingIron":39,"hubris:Icosahedron":55,"downfall:ExtraCursedBell":17,"Cracked Core":0,"hubris:RGBLights":55,"aspiration:ChemicalBlood":0,"hubris:DisguiseKit":13,"hubris:Towel":44,"Du-Vu Doll":17,"sneckomod:BabySnecko":29,"DataDisk":13,"energizedSpire:NeverEndingSparkler":29,"infinitespire:Lychee Nut":63,"Shuriken":63,"hubris:PeanutButter":3,"Pandora\u0027s Box":49,"Slimebound:PreparedRelic":55,"hubris:TenFootPole":17,"Black Star":25,"infinitespire:Midas Blood":17}],"aspiration:RitualStick":[0]},"card_choices":[{"not_picked":["Consume","Scrape"],"picked":"Gash","floor":1},{"not_picked":["Storm","Turbo"],"picked":"Loop","floor":3},{"not_picked":["Stack","Barrage"],"picked":"Compile Driver","floor":4},{"not_picked":["Cold Snap","Hologram"],"picked":"Coolheaded","floor":6},{"not_picked":["StuffTheSpire:LoadUp","Sunder","Gash"],"picked":"SKIP","floor":13},{"not_picked":["Multi-Cast","hubris:Prefetch"],"picked":"Thunder Strike","floor":16},{"not_picked":["Skim","Genetic Algorithm"],"picked":"Self Repair","floor":18},{"not_picked":["Chaos","Tempest","Hello World"],"picked":"SKIP","floor":21},{"not_picked":["StuffTheSpire:LoadUp","StuffTheSpire:Plugnplay"],"picked":"StuffTheSpire:Synthwave","floor":22},{"not_picked":["Stack","Streamline"],"picked":"Conserve Battery","floor":28},{"not_picked":["Streamline+1","Go for the Eyes+1","StuffTheSpire:SnapShoot"],"picked":"Singing Bowl","floor":29},{"not_picked":["Multi-Cast","Buffer"],"picked":"Electrodynamics","floor":33},{"not_picked":["StuffTheSpire:Plugnplay","Rebound","Redo+1"],"picked":"Singing Bowl","floor":35},{"not_picked":["Chaos","Sweeping Beam"],"picked":"aspiration:Polymerization","floor":36},{"not_picked":["Madness","Panacea"],"picked":"Enlightenment","floor":41},{"not_picked":["The Bomb","Enlightenment"],"picked":"Impatience","floor":41},{"not_picked":["Rebound","Redo+1"],"picked":"Barrage","floor":44},{"not_picked":["infinitespire:FinalStrike","infinitespire:Fortify"],"picked":"infinitespire:Starlight","floor":45},{"not_picked":["Stack+1","StuffTheSpire:NuclearReactor"],"picked":"Coolheaded+1","floor":45}],"player_experience":1158867,"relics_obtained":[{"floor":6,"key":"hubris:DisguiseKit"},{"floor":7,"key":"DataDisk"},{"floor":9,"key":"hubris:SlimyHat"},{"floor":13,"key":"hubris:TenFootPole"},{"floor":14,"key":"StuffTheSpire:GrapeVine"},{"floor":14,"key":"infinitespire:Midas Blood"},{"floor":14,"key":"Du-Vu Doll"},{"floor":26,"key":"Singing Bowl"},{"floor":28,"key":"Juzu Bracelet"},{"floor":28,"key":"infinitespire:SolderingIron"},{"floor":39,"key":"Slimebound:PreparedRelic"},{"floor":43,"key":"hubris:RGBLights"},{"floor":45,"key":"infinitespire:Lychee Nut"},{"floor":45,"key":"Shuriken"}],"event_choices":[{"cards_removed":["Gash"],"damage_healed":0,"gold_gain":0,"player_choice":"Gave Card","damage_taken":0,"relics_obtained":["hubris:PeanutButter"],"max_hp_gain":0,"max_hp_loss":0,"event_name":"WeMeetAgain","floor":2,"gold_loss":0},{"damage_healed":0,"gold_gain":55,"player_choice":"Gained Gold","damage_taken":0,"max_hp_gain":0,"max_hp_loss":0,"event_name":"Golden Wing","floor":11,"gold_loss":0},{"cards_removed":["Strike_B"],"damage_healed":0,"gold_gain":0,"player_choice":"Gave Gold","damage_taken":0,"max_hp_gain":0,"max_hp_loss":0,"event_name":"Beggar","floor":30,"gold_loss":75},{"damage_healed":0,"gold_gain":0,"player_choice":"Memory 2","damage_taken":5,"max_hp_gain":0,"max_hp_loss":0,"event_name":"SensoryStone","floor":41,"gold_loss":0}],"is_beta":false,"boss_relics":[{"not_picked":["StuffTheSpire:ModemDavis","energizedSpire:MagnifyingGlass"],"picked":"Black Star"},{"not_picked":["energizedSpire:DeadBattery","StuffTheSpire:RunicConfusion"],"picked":"Pandora\u0027s Box"}],"items_purged_floors":[20],"is_endless":true,"potions_floor_spawned":[1,3,6,16,21,22,33,36,45],"killed_by":"4 Shapes","ascension_level":19}}