{"host":"i0avyit1s6jb1siw","time":1611487347,"event":{"mods":["BaseMod","DeckTracker","Dota2Spire","Highlight Path","Minty Spire (QoL Compilation)","Quick Restart","StSLib","SuperFastMode"],"gold_per_floor":[118,130,130,148,164,205,205,249,276,288,300,351,41,62,62,155,155,176,196,196,196,212,212,232,275,327,41,41,41,62,102,102,198,198,217,231,252,272,292,336,27,27,27,27,27,45,83,107,107,107,107,107,107,2,43,43,43],"floor_reached":56,"language":"ENG","playtime":1949,"items_purged":["Strike_G","Setup+1"],"score":2138,"play_id":"33329dbe-fd91-465c-8ac4-bd6b43076efc","local_time":"20210124122227","is_ascension_mode":true,"campfire_choices":[{"floor":7.0,"key":"REST"},{"floor":10.0,"key":"REST"},{"floor":15.0,"key":"REST"},{"floor":23.0,"key":"RECALL"},{"floor":28.0,"key":"REST"},{"floor":32.0,"key":"REST"},{"floor":42.0,"key":"REST"},{"floor":45.0,"key":"REST"},{"floor":49.0,"key":"REST"},{"floor":53.0,"key":"REST"}],"circlet_count":0,"master_deck":["AscendersBane","Survivor","Neutralize","Finisher","Crippling Poison","Blur","Blade Dance","Blade Dance+1","Accuracy","PiercingWail","Adrenaline","Caltrops","Flying Knee","Cloak And Dagger","Acrobatics","Adrenaline","Cloak And Dagger","Leg Sweep","After Image","Bane+1","Concentrate+1","Blur+1","Reflex","Cloak And Dagger","Prepared","Footwork","Backflip"],"relics":["Fusion Hammer","Golden Idol","Dota2Spire:AghanimScepter","Art of War","MawBank","Eternal Feather","Lantern","Sling","Pandora\u0027s Box","Dota2Spire:OctarineCore","Ornamental Fan","Dota2Spire:DrumOfEndurance","Mango","Astrolabe","Prayer Wheel","Membership Card","Dota2Spire:MonkeyKingBar","Blue Candle","Meat on the Bone","Nunchaku"],"acts_visited":["Exordium","TheCity","TheBeyond","TheEnding"],"potions_floor_usage":[],"damage_taken":[{"damage":0.0,"enemies":"Small Slimes","floor":1.0,"turns":4.0},{"damage":4.0,"enemies":"Jaw Worm","floor":2.0,"turns":2.0},{"damage":4.0,"enemies":"Cultist","floor":4.0,"turns":4.0},{"damage":1.0,"enemies":"Exordium Wildlife","floor":5.0,"turns":6.0},{"damage":21.0,"enemies":"Gremlin Nob","floor":6.0,"turns":4.0},{"damage":6.0,"enemies":"3 Sentries","floor":8.0,"turns":10.0},{"damage":54.0,"enemies":"Gremlin Nob","floor":12.0,"turns":5.0},{"damage":4.0,"enemies":"2 Fungi Beasts","floor":14.0,"turns":2.0},{"damage":14.0,"enemies":"Hexaghost","floor":16.0,"turns":8.0},{"damage":16.0,"enemies":"Shell Parasite","floor":18.0,"turns":3.0},{"damage":0.0,"enemies":"3 Byrds","floor":19.0,"turns":1.0},{"damage":2.0,"enemies":"Centurion and Healer","floor":22.0,"turns":3.0},{"damage":12.0,"enemies":"Snake Plant","floor":24.0,"turns":4.0},{"damage":17.0,"enemies":"Slavers","floor":25.0,"turns":3.0},{"damage":0.0,"enemies":"Shelled Parasite and Fungi","floor":30.0,"turns":2.0},{"damage":0.0,"enemies":"Book of Stabbing","floor":31.0,"turns":2.0},{"damage":0.0,"enemies":"Automaton","floor":33.0,"turns":6.0},{"damage":0.0,"enemies":"3 Shapes","floor":35.0,"turns":2.0},{"damage":8.0,"enemies":"3 Darklings","floor":36.0,"turns":5.0},{"damage":21.0,"enemies":"Jaw Worm Horde","floor":37.0,"turns":4.0},{"damage":0.0,"enemies":"Spire Growth","floor":38.0,"turns":5.0},{"damage":30.0,"enemies":"Sphere and 2 Shapes","floor":39.0,"turns":6.0},{"damage":7.0,"enemies":"Giant Head","floor":40.0,"turns":7.0},{"damage":0.0,"enemies":"Writhing Mass","floor":46.0,"turns":5.0},{"damage":0.0,"enemies":"Nemesis","floor":47.0,"turns":7.0},{"damage":14.0,"enemies":"Maw","floor":48.0,"turns":7.0},{"damage":9.0,"enemies":"Awakened One","floor":50.0,"turns":17.0},{"damage":57.0,"enemies":"Donu and Deca","floor":51.0,"turns":13.0},{"damage":0.0,"enemies":"Shield and Spear","floor":55.0,"turns":6.0},{"damage":74,"enemies":"The Heart","floor":56,"turns":3}],"seed_played":"-49515059500582842","potions_obtained":[{"floor":2.0,"key":"Dexterity Potion"},{"floor":6.0,"key":"SkillPotion"},{"floor":14.0,"key":"Strength Potion"},{"floor":16.0,"key":"Swift Potion"},{"floor":18.0,"key":"LiquidBronze"},{"floor":19.0,"key":"Regen Potion"},{"floor":31.0,"key":"LiquidMemories"},{"floor":33.0,"key":"BlessingOfTheForge"},{"floor":35.0,"key":"GamblersBrew"},{"floor":40.0,"key":"GhostInAJar"},{"floor":55.0,"key":"Strength Potion"}],"is_trial":false,"path_per_floor":["M","M","?","M","M","E","R","E","T","R","T","E","$","M","R","B",null,"M","M","?","?","M","R","M","E","T","$","R","?","M","E","R","B",null,"M","M","M","M","M","E","$","R","T","?","R","M","E","M","R","B","B",null,"R","$","E","B"],"character_chosen":"THE_SILENT","items_purchased":["Accuracy","Sling","Ornamental Fan","Membership Card","Dota2Spire:MonkeyKingBar","Swift Potion","Backflip"],"campfire_rested":9,"item_purchase_floors":[13,13,27,41,41,54,54],"current_hp_per_floor":[59,55,55,51,50,29,47,41,41,59,59,5,5,1,31,17,49,33,33,33,33,31,43,31,26,26,26,56,56,56,70,74,74,74,74,66,45,45,15,8,8,45,45,45,74,74,74,60,74,65,20,61,74,74,74,0,0],"gold":43,"neow_bonus":"BOSS_RELIC","is_daily":false,"chose_seed":false,"campfire_upgraded":0,"win_rate":0.0,"timestamp":1611487347,"path_taken":["M","M","?","M","M","E","R","E","T","R","?","E","$","M","R","BOSS","M","?","?","?","M","R","?","E","T","$","R","?","M","E","R","BOSS","M","M","M","M","?","E","$","R","T","?","R","M","E","M","R","BOSS","BOSS","R","$","E","BOSS"],"items_purchased_type":["Card","Relic","Relic","Relic","Relic","Potion","Card"],"build_version":"2020-12-22","purchased_purges":2,"victory":false,"max_hp_per_floor":[66,66,60,60,60,60,60,60,60,60,60,60,60,60,60,60,60,60,60,60,60,60,60,60,60,60,60,60,60,60,74,74,74,74,74,74,74,74,74,74,74,74,74,74,74,74,74,74,74,74,74,74,74,74,74,74,74],"card_choices":[{"not_picked":["Backflip","Dodge and Roll"],"picked":"Finisher","floor":1.0},{"not_picked":["Outmaneuver","Accuracy"],"picked":"Crippling Poison","floor":2.0},{"not_picked":["Deflect","Phantasmal Killer"],"picked":"Blur","floor":4.0},{"not_picked":["Acrobatics","Sucker Punch"],"picked":"Blade Dance","floor":5.0},{"not_picked":["Deflect","Sucker Punch"],"picked":"Blade Dance","floor":6.0},{"not_picked":["Outmaneuver","Bane"],"picked":"Dagger Spray","floor":8.0},{"not_picked":["Blade Dance","Dodge and Roll","Quick Slash"],"picked":"SKIP","floor":12.0},{"not_picked":["Burst","Bouncing Flask"],"picked":"PiercingWail","floor":14.0},{"not_picked":["Malaise","Phantasmal Killer"],"picked":"Adrenaline","floor":16.0},{"not_picked":["Catalyst","Infinite Blades","Flechettes"],"picked":"SKIP","floor":18.0},{"not_picked":["Deadly Poison","Dodge and Roll","Caltrops"],"picked":"SKIP","floor":19.0},{"not_picked":["Outmaneuver","Choke","Backstab+1"],"picked":"SKIP","floor":22.0},{"not_picked":["Envenom","Choke"],"picked":"Cloak And Dagger","floor":24.0},{"not_picked":["Blade Dance","Escape Plan"],"picked":"Leg Sweep","floor":25.0},{"not_picked":["Deadly Poison","Heel Hook","Dagger Throw"],"picked":"SKIP","floor":30.0},{"not_picked":["Prepared","Dagger Spray","Predator"],"picked":"SKIP","floor":31.0},{"not_picked":["Doppelganger","A Thousand Cuts"],"picked":"After Image","floor":33.0},{"not_picked":["Tactician","Slice"],"picked":"Blur+1","floor":35.0},{"not_picked":["Sucker Punch","Flying Knee","Corpse Explosion"],"picked":"SKIP","floor":36.0},{"not_picked":["Infinite Blades","Expertise","Flechettes"],"picked":"SKIP","floor":37.0},{"not_picked":["Sucker Punch","Underhanded Strike+1"],"picked":"Reflex","floor":38.0},{"not_picked":["Catalyst+1","Crippling Poison+1"],"picked":"Cloak And Dagger","floor":39.0},{"not_picked":["Dagger Spray","Deadly Poison","Slice"],"picked":"SKIP","floor":40.0},{"not_picked":["Finisher+1","Infinite Blades"],"picked":"Footwork","floor":46.0},{"not_picked":["Distraction","Deflect+1","Dagger Throw"],"picked":"SKIP","floor":46.0},{"not_picked":["Heel Hook","Masterful Stab+1","Calculated Gamble"],"picked":"SKIP","floor":47.0},{"not_picked":["Underhanded Strike","Deflect","Bane"],"picked":"SKIP","floor":48.0},{"not_picked":["Noxious Fumes","Dagger Throw","Bane+1"],"picked":"SKIP","floor":48.0},{"not_picked":["Grand Finale","Underhanded Strike","Quick Slash"],"picked":"SKIP","floor":55.0}],"player_experience":2324484,"relics_obtained":[{"floor":6.0,"key":"Dota2Spire:AghanimScepter"},{"floor":8.0,"key":"Art of War"},{"floor":9.0,"key":"MawBank"},{"floor":11.0,"key":"Eternal Feather"},{"floor":12.0,"key":"Lantern"},{"floor":25.0,"key":"Dota2Spire:OctarineCore"},{"floor":31.0,"key":"Mango"},{"floor":40.0,"key":"Prayer Wheel"},{"floor":43.0,"key":"Blue Candle"},{"floor":47.0,"key":"Meat on the Bone"},{"floor":55.0,"key":"Nunchaku"}],"event_choices":[{"damage_healed":0.0,"max_hp_gain":0.0,"max_hp_loss":6.0,"gold_gain":0.0,"event_name":"Golden Idol","player_choice":"Lose Max HP","floor":3.0,"gold_loss":0.0,"damage_taken":0.0,"relics_obtained":["Golden Idol"]},{"cards_removed":["Distraction"],"damage_healed":0.0,"max_hp_gain":0.0,"max_hp_loss":0.0,"gold_gain":0.0,"event_name":"Back to Basics","player_choice":"Elegance","floor":20.0,"gold_loss":0.0,"damage_taken":0.0},{"damage_healed":0.0,"max_hp_gain":0.0,"max_hp_loss":0.0,"gold_gain":0.0,"event_name":"Upgrade Shrine","player_choice":"Upgraded","floor":21.0,"gold_loss":0.0,"damage_taken":0.0,"cards_upgraded":["Blade Dance"]},{"cards_removed":["Deadly Poison"],"damage_healed":0.0,"max_hp_gain":0.0,"max_hp_loss":0.0,"gold_gain":0.0,"event_name":"WeMeetAgain","player_choice":"Gave Card","floor":29.0,"gold_loss":0.0,"damage_taken":0.0,"relics_obtained":["Dota2Spire:DrumOfEndurance"]},{"damage_healed":0.0,"max_hp_gain":0.0,"max_hp_loss":0.0,"gold_gain":0.0,"event_name":"Match and Keep!","player_choice":"1 cards matched","floor":44.0,"gold_loss":0.0,"damage_taken":0.0,"cards_obtained":["Prepared"]}],"is_beta":false,"boss_relics":[{"not_picked":["Velvet Choker","Runic Dome"],"picked":"Pandora\u0027s Box"},{"not_picked":["Calling Bell","Philosopher\u0027s Stone"],"picked":"Astrolabe"}],"items_purged_floors":[13,54],"is_endless":false,"potions_floor_spawned":[2,6,14,16,18,19,31,33,35,40,46,47,55],"killed_by":"The Heart","ascension_level":20}}