{"host":"uv5ws9rdk87e8i5k","time":1611524110,"event":{"mods":["AchievementEnabler","BaseMod","Colored Map","Minty Spire (QoL Compilation)","StSLib","SuperFastMode","The Necromancer","The Saiyan"],"gold_per_floor":[111,128,128,142,154,154,171,203,203,219,247,18,37,54,54,152,152,167,167,182,281,296,331,331,331,331],"floor_reached":25,"language":"ENG","playtime":644,"items_purged":[],"score":249,"play_id":"31fa9a33-16cf-4625-9d36-9118353769b0","local_time":"20210124153510","is_ascension_mode":true,"campfire_choices":[{"data":"Summon_Undead","floor":6.0,"key":"SMITH"},{"data":"Summon_Undead_Army","floor":15.0,"key":"SMITH"},{"data":"Summon_Undead_Army","floor":24,"key":"SMITH"}],"circlet_count":0,"master_deck":["Strike_W","Strike_W","Strike_W","Strike_W","Defend_W","Defend_W","Defend_W","Defend_W","Negative_Energy_Arrows","Bone_Wall","Negative_Energy_Sphere","Summon_Undead+1","Necrotic_Claws","Bone_Shift","Vampiric_Strike","Summon_Undead_Army+1","Finger_Of_Death","Necrotic_Claws","Summon_Undead_Army+1","Summon_Undead+1","Grasp_Heart","Exploit+1","Uncharnel","Life_Tap"],"relics":["Vampire_Amulet","MealTicket","Blood Vial","Ancient Tea Set","Regal Pillow","DollysMirror","Cursed Key","Eternal Feather"],"acts_visited":["Exordium","TheCity"],"potions_floor_usage":[23,25],"damage_taken":[{"damage":1.0,"enemies":"Cultist","floor":1.0,"turns":4.0},{"damage":1.0,"enemies":"Jaw Worm","floor":2.0,"turns":3.0},{"damage":0.0,"enemies":"2 Louse","floor":4.0,"turns":2.0},{"damage":0.0,"enemies":"2 Fungi Beasts","floor":5.0,"turns":3.0},{"damage":7.0,"enemies":"Red Slaver","floor":7.0,"turns":3.0},{"damage":9.0,"enemies":"Lagavulin","floor":8.0,"turns":7.0},{"damage":5.0,"enemies":"Blue Slaver","floor":10.0,"turns":3.0},{"damage":25.0,"enemies":"3 Sentries","floor":11.0,"turns":6.0},{"damage":3.0,"enemies":"3 Louse","floor":13.0,"turns":4.0},{"damage":7.0,"enemies":"Red Slaver","floor":14.0,"turns":4.0},{"damage":51.0,"enemies":"Hexaghost","floor":16.0,"turns":6.0},{"damage":9.0,"enemies":"Chosen","floor":18.0,"turns":4.0},{"damage":3.0,"enemies":"3 Byrds","floor":20.0,"turns":3.0},{"damage":18.0,"enemies":"Centurion and Healer","floor":22.0,"turns":6.0},{"damage":17,"enemies":"Slavers","floor":23,"turns":5},{"damage":76,"enemies":"Gremlin Leader","floor":25,"turns":4}],"seed_played":"2938800522872882679","potions_obtained":[{"floor":2.0,"key":"GamblersBrew"},{"floor":3.0,"key":"EssenceOfSteel"},{"floor":3.0,"key":"FearPotion"},{"floor":7.0,"key":"Energy Potion"},{"floor":10.0,"key":"Fire Potion"},{"floor":11.0,"key":"Explosive Potion"},{"floor":14.0,"key":"AttackPotion"},{"floor":18.0,"key":"SneckoOil"},{"floor":22.0,"key":"Fire Potion"}],"is_trial":false,"path_per_floor":["M","M","?","M","M","R","M","E","T","M","E","$","M","M","R","B",null,"M","?","M","?","M","E","R","E"],"character_chosen":"NECROMANCER","items_purchased":["Summon_Undead_Army","DollysMirror"],"campfire_rested":0,"item_purchase_floors":[12,12],"current_hp_per_floor":[75,75,75,75,75,75,70,65,65,66,57,72,75,75,75,26,75,70,56,61,61,57,56,68,0,0],"gold":331,"neow_bonus":"RANDOM_COMMON_RELIC","is_daily":false,"chose_seed":false,"campfire_upgraded":3,"win_rate":0.0,"timestamp":1611524110,"path_taken":["M","M","?","M","M","R","M","E","T","M","E","$","M","?","R","BOSS","M","?","M","?","M","E","R","E"],"items_purchased_type":["Card","Relic"],"build_version":"2020-12-22","purchased_purges":0,"victory":false,"max_hp_per_floor":[75,75,75,75,75,75,75,75,75,75,75,75,75,75,75,75,75,75,80,80,80,80,80,80,80,80],"card_choices":[{"not_picked":["Blood_Whip","Blood_Curse"],"picked":"Negative_Energy_Sphere","floor":1.0},{"not_picked":["Slay_Living","Spectral_Armor"],"picked":"Summon_Undead","floor":2.0},{"not_picked":["Spectral_Armor","Corrupt"],"picked":"Necrotic_Claws","floor":4.0},{"not_picked":["Whirlwind_of_Bones","Bone_Spikes"],"picked":"Bone_Shift","floor":5.0},{"not_picked":["Scare","Bone_Armor"],"picked":"Vampiric_Strike","floor":7.0},{"not_picked":["Shackles_Of_Pain","Epidemic"],"picked":"Summon_Undead_Army","floor":8.0},{"not_picked":["Blood_Whip","Blood_Curse"],"picked":"Finger_Of_Death","floor":10.0},{"not_picked":["Bone_Armor","Corrupt"],"picked":"Necrotic_Claws","floor":11.0},{"not_picked":["Death_March_Dance","Shackles_Of_Pain","Negative_Energy_Mist"],"picked":"SKIP","floor":13.0},{"not_picked":["Death_Knell","Scare","Bones_to_Steel"],"picked":"SKIP","floor":14.0},{"not_picked":["Reap_The_Weak","Requiem"],"picked":"Grasp_Heart","floor":16.0},{"not_picked":["Stop_Heart+1","Necrotic_Claws"],"picked":"Exploit+1","floor":18.0},{"not_picked":["Strike_from_Beyond+1","Bones_to_Steel","Bone_Shift"],"picked":"SKIP","floor":20.0},{"not_picked":["Life_Drain","Plague_Bolt"],"picked":"Uncharnel","floor":22.0},{"not_picked":["Cloudkill","Violent_Necrosis"],"picked":"Life_Tap","floor":23}],"player_experience":238696,"relics_obtained":[{"floor":8.0,"key":"Blood Vial"},{"floor":9.0,"key":"Ancient Tea Set"},{"floor":11.0,"key":"Regal Pillow"},{"floor":23,"key":"Eternal Feather"}],"event_choices":[{"damage_healed":0.0,"max_hp_gain":0.0,"max_hp_loss":0.0,"gold_gain":0.0,"event_name":"Lab","player_choice":"Got Potions","floor":3.0,"gold_loss":0.0,"damage_taken":0.0},{"damage_healed":0.0,"max_hp_gain":5.0,"max_hp_loss":0.0,"gold_gain":0.0,"event_name":"Forgotten Altar","player_choice":"Shed Blood","floor":19.0,"gold_loss":0.0,"damage_taken":19.0},{"damage_healed":0.0,"max_hp_gain":0.0,"max_hp_loss":0.0,"gold_gain":99.0,"event_name":"Nest","player_choice":"Stole From Cult","floor":21.0,"gold_loss":0.0,"damage_taken":0.0}],"is_beta":false,"boss_relics":[{"not_picked":["SlaversCollar","Runic Dome"],"picked":"Cursed Key"}],"items_purged_floors":[],"is_endless":false,"potions_floor_spawned":[2,7,10,11,14,18,22],"killed_by":"Gremlin Leader","ascension_level":1}}