{"host":"n6qxj7a4gnapjcui","time":1611506003,"event":{"mods":["2.2 Compatiblity","AchievementEnabler","BaseMod","Colored Map","Minty Spire (QoL Compilation)"],"gold_per_floor":[218,218,6,16,31,31,60,60,133,133,208,208,240,83,83,188,188,208,208,208,220,240,240,273,273,273,16,16,35,52,71,71,168,168,183,203,203,203,213,239,239,239],"floor_reached":41,"language":"POL","playtime":2142,"items_purged":["Strike_R"],"score":699,"play_id":"aee1f8d8-5741-42cf-a1c7-fd9b3e75b364","local_time":"20210124173323","is_ascension_mode":true,"campfire_choices":[{"data":"Dark Embrace","floor":6,"key":"SMITH"},{"data":"True Grit","floor":8,"key":"SMITH"},{"floor":10,"key":"REST"},{"floor":15,"key":"REST"},{"floor":23,"key":"REST"},{"floor":25,"key":"REST"},{"floor":32,"key":"REST"}],"circlet_count":0,"master_deck":["Strike_R","Defend_R","Defend_R","Defend_R","Defend_R","Bash","Infernal Blade","Dark Embrace+1","True Grit+1","Cleave","Twin Strike","Havoc","Rampage","Uppercut+1","Inflame","Anger+1","Pommel Strike+1","Feel No Pain","Power Through","Spot Weakness","Rupture","Offering","Armaments","Fiend Fire","Power Through+1","Headbutt+1","Blind","Rage+1","Thunderclap+1"],"relics":["Burning Blood","Bag of Marbles","Mercury Hourglass","Matryoshka","Toolbox","Empty Cage","Lizard Tail","Bottled Lightning","Boot","InkBottle","Blood Vial","SlaversCollar","Gremlin Horn"],"acts_visited":["Exordium","TheCity","TheBeyond"],"potions_floor_usage":[22,24,24,33,33,40,40,41],"damage_taken":[{"damage":9,"enemies":"Jaw Worm","floor":1,"turns":5},{"damage":7,"enemies":"2 Louse","floor":4,"turns":2},{"damage":2,"enemies":"Small Slimes","floor":5,"turns":4},{"damage":61,"enemies":"Lagavulin","floor":7,"turns":9},{"damage":26,"enemies":"Gremlin Nob","floor":13,"turns":4},{"damage":0,"enemies":"Slime Boss","floor":16,"turns":7},{"damage":12,"enemies":"3 Byrds","floor":18,"turns":5},{"damage":8,"enemies":"2 Thieves","floor":21,"turns":2},{"damage":48,"enemies":"Sentry and Sphere","floor":22,"turns":6},{"damage":61,"enemies":"Slavers","floor":24,"turns":5},{"damage":10,"enemies":"Chosen and Byrds","floor":29,"turns":6},{"damage":32,"enemies":"3 Cultists","floor":30,"turns":6},{"damage":18,"enemies":"Cultist and Chosen","floor":31,"turns":3},{"damage":88,"enemies":"Automaton","floor":33,"turns":9},{"damage":6,"enemies":"Orb Walker","floor":35,"turns":1},{"damage":52,"enemies":"3 Shapes","floor":36,"turns":8},{"damage":44,"enemies":"Transient","floor":39,"turns":5},{"damage":40,"enemies":"Reptomancer","floor":40,"turns":7},{"damage":18,"enemies":"Spire Growth","floor":41,"turns":5}],"seed_played":"-7413122970030265076","potions_obtained":[{"floor":7,"key":"CultistPotion"},{"floor":13,"key":"Weak Potion"},{"floor":16,"key":"BloodPotion"},{"floor":22,"key":"Fruit Juice"},{"floor":24,"key":"Weak Potion"},{"floor":31,"key":"AttackPotion"},{"floor":33,"key":"SneckoOil"},{"floor":39,"key":"Ancient Potion"},{"floor":40,"key":"Dexterity Potion"}],"is_trial":false,"path_per_floor":["M","?","$","M","M","R","E","R","T","R","?","?","E","$","R","B",null,"M","?","?","M","M","R","E","R","T","$","?","M","M","M","R","B",null,"M","M","?","?","M","E","M"],"character_chosen":"IRONCLAD","items_purchased":["Dark Embrace","True Grit","Cleave","Toolbox","Feel No Pain","Blood Vial","Power Through"],"campfire_rested":5,"item_purchase_floors":[3,3,3,14,27,27,27],"current_hp_per_floor":[69,74,74,73,77,77,22,22,22,47,36,29,9,9,34,40,74,68,68,68,66,29,56,19,46,46,46,46,44,20,10,37,41,78,80,36,79,79,41,9,0,0],"gold":239,"neow_bonus":"HUNDRED_GOLD","is_daily":false,"chose_seed":false,"campfire_upgraded":2,"win_rate":0.0,"timestamp":1611506003,"path_taken":["M","?","$","M","M","R","E","R","T","R","?","?","E","$","R","BOSS","M","?","?","M","M","R","E","R","T","$","?","?","M","?","R","BOSS","M","M","?","?","M","E","M"],"items_purchased_type":["Card","Card","Card","Relic","Card","Relic","Card"],"build_version":"2020-12-22","purchased_purges":1,"victory":false,"max_hp_per_floor":[80,85,85,85,85,85,85,85,85,85,85,85,85,85,85,85,85,85,85,85,85,90,90,90,90,90,90,90,90,90,90,90,90,90,90,90,79,79,79,79,79,79],"card_choices":[{"not_picked":["Iron Wave","Shrug It Off"],"picked":"Infernal Blade","floor":1},{"not_picked":["Sword Boomerang","Iron Wave"],"picked":"Twin Strike","floor":4},{"not_picked":["Sword Boomerang","Thunderclap"],"picked":"Havoc","floor":5},{"not_picked":["Pommel Strike","Iron Wave"],"picked":"Rampage","floor":7},{"not_picked":["Hemokinesis","Havoc"],"picked":"Seeing Red","floor":13},{"not_picked":["Berserk","Corruption"],"picked":"Exhume","floor":16},{"not_picked":["Perfected Strike+1","Reckless Charge"],"picked":"Uppercut+1","floor":18},{"not_picked":["Heavy Blade","Dark Embrace"],"picked":"Inflame","floor":21},{"not_picked":["Shrug It Off","Reaper"],"picked":"Anger+1","floor":22},{"not_picked":["Combust","Body Slam"],"picked":"Pommel Strike+1","floor":24},{"not_picked":["Cleave","Clash","Pommel Strike"],"picked":"SKIP","floor":29},{"not_picked":["Warcry","True Grit"],"picked":"Offering","floor":30},{"not_picked":["Clothesline","Headbutt"],"picked":"Armaments","floor":31},{"not_picked":["Feed","Barricade"],"picked":"Fiend Fire","floor":33},{"not_picked":["Uppercut+1","Rampage+1"],"picked":"Power Through+1","floor":35},{"not_picked":["Fire Breathing","Clothesline+1"],"picked":"Headbutt+1","floor":36},{"not_picked":["Impatience","Mind Blast"],"picked":"Blind","floor":38},{"not_picked":["Cleave","Flame Barrier+1"],"picked":"Rage+1","floor":39},{"not_picked":["Pommel Strike+1","Wild Strike"],"picked":"Thunderclap+1","floor":40}],"player_experience":314143,"relics_obtained":[{"floor":7,"key":"Bag of Marbles"},{"floor":9,"key":"Mercury Hourglass"},{"floor":13,"key":"Matryoshka"},{"floor":24,"key":"Bottled Lightning"},{"floor":26,"key":"Boot"},{"floor":26,"key":"InkBottle"},{"floor":40,"key":"Gremlin Horn"}],"event_choices":[{"damage_healed":0,"gold_gain":0,"player_choice":"Donut","damage_taken":0,"max_hp_gain":5,"max_hp_loss":0,"event_name":"Big Fish","floor":2,"gold_loss":0},{"damage_healed":0,"gold_gain":75,"player_choice":"Gather Gold","damage_taken":11,"max_hp_gain":0,"max_hp_loss":0,"event_name":"World of Goop","floor":11,"gold_loss":0},{"cards_removed":["Strike_R"],"damage_healed":0,"gold_gain":0,"player_choice":"Card Removal","damage_taken":7,"max_hp_gain":0,"max_hp_loss":0,"event_name":"Golden Wing","floor":12,"gold_loss":0},{"damage_healed":0,"gold_gain":0,"player_choice":"Ignored","damage_taken":0,"max_hp_gain":0,"max_hp_loss":0,"event_name":"Vampires","floor":19,"gold_loss":0},{"damage_healed":0,"gold_gain":0,"player_choice":"Opened","damage_taken":0,"relics_obtained":["Lizard Tail"],"max_hp_gain":0,"max_hp_loss":0,"event_name":"The Mausoleum","floor":20,"gold_loss":0},{"damage_healed":0,"gold_gain":0,"cards_transformed":["Strike_R","Strike_R"],"player_choice":"Became Test Subject","damage_taken":0,"max_hp_gain":0,"max_hp_loss":0,"event_name":"Drug Dealer","floor":28,"gold_loss":0,"cards_obtained":["Spot Weakness","Rupture"]},{"damage_healed":79,"gold_gain":0,"player_choice":"Heal","damage_taken":0,"max_hp_gain":0,"max_hp_loss":11,"event_name":"The Moai Head","floor":37,"gold_loss":0},{"damage_healed":0,"gold_gain":0,"player_choice":"Memory 1","damage_taken":0,"max_hp_gain":0,"max_hp_loss":0,"event_name":"SensoryStone","floor":38,"gold_loss":0}],"is_beta":false,"boss_relics":[{"not_picked":["Coffee Dripper","Runic Dome"],"picked":"Empty Cage"},{"not_picked":["Pandora\u0027s Box","Black Blood"],"picked":"SlaversCollar"}],"items_purged_floors":[3],"is_endless":false,"potions_floor_spawned":[7,13,16,22,24,31,33,39,40],"killed_by":"Spire Growth","ascension_level":8}}