{"host":"7k2a2omxz3voj5ax","time":1611474081,"event":{"mods":["BaseMod","Marisa£¨ìFÓê¡¡Ä§ÀíÉ³£©","Minty Spire (QoL Compilation)","Quick Restart","Spicy Shops","StSLib","Starting Relic: Pandora\u0027s Box","¡¾ÒÅÎï¿¨ÅÆ¡¿REMEMod","óô»ðÖ¸ÄÏ"],"gold_per_floor":[112,2686,2686,2704,2720,1860,1904,1673,1673,1697,1716,1211,1230,1305,965,1054,1054,1078,993,1012,1012,1031,1071,1021,1042,1042,1061,1077,1090,1134,490,325,420,420,439,507,525,525,525,564,448,492,515,243,259,259,275,313,313,313,313,313,14,14,50,50],"floor_reached":57,"language":"ZHS","playtime":2033,"items_purged":["MasterSpark","ChargeUpSpray","Decay","Doubt","ChargeUpSpray","AsteroidBelt","ShootingEcho","WitchLeyline","MachineGunSpark","Orbital+1","REME_BuildACard","ManaConvection+1","BlazeAway+1","Acceleration+1"],"score":3668,"play_id":"573d5000-e570-4867-83fd-c48e30629bed","local_time":"20210124164121","is_ascension_mode":true,"campfire_choices":[{"floor":49,"key":"RECALL"}],"circlet_count":0,"master_deck":["AscendersBane","PowerUp+1","Singularity+1","MilkyWay+1","UltimateShortwave+1","SatelliteIllusion+1","CollectingQuirk+1","6A+1","BlazeAway+1","EarthLightRay+1","Burst+1","Deep Breath+1"],"relics":["MiniHakkero","REME_ComplimentaryCards","NeowsBlessing","Ornamental Fan","Blue Candle","Frozen Egg 2","Golden Idol","Toxic Egg 2","The Courier","Smiling Mask","Shuriken","Eternal Feather","Membership Card","SimpleLauncher","Question Card","FossilizedHelix","Gremlin Horn","Prayer Wheel","Molten Egg 2","Lantern","Astrolabe","CaptainsWheel","HandmadeGrimoire","Nunchaku","Sundial","MawBank","Akabeko","Potion Belt","MagicBroom","TheAbacus","AmplifyWand","Mummified Hand","Omamori","War Paint","PrismaticShard","Philosopher\u0027s Stone","CatCart","Darkstone Periapt","Medical Kit","CeramicFish","Centennial Puzzle","Singing Bowl","Art of War","Mercury Hourglass","Torii","TungstenRod","Incense Burner"],"acts_visited":["Exordium","TheCity","TheBeyond","TheEnding"],"potions_floor_usage":[50,56,56,56,56,56,56,56,56,56,56],"damage_taken":[{"damage":0.0,"enemies":"Jaw Worm","floor":1.0,"turns":1.0},{"damage":0.0,"enemies":"2 Louse","floor":4.0,"turns":1.0},{"damage":0.0,"enemies":"Small Slimes","floor":5.0,"turns":1.0},{"damage":4.0,"enemies":"3 Sentries","floor":7.0,"turns":4.0},{"damage":1.0,"enemies":"Blue Slaver","floor":10.0,"turns":3.0},{"damage":3.0,"enemies":"Looter","floor":11.0,"turns":2.0},{"damage":6.0,"enemies":"3 Louse","floor":13.0,"turns":3.0},{"damage":25.0,"enemies":"Hexaghost","floor":16.0,"turns":4.0},{"damage":0.0,"enemies":"Spheric Guardian","floor":18.0,"turns":1.0},{"damage":0.0,"enemies":"Shell Parasite","floor":20.0,"turns":1.0},{"damage":0.0,"enemies":"Snake Plant","floor":22.0,"turns":1.0},{"damage":0.0,"enemies":"Slavers","floor":23.0,"turns":2.0},{"damage":0.0,"enemies":"Cultist and Chosen","floor":25.0,"turns":1.0},{"damage":0.0,"enemies":"Centurion and Healer","floor":27.0,"turns":1.0},{"damage":0.0,"enemies":"Snake Plant","floor":28.0,"turns":1.0},{"damage":0.0,"enemies":"Cultist and Chosen","floor":29.0,"turns":3.0},{"damage":0.0,"enemies":"Gremlin Leader","floor":30.0,"turns":1.0},{"damage":0.0,"enemies":"Collector","floor":33.0,"turns":1.0},{"damage":0.0,"enemies":"3 Shapes","floor":35.0,"turns":1.0},{"damage":0.0,"enemies":"Orin","floor":36.0,"turns":2.0},{"damage":0.0,"enemies":"3 Darklings","floor":37.0,"turns":1.0},{"damage":0.0,"enemies":"Nemesis","floor":40.0,"turns":1.0},{"damage":0.0,"enemies":"Reptomancer","floor":42.0,"turns":1.0},{"damage":0,"enemies":"Transient","floor":45,"turns":2},{"damage":0,"enemies":"Spire Growth","floor":47,"turns":1},{"damage":0,"enemies":"Giant Head","floor":48,"turns":1},{"damage":0,"enemies":"Awakened One","floor":50,"turns":3},{"damage":0,"enemies":"Donu and Deca","floor":51,"turns":1},{"damage":0,"enemies":"Shield and Spear","floor":55,"turns":1},{"damage":2,"enemies":"The Heart","floor":56,"turns":4}],"seed_played":"-5110825791304434081","potions_obtained":[{"floor":5.0,"key":"BottledSpark"},{"floor":7.0,"key":"Block Potion"},{"floor":13.0,"key":"Swift Potion"},{"floor":16.0,"key":"Strength Potion"},{"floor":20.0,"key":"PowerPotion"},{"floor":27.0,"key":"Weak Potion"},{"floor":28.0,"key":"Energy Potion"},{"floor":36.0,"key":"Energy Potion"},{"floor":40.0,"key":"Block Potion"},{"floor":42.0,"key":"LiquidMemories"},{"floor":48,"key":"EntropicBrew"}],"is_trial":false,"path_per_floor":["M","$","?","M","M","R","E","R","T","M","M","R","M","?","R","B",null,"M","?","M","T","M","E","R","M","T","M","M","M","E","$","R","B",null,"M","?","M","?","?","E","R","E","T","R","M","?","M","E","R","B","B",null,"R","$","E","B",null],"character_chosen":"MARISA","items_purchased":["Ornamental Fan","Blue Candle","Frozen Egg 2","Deep Breath","Toxic Egg 2","The Courier","Smiling Mask","Shuriken","Membership Card","SimpleLauncher","Question Card","Acceleration+1","FossilizedHelix","Gremlin Horn","Prayer Wheel","Singularity+1","MilkyWay+1","UltimateShortwave+1","Molten Egg 2","Lantern","Akabeko","Potion Belt","MagicBroom","TheAbacus","AmplifyWand","Mummified Hand","Omamori","War Paint","PrismaticShard","Medical Kit","Singing Bowl","Art of War","Torii","TungstenRod"],"campfire_rested":0,"item_purchase_floors":[2,2,2,2,6,6,6,6,8,8,12,12,12,12,12,15,15,15,15,15,31,31,31,31,31,31,31,31,32,41,44,44,53,53],"current_hp_per_floor":[63,63,63,63,63,63,59,63,63,62,59,63,57,46,52,27,54,54,54,54,54,54,54,63,63,63,63,63,63,63,63,63,63,63,63,63,63,63,53,53,62,63,63,63,67,67,71,73,73,73,73,73,73,73,75,75],"gold":50,"neow_bonus":"THREE_ENEMY_KILL","is_daily":false,"chose_seed":false,"campfire_upgraded":0,"win_rate":0.0,"timestamp":1611474081,"path_taken":["M","$","?","M","M","R","E","R","T","M","M","R","M","?","R","BOSS","M","?","M","?","M","E","R","M","T","M","M","M","E","$","R","BOSS","M","?","M","?","?","E","R","E","T","R","M","?","M","E","R","BOSS","BOSS","R","$","E","BOSS"],"items_purchased_type":["Relic","Relic","Relic","Card","Relic","Relic","Relic","Relic","Relic","Relic","Relic","Card","Relic","Relic","Relic","Card","Card","Card","Relic","Relic","Relic","Relic","Relic","Relic","Relic","Relic","Relic","Relic","Relic","Relic","Relic","Relic","Relic","Relic"],"build_version":"2020-12-22","purchased_purges":14,"victory":true,"max_hp_per_floor":[70,70,63,63,63,63,63,63,63,63,63,63,63,63,63,63,63,63,63,63,63,63,63,63,63,63,63,63,63,63,63,63,63,63,63,63,63,63,63,63,63,63,63,63,67,67,71,73,73,73,73,73,73,73,75,75],"card_choices":[{"not_picked":["MysteriousBeam","GrandCross","LuminesStrike"],"picked":"SKIP","floor":1.0},{"not_picked":["6A","DoubleSpark"],"picked":"BlazeAway","floor":4.0},{"not_picked":["DC","MysteriousBeam","OortCloud+1"],"picked":"SKIP","floor":5.0},{"not_picked":["OpenUniverse+1","MilkyWay+1"],"picked":"FinalSpark","floor":7.0},{"not_picked":["MagicAbsorber+1","AsteroidBelt+1","WitchLeyline"],"picked":"SKIP","floor":10.0},{"not_picked":["AsteroidBelt+1","DoubleSpark","GravityBeat"],"picked":"SKIP","floor":11.0},{"not_picked":["LuminesStrike","WitchLeyline","MysteriousBeam","IllusionStar+1"],"picked":"SKIP","floor":13.0},{"not_picked":["SuperPerseids+1","6A","GrandCross","SporeBomb+1"],"picked":"SKIP","floor":13.0},{"not_picked":["AbsoluteMagnitude+1","JA+1","UltimateShortwave+1"],"picked":"SatelliteIllusion+1","floor":16.0},{"not_picked":["IllusionStar+1","SporeBomb+1","DoubleSpark+1"],"picked":"BlazeAway+1","floor":18.0},{"not_picked":["MysteriousBeam+1","ShootTheMoon+1","JA+1","LuminesStrike+1"],"picked":"SKIP","floor":18.0},{"not_picked":["AlicesGift+1","MysteriousBeam+1","ShootTheMoon+1"],"picked":"ManaConvection+1","floor":20.0},{"not_picked":["WitchOfGreed+1","WitchLeyline+1","NonDirectionalLaser+1","ShootTheMoon+1"],"picked":"SKIP","floor":20.0},{"not_picked":["ShootTheMoon+1","DragonMeteor+1","SporeBomb+1"],"picked":"EarthLightRay+1","floor":22.0},{"not_picked":["PowerUp+1","Singularity+1","SporeBomb+1","BlazeAway+1"],"picked":"SKIP","floor":22.0},{"not_picked":["GalacticHalo+1","PropBag+1","DragonMeteor+1","DeepEcoloBomb+1"],"picked":"SKIP","floor":23.0},{"not_picked":["WitchLeyline+1","ChargingUp+1","DoubleSpark+1","OrrerysSun+1"],"picked":"SKIP","floor":25.0},{"not_picked":["GalacticHalo+1","BigCrunch+1","WitchOfGreed+1","ShootingEcho+1"],"picked":"SKIP","floor":25.0},{"not_picked":["IllusionStar+1","AsteroidBelt+1","PulseMagic+1","SporeBomb+1"],"picked":"SKIP","floor":27.0},{"not_picked":["ShootingEcho+1","MeteoricShower+1","GravityBeat+1","SporeBomb+1"],"picked":"SKIP","floor":27.0},{"not_picked":["Acceleration+1","WitchLeyline+1","ShootingEcho+1","MilkyWay+1"],"picked":"SKIP","floor":28.0},{"not_picked":["GrandCross+1","MilkyWay+1","GalacticHalo+1","AlicesGift+1"],"picked":"SKIP","floor":28.0},{"not_picked":["MilkyWay+1","EventHorizon+1","MachineGunSpark+1","JA+1"],"picked":"SKIP","floor":29.0},{"not_picked":["GalacticHalo+1","ShootTheMoon+1","EarthLightRay+1","EnergyRecoil+1"],"picked":"SKIP","floor":29.0},{"not_picked":["SuperPerseids+1","OneTimeOff+1","WitchLeyline+1","AsteroidBelt+1"],"picked":"SKIP","floor":30.0},{"not_picked":["Grand Finale+1","REME_EyeOfCthun+1","ConjureBlade+1"],"picked":"Burst+1","floor":33.0},{"not_picked":["Conserve Battery+1","Sword Boomerang+1","Pommel Strike+1","Rebound+1"],"picked":"SKIP","floor":35.0},{"not_picked":["CrushJoints+1","CutThroughFate+1","FlyingSleeves+1","EarthLightRay+1"],"picked":"SKIP","floor":35.0},{"not_picked":["REME_DataAnalysis+1","Go for the Eyes+1","Wild Strike+1","FollowUp+1"],"picked":"SKIP","floor":37.0},{"not_picked":["Hologram+1","Warcry+1","SignatureMove+1","Forethought+1"],"picked":"SKIP","floor":37.0},{"not_picked":["Thinking Ahead+1","REME_TheoryOfElimination+1","REME_TwoStrings+1"],"picked":"Deep Breath+1","floor":39.0},{"not_picked":["Fasting2+1","Dash+1","Catalyst+1","OrrerysSun+1"],"picked":"SKIP","floor":40.0},{"not_picked":["Protect+1","Masterful Stab+1","Barrage+1","JustLucky+1"],"picked":"SKIP","floor":42.0},{"not_picked":["REME_FirmDetermination+1","Prostrate+1","SporeBomb+1","Dash+1"],"picked":"Singing Bowl","floor":45},{"not_picked":["MentalFortress+1","Havoc+1","Sever Soul+1","Catalyst+1"],"picked":"Singing Bowl","floor":45},{"not_picked":["Orbital+1","Halt+1","MagicChant+1","ReachHeaven+1"],"picked":"Singing Bowl","floor":47},{"not_picked":["MagicChant+1","Ghostly Armor+1","PropBag+1","CollectingQuirk+1"],"picked":"Singing Bowl","floor":47},{"not_picked":["Evaluate+1","Pommel Strike+1","IllusionStar+1","Gash+1"],"picked":"Singing Bowl","floor":48},{"not_picked":["Undo+1","Ball Lightning+1","DC+1","Cold Snap+1"],"picked":"Singing Bowl","floor":55}],"player_experience":488195,"relics_obtained":[{"floor":7.0,"key":"Eternal Feather"},{"floor":21.0,"key":"HandmadeGrimoire"},{"floor":23.0,"key":"Nunchaku"},{"floor":26.0,"key":"Sundial"},{"floor":30.0,"key":"MawBank"},{"floor":36.0,"key":"CatCart"},{"floor":40.0,"key":"Darkstone Periapt"},{"floor":42.0,"key":"CeramicFish"},{"floor":43.0,"key":"Centennial Puzzle"},{"floor":48,"key":"Mercury Hourglass"},{"floor":55,"key":"Incense Burner"}],"event_choices":[{"damage_healed":0.0,"max_hp_gain":0.0,"max_hp_loss":7.0,"gold_gain":0.0,"event_name":"Golden Idol","player_choice":"Lose Max HP","floor":3.0,"gold_loss":0.0,"damage_taken":0.0,"relics_obtained":["Golden Idol"]},{"damage_healed":0.0,"max_hp_gain":0.0,"max_hp_loss":0.0,"gold_gain":75.0,"event_name":"World of Goop","player_choice":"Gather Gold","floor":14.0,"gold_loss":0.0,"damage_taken":11.0},{"damage_healed":0.0,"max_hp_gain":0.0,"max_hp_loss":0.0,"gold_gain":0.0,"event_name":"Addict","player_choice":"Obtained Relic","floor":19.0,"gold_loss":85.0,"damage_taken":0.0,"relics_obtained":["CaptainsWheel"]},{"damage_healed":0.0,"max_hp_gain":0.0,"max_hp_loss":0.0,"gold_gain":0.0,"event_name":"OrinTheCat","player_choice":"Fight","floor":36.0,"gold_loss":0.0,"damage_taken":0.0},{"damage_healed":0.0,"max_hp_gain":0.0,"max_hp_loss":0.0,"gold_gain":0.0,"event_name":"OrinTheCat","player_choice":"Fight","floor":36.0,"gold_loss":0.0,"damage_taken":0.0},{"damage_healed":0.0,"max_hp_gain":0.0,"max_hp_loss":0.0,"gold_gain":0.0,"event_name":"OrinTheCat","player_choice":"Fight","floor":36.0,"gold_loss":0.0,"damage_taken":0.0},{"damage_healed":0.0,"max_hp_gain":0.0,"max_hp_loss":0.0,"gold_gain":0.0,"event_name":"OrinTheCat","player_choice":"Fight","floor":36.0,"gold_loss":0.0,"damage_taken":0.0},{"cards_removed":["Deep Breath"],"damage_healed":0.0,"max_hp_gain":0.0,"max_hp_loss":0.0,"gold_gain":0.0,"event_name":"Falling","player_choice":"Removed Skill","floor":38.0,"gold_loss":0.0,"damage_taken":0.0},{"damage_healed":0.0,"max_hp_gain":0.0,"max_hp_loss":0.0,"gold_gain":0.0,"event_name":"SensoryStone","player_choice":"Memory 3","floor":39.0,"gold_loss":0.0,"damage_taken":10.0},{"damage_healed":0,"gold_gain":0,"player_choice":"Ignored","damage_taken":0,"max_hp_gain":0,"max_hp_loss":0,"event_name":"Tomb of Lord Red Mask","floor":46,"gold_loss":0}],"is_beta":false,"boss_relics":[{"not_picked":["SlaversCollar","REME_DemonsWealth"],"picked":"Astrolabe"},{"not_picked":["Snecko Eye","Velvet Choker"],"picked":"Philosopher\u0027s Stone"}],"items_purged_floors":[2,2,6,8,12,15,24,31,32,32,41,44,44,53],"is_endless":false,"potions_floor_spawned":[5,7,13,16,20,27,28,29,36,36,40,42,48],"ascension_level":20}}