{"host":"oeevf6hcb3ehxk0z","time":1611467822,"event":{"mods":["ATMod(°¢èªMod)","BaseMod","Minty Spire (QoL Compilation)","Prisma Mod","Spicy Shops","StSLib","The Administrix","The Alterego","¡¾ÒÅÎï¿¨ÅÆ¡¿REMEMod"],"gold_per_floor":[113,113,113,133,150,179,179,192,246,271,283,301,301,301,301,404,454,468,518,70,83,83,83,110,128,153,153,153,192,29,49,49,252,252,272,282,332,332,350,482,482,609,609,609,609,743,743,303,303,503,503,503,33,268,368],"floor_reached":56,"language":"ZHS","playtime":2572,"items_purged":["alterego_mod:Defend","alterego_mod:Defend","alterego_mod:Strike"],"score":1456,"play_id":"6c44a5c1-343c-4438-a02d-04e1fa0a79a7","local_time":"20210124135702","is_ascension_mode":false,"campfire_choices":[{"floor":7,"key":"REST"},{"data":"alterego_mod:Impale","floor":15,"key":"SMITH"},{"floor":23,"key":"RECALL"},{"data":"alterego_mod:Cycle","floor":28,"key":"SMITH"},{"floor":32,"key":"REST"},{"data":"alterego_mod:Palingenesis","floor":41,"key":"SMITH"},{"data":"alterego_mod:Palingenesis+1","floor":44,"key":"SMITH"},{"data":"alterego_mod:Palingenesis+2","floor":47,"key":"SMITH"},{"data":"alterego_mod:RingBreak","floor":49,"key":"SMITH"},{"data":"alterego_mod:Palingenesis+4","floor":52,"key":"SMITH"}],"circlet_count":0,"master_deck":["alterego_mod:Strike+1","alterego_mod:Strike+1","alterego_mod:Defend","alterego_mod:Defend+1","alterego_mod:Impale+1","alterego_mod:BigMeatyClaws+1","alterego_mod:BrynhildrsRune","AT_EssenceShift","alterego_mod:Skirt","alterego_mod:Swimsuit+1","alterego_mod:Exercise+1","alterego_mod:Undulate","alterego_mod:BrynhildrRomantia+1","alterego_mod:1TonWallop+1","alterego_mod:Bounce+1","alterego_mod:Weigh+1","alterego_mod:Weigh+1","alterego_mod:Cycle+1","alterego_mod:Belts+1","alterego_mod:BusterCard+1","alterego_mod:Collar+1","alterego_mod:Stockings+1","alterego_mod:Stockings+1","alterego_mod:Mirror","alterego_mod:SuperDuperMasochism+1","alterego_mod:RingBreak+1","alterego_mod:HighServant+1","alterego_mod:Undulate","alterego_mod:Palingenesis+5","alterego_mod:Bounce+1","alterego_mod:Rake+1","alterego_mod:Rip+1"],"relics":["alterego_mod:MasochisticConstitution","REME_ComplimentaryCards","AT_ATBox","NeowsBlessing","Molten Egg 2","Bronze Scales","Tiny Chest","AT_BellowingDragoncrestRing","Tiny House","AT_BladeRuinedKing","AT_ArchangelStaff","REME_CardOfGreed","Kunai","Centennial Puzzle","Regal Pillow","Dream Catcher","AT_TheCollector","Coffee Dripper","Prayer Wheel","Calipers","Darkstone Periapt","AT_SilvercatRing","Bottled Flame","Nunchaku","Ancient Tea Set","Chemical X","Whetstone","Bottled Lightning","Letter Opener"],"acts_visited":["Exordium","TheCity","TheBeyond","TheEnding"],"potions_floor_usage":[10,10,17],"damage_taken":[{"damage":1,"enemies":"Jaw Worm","floor":1,"turns":2},{"damage":0,"enemies":"Cultist","floor":4,"turns":1},{"damage":0,"enemies":"Small Slimes","floor":5,"turns":1},{"damage":45,"enemies":"Lagavulin","floor":6,"turns":6},{"damage":20,"enemies":"3 Louse","floor":8,"turns":3},{"damage":29,"enemies":"Gremlin Nob","floor":10,"turns":6},{"damage":23,"enemies":"Gremlin Gang","floor":11,"turns":5},{"damage":4,"enemies":"2 Fungi Beasts","floor":12,"turns":2},{"damage":4,"enemies":"Slime Boss","floor":16,"turns":7},{"damage":18,"enemies":"2 Thieves","floor":18,"turns":4},{"damage":6,"enemies":"Shell Parasite","floor":21,"turns":2},{"damage":43,"enemies":"Slavers","floor":24,"turns":4},{"damage":21,"enemies":"Snake Plant","floor":25,"turns":2},{"damage":0,"enemies":"Book of Stabbing","floor":29,"turns":1},{"damage":0,"enemies":"Snecko","floor":31,"turns":2},{"damage":39,"enemies":"Champ","floor":33,"turns":7},{"damage":9,"enemies":"3 Shapes","floor":35,"turns":3},{"damage":15,"enemies":"Orb Walker","floor":36,"turns":2},{"damage":0,"enemies":"Mind Bloom Boss Battle","floor":37,"turns":4},{"damage":0,"enemies":"Transient","floor":39,"turns":4},{"damage":23,"enemies":"Giant Head","floor":40,"turns":6},{"damage":29,"enemies":"Nemesis","floor":42,"turns":5},{"damage":17,"enemies":"Giant Head","floor":46,"turns":6},{"damage":29,"enemies":"Donu and Deca","floor":50,"turns":5},{"damage":0,"enemies":"Shield and Spear","floor":54,"turns":2},{"damage":17,"enemies":"The Heart","floor":55,"turns":5}],"seed_played":"-565453328134341356","potions_obtained":[{"floor":1,"key":"Regen Potion"},{"floor":3,"key":"SteroidPotion"},{"floor":3,"key":"EssenceOfSteel"},{"floor":10,"key":"FearPotion"},{"floor":12,"key":"Fire Potion"},{"floor":17,"key":"REME_GoldPotion"},{"floor":21,"key":"Strength Potion"}],"is_trial":false,"path_per_floor":["M","?","?","M","M","E","R","M","T","E","M","M","T","?","R","B",null,"M","?","$","M","T","R","E","M","T","?","R","E","$","M","R","B",null,"M","M","?","?","M","E","R","E","T","R","T","E","R","$","R","B",null,"R","$","E","B",null],"character_chosen":"The_Alterego","items_purchased":["AT_BladeRuinedKing","AT_ArchangelStaff","REME_CardOfGreed","AT_TheCollector","alterego_mod:Mirror","Ancient Tea Set","Chemical X","Whetstone","Bottled Lightning"],"campfire_rested":2,"item_purchase_floors":[20,20,20,30,30,48,48,48,53],"current_hp_per_floor":[70,67,67,67,67,23,44,39,39,22,36,44,44,44,44,52,102,103,103,103,98,98,98,78,69,69,69,69,69,69,69,120,89,123,126,112,123,123,123,108,108,80,80,80,80,71,71,71,71,43,137,137,137,137,121],"gold":368,"neow_bonus":"THREE_ENEMY_KILL","is_daily":false,"chose_seed":false,"campfire_upgraded":7,"win_rate":0.0,"timestamp":1611467822,"path_taken":["M","?","?","?","M","E","R","M","T","E","M","M","?","?","R","BOSS","M","?","$","M","?","R","E","M","T","?","R","E","$","M","R","BOSS","M","M","?","?","M","E","R","E","T","R","?","E","R","$","R","BOSS","R","$","E","BOSS"],"items_purchased_type":["Relic","Relic","Relic","Relic","Card","Relic","Relic","Relic","Relic"],"build_version":"2020-12-22","purchased_purges":3,"victory":true,"max_hp_per_floor":[71,71,71,71,71,72,72,73,73,78,87,92,92,92,92,97,102,107,107,107,108,108,108,117,122,122,122,122,122,122,122,122,123,123,128,129,133,133,133,134,134,135,135,135,135,136,136,136,136,137,137,137,137,137,138],"card_choices":[{"not_picked":["alterego_mod:Swimsuit","alterego_mod:Pet"],"picked":"alterego_mod:Skirt","floor":1},{"not_picked":["alterego_mod:PerceptionDisorder","alterego_mod:Cooking"],"picked":"alterego_mod:Swimsuit+1","floor":4},{"not_picked":["alterego_mod:Cushion","alterego_mod:BeGentle"],"picked":"alterego_mod:Exercise+1","floor":5},{"not_picked":["alterego_mod:DiscoLights","alterego_mod:Maid+1"],"picked":"alterego_mod:Undulate","floor":6},{"not_picked":["alterego_mod:DiscoLights","alterego_mod:PerceptionDisorder"],"picked":"alterego_mod:BrynhildrRomantia+1","floor":8},{"not_picked":["alterego_mod:Complex+1","alterego_mod:GachaTicket"],"picked":"alterego_mod:DustData+1","floor":10},{"not_picked":["alterego_mod:Maid+1","alterego_mod:BiFurious+1"],"picked":"alterego_mod:1TonWallop+1","floor":11},{"not_picked":["alterego_mod:TrickOrTreatment","alterego_mod:Rip"],"picked":"alterego_mod:Bounce+1","floor":12},{"not_picked":["alterego_mod:Venus+1","alterego_mod:Antipathy"],"picked":"alterego_mod:Weigh+1","floor":16},{"not_picked":["alterego_mod:Skirt+1","alterego_mod:ChallengeComplete"],"picked":"alterego_mod:Cycle","floor":17},{"not_picked":["alterego_mod:Birthday","alterego_mod:Skirt+1"],"picked":"alterego_mod:Belts+1","floor":18},{"not_picked":["alterego_mod:Complex+1","alterego_mod:Cycle"],"picked":"alterego_mod:BusterCard+1","floor":21},{"not_picked":["alterego_mod:Belts+1","alterego_mod:Undulate"],"picked":"alterego_mod:Collar+1","floor":24},{"not_picked":["alterego_mod:Swimsuit+1","alterego_mod:Santa+1"],"picked":"alterego_mod:Belle+1","floor":25},{"not_picked":["alterego_mod:Schoolgirl+1","alterego_mod:RocketPunch+1"],"picked":"alterego_mod:Stockings+1","floor":29},{"not_picked":["alterego_mod:Crossover","alterego_mod:DeftHands+1","alterego_mod:Cycle"],"picked":"SKIP","floor":31},{"not_picked":["alterego_mod:Undulate","alterego_mod:PerceptionDisorder+1"],"picked":"alterego_mod:SuperDuperMasochism","floor":32},{"not_picked":["alterego_mod:TrickOrTreatment","alterego_mod:GIGAMILK"],"picked":"alterego_mod:RingBreak","floor":33},{"not_picked":["alterego_mod:PurpleHair+1","alterego_mod:Mirror","alterego_mod:TrashNCrash"],"picked":"SKIP","floor":35},{"not_picked":["alterego_mod:BoobPocket","alterego_mod:Swimsuit+1","alterego_mod:Cooking+1"],"picked":"SKIP","floor":36},{"not_picked":["alterego_mod:Birthday","alterego_mod:Collar+1"],"picked":"alterego_mod:HighServant+1","floor":39},{"not_picked":["alterego_mod:Belts+1","alterego_mod:BiFurious+1"],"picked":"alterego_mod:Undulate","floor":39},{"not_picked":["alterego_mod:MaintainEyeContact+1","alterego_mod:MagicResistance"],"picked":"alterego_mod:Palingenesis","floor":40},{"not_picked":["alterego_mod:BiFurious+1","alterego_mod:Pet+1"],"picked":"alterego_mod:Bounce+1","floor":42},{"not_picked":["alterego_mod:Skirt+1","alterego_mod:HighServant+1"],"picked":"alterego_mod:Rake+1","floor":46},{"not_picked":["alterego_mod:Clap+1","alterego_mod:Undulate+1"],"picked":"alterego_mod:Rip+1","floor":54}],"player_experience":266076,"relics_obtained":[{"floor":6,"key":"Bronze Scales"},{"floor":10,"key":"Tiny Chest"},{"floor":13,"key":"AT_BellowingDragoncrestRing"},{"floor":22,"key":"Kunai"},{"floor":24,"key":"Centennial Puzzle"},{"floor":26,"key":"Regal Pillow"},{"floor":29,"key":"Dream Catcher"},{"floor":37,"key":"Prayer Wheel"},{"floor":40,"key":"Calipers"},{"floor":42,"key":"Darkstone Periapt"},{"floor":43,"key":"AT_SilvercatRing"},{"floor":45,"key":"Bottled Flame"},{"floor":46,"key":"Nunchaku"},{"floor":54,"key":"Letter Opener"}],"event_choices":[{"damage_healed":0,"gold_gain":0,"player_choice":"Success","damage_taken":3,"relics_obtained":["Molten Egg 2"],"max_hp_gain":0,"max_hp_loss":0,"event_name":"Scrap Ooze","floor":2,"gold_loss":0},{"damage_healed":0,"gold_gain":0,"player_choice":"Got Potions","damage_taken":0,"max_hp_gain":0,"max_hp_loss":0,"event_name":"Lab","floor":3,"gold_loss":0},{"damage_healed":0,"gold_gain":0,"cards_transformed":["alterego_mod:Strike"],"player_choice":"Change","damage_taken":0,"max_hp_gain":0,"max_hp_loss":0,"event_name":"Living Wall","floor":14,"gold_loss":0,"cards_obtained":["alterego_mod:Weigh"]},{"damage_healed":0,"gold_gain":100,"player_choice":"Bet on Murderer","damage_taken":0,"max_hp_gain":0,"max_hp_loss":0,"event_name":"The Joust","floor":19,"gold_loss":50},{"damage_healed":0,"gold_gain":0,"player_choice":"Read","damage_taken":0,"max_hp_gain":0,"max_hp_loss":0,"event_name":"The Library","floor":27,"gold_loss":0,"cards_obtained":["alterego_mod:Stockings"]},{"damage_healed":0,"gold_gain":0,"player_choice":"Fight","damage_taken":0,"max_hp_gain":0,"max_hp_loss":0,"event_name":"MindBloom","floor":37,"gold_loss":0},{"damage_healed":0,"gold_gain":0,"player_choice":"Memory 1","damage_taken":0,"max_hp_gain":0,"max_hp_loss":0,"event_name":"SensoryStone","floor":38,"gold_loss":0}],"is_beta":false,"boss_relics":[{"not_picked":["REME_ChargedStone","SacredBark"],"picked":"Tiny House"},{"not_picked":["Snecko Eye","Black Star"],"picked":"Coffee Dripper"}],"items_purged_floors":[48,53,53],"is_endless":false,"potions_floor_spawned":[1,4,10,12,21,33,35,40,42,46],"ascension_level":0}}