{"host":"359hz4210ybch7ku","time":1611481427,"event":{"mods":["BaseMod","Block Reminder","Colored Map","Colored Powertips","Highlight Path","Minty Spire (QoL Compilation)","Slay the Relics Exporter","StSLib"],"gold_per_floor":[359,534,534,547,566,566,597,613,662,169,169,211,22,38,38,142,192,204,33,97,157,192,192,210,210,286,338,338,191,59,59,59],"floor_reached":31,"language":"ENG","playtime":1738,"items_purged":["Defend_R","Defend_R","Strike_R"],"score":358,"play_id":"508a4070-bf48-4843-9953-e04993346377","local_time":"20210124014347","is_ascension_mode":true,"campfire_choices":[{"data":"Double Tap","floor":11,"key":"SMITH"},{"data":"Rampage","floor":15,"key":"SMITH"},{"data":"Seeing Red","floor":23,"key":"SMITH"},{"data":"Dark Embrace","floor":25,"key":"SMITH"}],"circlet_count":0,"master_deck":["Strike_R","Strike_R","Strike_R","Strike_R","Defend_R","Defend_R","Bash+1","Rampage+1","Clash+1","Headbutt+1","Double Tap+1","HandOfGreed+1","Seeing Red+1","Purity","Brutality","Spot Weakness","Headbutt+1","Rage","Dark Embrace+1","Flash of Steel+1"],"relics":["Burning Blood","Molten Egg 2","Bronze Scales","Boot","Paper Frog","Tiny House","Mercury Hourglass","Mango","Nilry\u0027s Codex","Red Skull"],"acts_visited":["Exordium","TheCity"],"potions_floor_usage":[16,22,31,31,31],"damage_taken":[{"damage":1,"enemies":"Cultist","floor":1,"turns":3},{"damage":4,"enemies":"Small Slimes","floor":4,"turns":4},{"damage":7,"enemies":"2 Louse","floor":5,"turns":3},{"damage":30,"enemies":"Lagavulin","floor":7,"turns":4},{"damage":10,"enemies":"Lots of Slimes","floor":8,"turns":4},{"damage":23,"enemies":"Exordium Thugs","floor":12,"turns":4},{"damage":0,"enemies":"Blue Slaver","floor":14,"turns":1},{"damage":32,"enemies":"Hexaghost","floor":16,"turns":5},{"damage":23,"enemies":"Shell Parasite","floor":18,"turns":3},{"damage":15,"enemies":"3 Byrds","floor":20,"turns":4},{"damage":24,"enemies":"Centurion and Healer","floor":21,"turns":5},{"damage":29,"enemies":"Shelled Parasite and Fungi","floor":22,"turns":4},{"damage":5,"enemies":"Snecko","floor":24,"turns":3},{"damage":36,"enemies":"Book of Stabbing","floor":27,"turns":4},{"damage":47,"enemies":"Masked Bandits","floor":31,"turns":3}],"seed_played":"8870956458055660687","potions_obtained":[{"floor":1,"key":"Explosive Potion"},{"floor":4,"key":"DistilledChaos"},{"floor":12,"key":"Strength Potion"},{"floor":16,"key":"Explosive Potion"},{"floor":17,"key":"LiquidBronze"},{"floor":21,"key":"FairyPotion"},{"floor":27,"key":"SkillPotion"}],"is_trial":false,"path_per_floor":["M","?","?","M","M","?","E","M","T","$","R","M","$","M","R","B",null,"M","$","M","M","M","R","M","R","T","E","?","$","$","?"],"character_chosen":"IRONCLAD","items_purchased":["HandOfGreed+1","Paper Frog","Purity","Headbutt+1","Red Skull","Flash of Steel+1","BloodPotion"],"campfire_rested":0,"item_purchase_floors":[10,10,13,19,29,30,30],"current_hp_per_floor":[80,80,80,80,79,79,55,51,51,51,51,34,34,40,40,14,85,68,68,59,41,18,18,19,19,19,29,13,13,13,0,0],"gold":59,"neow_bonus":"TWO_FIFTY_GOLD","is_daily":false,"chose_seed":false,"campfire_upgraded":4,"win_rate":0.0,"timestamp":1611481427,"path_taken":["M","?","?","M","?","?","E","?","T","$","R","M","$","M","R","BOSS","M","$","M","M","M","R","M","R","T","E","?","?","$","?"],"items_purchased_type":["Card","Relic","Card","Card","Relic","Card","Potion"],"build_version":"2020-12-22","purchased_purges":3,"victory":false,"max_hp_per_floor":[80,80,80,80,80,80,80,80,80,80,80,80,80,80,80,80,85,85,85,85,85,85,85,85,85,85,99,99,99,99,99,99],"card_choices":[{"not_picked":["Wild Strike","Havoc"],"picked":"Rampage","floor":1},{"not_picked":["Sword Boomerang+1","Havoc"],"picked":"Clash+1","floor":4},{"not_picked":["Reckless Charge+1","Wild Strike+1"],"picked":"Headbutt+1","floor":5},{"not_picked":["Perfected Strike+1","Carnage+1"],"picked":"Double Tap","floor":7},{"not_picked":["Iron Wave+1","Power Through","Metallicize"],"picked":"SKIP","floor":8},{"not_picked":["Battle Trance","Whirlwind+1"],"picked":"Seeing Red","floor":12},{"not_picked":["Cleave+1","Perfected Strike+1","Searing Blow+1"],"picked":"SKIP","floor":14},{"not_picked":["Juggernaut","Corruption"],"picked":"Brutality","floor":16},{"not_picked":["Second Wind","Twin Strike+1"],"picked":"Spot Weakness","floor":18},{"not_picked":["Perfected Strike+1","Cleave+1","Flex"],"picked":"SKIP","floor":20},{"not_picked":["Perfected Strike+1","Cleave+1","Flex"],"picked":"SKIP","floor":20},{"not_picked":["Perfected Strike+1","Headbutt+1"],"picked":"Rage","floor":21},{"not_picked":["Heavy Blade+1","Anger+1","Searing Blow+1"],"picked":"SKIP","floor":22},{"not_picked":["Shrug It Off","Thunderclap+1"],"picked":"Dark Embrace","floor":24},{"not_picked":["Iron Wave+1","Shockwave","Body Slam+1"],"picked":"SKIP","floor":27}],"player_experience":280448,"relics_obtained":[{"floor":3,"key":"Molten Egg 2"},{"floor":7,"key":"Bronze Scales"},{"floor":9,"key":"Boot"},{"floor":26,"key":"Mercury Hourglass"},{"floor":27,"key":"Mango"},{"floor":28,"key":"Nilry\u0027s Codex"}],"event_choices":[{"damage_healed":0,"gold_gain":175,"player_choice":"AGREE","damage_taken":0,"max_hp_gain":0,"max_hp_loss":0,"event_name":"Liars Game","floor":2,"gold_loss":0,"cards_obtained":["Doubt"]},{"damage_healed":0,"gold_gain":0,"player_choice":"Relic","damage_taken":0,"max_hp_gain":0,"max_hp_loss":0,"event_name":"Wheel of Change","floor":3,"gold_loss":0},{"cards_removed":["Doubt","Writhe"],"damage_healed":0,"gold_gain":0,"player_choice":"Removed Curses","damage_taken":0,"max_hp_gain":0,"max_hp_loss":0,"event_name":"Fountain of Cleansing","floor":6,"gold_loss":0},{"damage_healed":0,"gold_gain":0,"player_choice":"Obtained Book","damage_taken":16,"max_hp_gain":0,"max_hp_loss":0,"event_name":"Cursed Tome","floor":28,"gold_loss":0},{"damage_healed":0,"gold_gain":0,"player_choice":"Fought Bandits","damage_taken":0,"max_hp_gain":0,"max_hp_loss":0,"event_name":"Masked Bandits","floor":31,"gold_loss":0}],"is_beta":false,"boss_relics":[{"not_picked":["Velvet Choker","Mark of Pain"],"picked":"Tiny House"}],"items_purged_floors":[10,13,19],"is_endless":false,"potions_floor_spawned":[1,4,12,16,21,27],"killed_by":"Masked Bandits","ascension_level":4}}