{"host":"vgoo8hagqzs0eqkg","time":1611488786,"event":{"mods":["BaseMod","Downfall","Minty Spire (QoL Compilation)","Quick Restart","StSLib"],"gold_per_floor":[149,164,164,183,199,216,216,116,116,126,153,153,53,64,81,183,183,183,196,209,219,229,245,294,304,304,145,245,257,257,274,289,386,386,386,403,143,160,173,173,198,47,47,47,47,61,61,90,104,104],"floor_reached":51,"language":"ZHS","playtime":2986,"items_purged":["downfall:Bewildered","Guardian:Strike_Guardian","downfall:Malfunctioning"],"score":737,"play_id":"184af320-7f77-4515-b75c-6acc34770fb8","local_time":"20210124194626","is_ascension_mode":false,"campfire_choices":[{"floor":1,"key":"RECALL"},{"data":"Guardian:PrismaticBarrier","floor":8,"key":"SMITH"},{"floor":13,"key":"REST"},{"data":"Guardian:SentryBeam","floor":18,"key":"SMITH"},{"data":"Guardian:Orbwalk","floor":26,"key":"SMITH"},{"data":"Guardian:ExploitGems","floor":30,"key":"SMITH"},{"data":"Guardian:AncientConstruct","floor":35,"key":"SMITH"},{"data":"Guardian:BodySlam","floor":40,"key":"SMITH"},{"data":"Guardian:DecasProtection","floor":44,"key":"SMITH"},{"data":"Guardian:BodySlam","floor":47,"key":"SMITH"}],"circlet_count":0,"master_deck":["Guardian:Strike_Guardian","Guardian:Strike_Guardian","Guardian:Strike_Guardian","Guardian:Defend_Guardian","Guardian:Defend_Guardian+1","Guardian:Defend_Guardian","Guardian:Defend_Guardian","Guardian:CurlUp","Guardian:TwinSlam","Guardian:TimeBomb","Guardian:ArmoredProtocol","Guardian:SentryBeam+1","Guardian:PrismaticBarrier+1","Guardian:ShieldCharger","Guardian:CrystalBeam","Guardian:Clone","Guardian:ShieldSpikes","Guardian:ExploitGems+1","Guardian:RollAttack+1","Guardian:DecasProtection+1","Guardian:Orbwalk+1","Guardian:StasisEngine","Guardian:SphericShield","Guardian:Repulse+1","Guardian:EvasiveProtocol","Guardian:AncientConstruct+1","Guardian:BodySlam+1","Guardian:TemporalShield+1","Guardian:Suspension+1","Guardian:DonusPower+1","Guardian:SpikerProtocol","expansioncontent:AwakenDeath","Guardian:BodySlam+1","Guardian:ShieldSpikes+1","Guardian:Harden+1"],"relics":["Tiny House","Guardian:PickAxe","PreservedInsect","downfall:HeartBlessingRed","downfall:ShatteredFragment","Matryoshka","Boot","Mummified Hand","downfall:HeartBlessingGreen","Cursed Key","Bronze Scales","Nunchaku","Sozu","Blood Vial","Lantern","Toxic Egg 2","Bag of Preparation"],"acts_visited":["Exordium","TheCity","TheBeyond"],"potions_floor_usage":[0,3,15,16,32,50,50,50],"damage_taken":[{"damage":3,"enemies":"Jaw Worm","floor":2,"turns":5},{"damage":4,"enemies":"Jaw Worm","floor":3,"turns":3},{"damage":0,"enemies":"Cultist","floor":4,"turns":5},{"damage":12,"enemies":"Small Slimes","floor":5,"turns":4},{"damage":0,"enemies":"Red Slaver","floor":6,"turns":4},{"damage":0,"enemies":"Blue Slaver","floor":10,"turns":4},{"damage":23,"enemies":"Gremlin Nob","floor":11,"turns":4},{"damage":9,"enemies":"2 Fungi Beasts","floor":14,"turns":3},{"damage":0,"enemies":"Gremlin Gang","floor":15,"turns":3},{"damage":18,"enemies":"IC_STATUS_ARCHETYPE","floor":16,"turns":13},{"damage":0,"enemies":"Shell Parasite","floor":19,"turns":4},{"damage":0,"enemies":"Chosen","floor":20,"turns":4},{"damage":1,"enemies":"Centurion and Healer","floor":21,"turns":8},{"damage":0,"enemies":"Chosen and Byrds","floor":22,"turns":7},{"damage":0,"enemies":"Shelled Parasite and Fungi","floor":23,"turns":6},{"damage":18,"enemies":"Snake Plant","floor":25,"turns":4},{"damage":0,"enemies":"downfall:FleeingMerchant","floor":27,"turns":4},{"damage":16,"enemies":"Centurion and Healer","floor":29,"turns":5},{"damage":7,"enemies":"Sentry and Sphere","floor":31,"turns":4},{"damage":0,"enemies":"Snake Plant","floor":32,"turns":2},{"damage":11,"enemies":"SI_MIRROR_ARCHETYPE","floor":33,"turns":11},{"damage":0,"enemies":"3 Darklings","floor":36,"turns":4},{"damage":0,"enemies":"downfall:FleeingMerchant","floor":37,"turns":4},{"damage":0,"enemies":"3 Shapes","floor":38,"turns":4},{"damage":0,"enemies":"Sphere and 2 Shapes","floor":39,"turns":5},{"damage":0,"enemies":"downfall:FleeingMerchant","floor":42,"turns":1},{"damage":0,"enemies":"4 Shapes","floor":46,"turns":5},{"damage":0,"enemies":"Nemesis","floor":48,"turns":5},{"damage":0,"enemies":"Maw","floor":49,"turns":6},{"damage":43,"enemies":"WA_ARCHETYPE_DIVINITY","floor":50,"turns":10}],"seed_played":"1941967357832598529","potions_obtained":[{"floor":0,"key":"Fruit Juice"},{"floor":2,"key":"Explosive Potion"},{"floor":4,"key":"FearPotion"},{"floor":5,"key":"champ:CounterPotion"},{"floor":14,"key":"AttackPotion"},{"floor":19,"key":"Fire Potion"},{"floor":22,"key":"LiquidMemories"},{"floor":25,"key":"Dexterity Potion"},{"floor":33,"key":"Dexterity Potion"}],"is_trial":false,"path_per_floor":["R","M","?","M","M","M","T","R","?","M","E","T","R","M","M","B",null,"R","M","M","M","M","M","T","M","R","$","?","M","R","M","M","B",null,"R","M","$","M","M","R","T","$","?","R","?","M","R","E","M","B",null],"character_chosen":"GUARDIAN","items_purchased":["Guardian:StasisEngine","Blood Vial","Toxic Egg 2","Guardian:DonusPower+1","Guardian:SpikerProtocol"],"campfire_rested":1,"item_purchase_floors":[27,37,42,42,42],"current_hp_per_floor":[90,87,83,83,71,71,71,71,47,47,24,24,51,42,42,24,90,90,90,90,89,89,89,89,71,71,71,71,55,55,48,48,37,90,90,90,90,90,90,90,90,90,90,90,90,90,90,90,90,47],"gold":104,"neow_bonus":"BOSS_RELIC","is_daily":false,"chose_seed":false,"campfire_upgraded":8,"win_rate":0.0,"timestamp":1611488786,"path_taken":["R","M","?","M","M","M","T","R","?","M","E","?","R","M","M","BOSS","R","M","?","M","M","M","T","M","R","$","?","?","R","M","M","BOSS","R","M","$","M","M","R","T","$","?","R","?","M","R","E","M","BOSS"],"items_purchased_type":["Card","Relic","Relic","Card","Card"],"build_version":"2020-12-22","purchased_purges":3,"victory":true,"max_hp_per_floor":[90,90,90,90,90,90,90,90,90,90,90,90,90,90,90,90,90,90,90,90,90,90,90,90,90,90,90,90,90,90,90,90,90,90,90,90,90,90,90,90,90,90,90,90,90,90,90,90,90,90],"card_choices":[{"not_picked":["Guardian:Recover","Guardian:PiercingHide"],"picked":"Guardian:TimeBomb","floor":0},{"not_picked":["Guardian:Incinerate","Guardian:ChargeCore"],"picked":"Guardian:ArmoredProtocol","floor":2},{"not_picked":["Guardian:RollAttack","Guardian:Emergency"],"picked":"Guardian:SentryBeam","floor":4},{"not_picked":["Guardian:Gem_Lightblue","Guardian:Reroute"],"picked":"Guardian:PrismaticBarrier","floor":5},{"not_picked":["Guardian:Reroute","Guardian:DonusPower"],"picked":"Guardian:ShieldCharger","floor":6},{"not_picked":["Guardian:Incinerate","Guardian:Gem_Lightblue"],"picked":"Guardian:CrystalBeam","floor":10},{"not_picked":["Guardian:SpikerProtocol","Guardian:ShieldCharger"],"picked":"Guardian:Gem_Crimson","floor":11},{"not_picked":["Guardian:Incinerate","Guardian:SphericShield"],"picked":"Guardian:Clone","floor":14},{"not_picked":["Guardian:RefractedBeam","Guardian:ChargeCore"],"picked":"Guardian:ShieldSpikes","floor":15},{"not_picked":["Guardian:FastForward","Guardian:GemFire"],"picked":"Guardian:ExploitGems","floor":16},{"not_picked":["Guardian:EvasiveProtocol","Guardian:TemporalStrike+1"],"picked":"Guardian:Gem_Cyan","floor":19},{"not_picked":["Guardian:Incinerate+1","Guardian:DecasProtection"],"picked":"Guardian:Gem_Red","floor":20},{"not_picked":["Guardian:Planning","Guardian:Gem_Cyan"],"picked":"Guardian:RollAttack+1","floor":21},{"not_picked":["Guardian:ChargeCore","Guardian:VentSteam"],"picked":"Guardian:DecasProtection","floor":22},{"not_picked":["Guardian:TemporalShield+1","Guardian:EvasiveProtocol+1"],"picked":"Guardian:Gem_Purple","floor":23},{"not_picked":["Guardian:RollAttack","Guardian:Gem_Cyan"],"picked":"Guardian:Orbwalk","floor":25},{"not_picked":["Guardian:Gem_Purple","Guardian:Clone"],"picked":"Guardian:Gem_Green","floor":27},{"not_picked":["Guardian:TimeCapacitor","Guardian:Gem_Lightblue"],"picked":"Guardian:SphericShield","floor":29},{"not_picked":["Guardian:Suspension","Guardian:Gem_Yellow"],"picked":"Guardian:Repulse+1","floor":31},{"not_picked":["Guardian:BronzeArmor","Guardian:Planning+1"],"picked":"Guardian:EvasiveProtocol","floor":32},{"not_picked":["Guardian:TimeSifter","Guardian:RevengeProtocol"],"picked":"Guardian:AncientConstruct","floor":33},{"not_picked":["Guardian:PrimingBeam+1","Guardian:Gem_Cyan"],"picked":"Guardian:BodySlam","floor":36},{"not_picked":["Guardian:CompilePackage","Guardian:Gem_Lightblue"],"picked":"Guardian:TemporalShield+1","floor":37},{"not_picked":["Guardian:Reroute+1","Guardian:Gem_Red"],"picked":"Guardian:Suspension+1","floor":38},{"not_picked":["Guardian:RollAttack+1","Guardian:Planning"],"picked":"Guardian:Gem_Lightblue","floor":39},{"not_picked":["Guardian:PrimingBeam","Guardian:VentSteam+1"],"picked":"Guardian:Gem_Orange","floor":42},{"not_picked":["expansioncontent:Hexaburn","expansioncontent:LastStand"],"picked":"expansioncontent:AwakenDeath","floor":45},{"not_picked":["Guardian:Gem_Red","Guardian:PrimingBeam"],"picked":"Guardian:BodySlam","floor":46},{"not_picked":["Guardian:Clone+1","Guardian:Gem_Blue"],"picked":"Guardian:ShieldSpikes+1","floor":48},{"not_picked":["Guardian:Incinerate","Guardian:Gem_Cyan"],"picked":"Guardian:Harden+1","floor":49}],"player_experience":452362,"relics_obtained":[{"floor":7,"key":"PreservedInsect"},{"floor":11,"key":"Matryoshka"},{"floor":12,"key":"Boot"},{"floor":12,"key":"Mummified Hand"},{"floor":24,"key":"Bronze Scales"},{"floor":24,"key":"Nunchaku"},{"floor":41,"key":"Lantern"},{"floor":48,"key":"Bag of Preparation"}],"event_choices":[],"is_beta":false,"boss_relics":[{"not_picked":["Calling Bell","Velvet Choker"],"picked":"Cursed Key"},{"not_picked":["Guardian:StasisSlotReductionRelic","Snecko Eye"],"picked":"Sozu"}],"items_purged_floors":[27,37,42],"is_endless":false,"potions_floor_spawned":[2,4,5,14,19,22,25,29,33,36,39,46,48],"ascension_level":0}}