{"host":"dzit4ljil6490tuf","time":1611468890,"event":{"mods":["BaseMod","Downfall","Hermit","Hubris","Minty Spire (QoL Compilation)","StSLib","The Cursed","The Runesmith","The Servant 0.9.4"],"gold_per_floor":[99,112,122,137,155,155,155,185,199,199,212,212,230,247,261,261,261,261],"floor_reached":16,"language":"ITA","playtime":735,"items_purged":[],"score":98,"play_id":"76daa053-ed9e-42c3-aeaf-099643972a51","local_time":"20210124071450","is_ascension_mode":false,"campfire_choices":[{"data":"bronze:Replicate","floor":1,"key":"SMITH"},{"data":"bronze:Iterate","floor":6,"key":"SMITH"},{"data":"bronze:Philosophize","floor":12,"key":"SMITH"}],"circlet_count":0,"master_deck":["bronze:Strike","bronze:Strike","bronze:Strike","bronze:Defend","bronze:Defend","bronze:Defend","bronze:Defend","bronze:Replicate+1","bronze:Goto+1","bronze:Backtrace","bronze:Iterate+1","bronze:Philosophize+1","bronze:DelayedGuard","bronze:Overheat","bronze:CutThrough","bronze:BugBarrage","bronze:Invalidate","bronze:ChosenStrike","bronze:ChosenStrike"],"relics":["bronze:BronzeCore","hubris:PeanutButter","Happy Flower"],"acts_visited":["Exordium"],"potions_floor_usage":[5,16],"damage_taken":[{"damage":2,"enemies":"Jaw Worm","floor":2,"turns":4},{"damage":0,"enemies":"2 Louse","floor":3,"turns":1},{"damage":0,"enemies":"Cultist","floor":4,"turns":3},{"damage":18,"enemies":"Gremlin Gang","floor":5,"turns":4},{"damage":0,"enemies":"Blue Slaver","floor":9,"turns":3},{"damage":4,"enemies":"Exordium Thugs","floor":11,"turns":2},{"damage":7,"enemies":"Lots of Slimes","floor":13,"turns":3},{"damage":0,"enemies":"Blue Slaver","floor":14,"turns":1},{"damage":2,"enemies":"2 Fungi Beasts","floor":15,"turns":3},{"damage":50,"enemies":"DF_ARCHETYPE_STREAMLINE","floor":16,"turns":6}],"seed_played":"3181173448587903319","potions_obtained":[{"floor":2,"key":"Energy Potion"},{"floor":3,"key":"SpeedPotion"},{"floor":4,"key":"hexamod:SoulburnPotion"},{"floor":9,"key":"SteroidPotion"}],"is_trial":false,"path_per_floor":["R","M","M","M","M","R","T","?","M","?","M","R","M","M","M","B"],"character_chosen":"THE_AUTOMATON","items_purchased":[],"campfire_rested":0,"item_purchase_floors":[],"current_hp_per_floor":[70,68,68,68,50,50,50,50,50,50,46,46,39,39,37,0,0,0],"gold":261,"neow_bonus":"TRANSFORM_CARD","is_daily":false,"chose_seed":false,"campfire_upgraded":3,"win_rate":0.0,"timestamp":1611468890,"path_taken":["R","M","M","M","M","R","T","?","M","?","?","R","M","?","M","BOSS"],"items_purchased_type":[],"build_version":"2020-12-22","purchased_purges":0,"victory":false,"max_hp_per_floor":[70,70,70,70,70,70,70,70,70,70,70,70,70,70,70,70,70,70],"card_choices":[{"not_picked":["bronze:DelayedSlice","bronze:BitShift"],"picked":"bronze:Iterate","floor":2},{"not_picked":["bronze:Shield","bronze:Safeguard"],"picked":"bronze:Philosophize","floor":3},{"not_picked":["bronze:CutThrough","bronze:BuggyMess"],"picked":"bronze:DelayedGuard","floor":4},{"not_picked":["bronze:ClassDefault","bronze:Deprecate"],"picked":"bronze:Overheat","floor":5},{"not_picked":["bronze:WildBeam","bronze:Philosophize"],"picked":"bronze:CutThrough","floor":9},{"not_picked":["bronze:DarkDash","bronze:Philosophize"],"picked":"bronze:BugBarrage","floor":11},{"not_picked":["bronze:Overload","bronze:DarkDash"],"picked":"bronze:Invalidate","floor":13},{"not_picked":["bronze:DelayedSlice","bronze:NullPointer"],"picked":"bronze:ChosenStrike","floor":14},{"not_picked":["bronze:Safeguard","bronze:BitShift"],"picked":"bronze:ChosenStrike","floor":15}],"player_experience":596546,"relics_obtained":[{"floor":7,"key":"hubris:PeanutButter"}],"event_choices":[],"is_beta":false,"boss_relics":[],"items_purged_floors":[],"is_endless":false,"potions_floor_spawned":[2,3,4,9],"killed_by":"DF_ARCHETYPE_STREAMLINE","ascension_level":0}}