{"host":"drkpql2ocxl3f5d4","time":1611516272,"event":{"mods":["BaseMod","Colored Map","Downfall","Energized Spire","Friendly Minions","Googly Eyes","Infinite Spire","Minty Spire (QoL Compilation)","StSLib"],"gold_per_floor":[99,109,109,119,119,145,145,45,65,91,108,123,123,136,153,153,153,153],"floor_reached":16,"language":"ENG","playtime":1729,"items_purged":[],"score":114,"play_id":"6c5e27d7-7689-46c9-b81c-7e6f129eeb7e","local_time":"20210124202432","is_ascension_mode":false,"campfire_choices":[{"data":"bronze:Replicate","floor":1,"key":"SMITH"},{"data":"bronze:Philosophize","floor":8,"key":"SMITH"},{"data":"bronze:Verify","floor":13,"key":"SMITH"}],"circlet_count":0,"master_deck":["bronze:Strike","bronze:Strike","bronze:Strike","bronze:Strike","bronze:Defend","bronze:Defend","bronze:Defend","bronze:Defend","bronze:Replicate+1","bronze:Goto","bronze:DelayedGuard","bronze:Branch","bronze:Iterate","bronze:Philosophize+1","bronze:Iterate","bronze:Safeguard","bronze:Verify+1","bronze:Flail","bronze:Overheat","bronze:Iterate"],"relics":["bronze:BronzeCore","Potion Belt","Dream Catcher","downfall:HeartBlessingBlue","Oddly Smooth Stone"],"acts_visited":["Exordium"],"potions_floor_usage":[15],"damage_taken":[{"damage":1,"enemies":"Small Slimes","floor":2,"turns":4},{"damage":0,"enemies":"Jaw Worm","floor":4,"turns":4},{"damage":0,"enemies":"Cultist","floor":5,"turns":1},{"damage":8,"enemies":"3 Sentries","floor":6,"turns":8},{"damage":2,"enemies":"Blue Slaver","floor":9,"turns":3},{"damage":6,"enemies":"Lagavulin","floor":10,"turns":5},{"damage":2,"enemies":"Exordium Wildlife","floor":11,"turns":4},{"damage":0,"enemies":"2 Fungi Beasts","floor":12,"turns":3},{"damage":4,"enemies":"Large Slime","floor":14,"turns":5},{"damage":0,"enemies":"Red Slaver","floor":15,"turns":4},{"damage":60,"enemies":"SI_SHIV_ARCHETYPE","floor":16,"turns":9}],"seed_played":"-1028623623300107907","potions_obtained":[{"floor":2,"key":"Swift Potion"},{"floor":6,"key":"hexamod:SoulburnPotion"},{"floor":9,"key":"PowerPotion"},{"floor":12,"key":"Explosive Potion"}],"is_trial":false,"path_per_floor":["R","M","?","M","M","E","T","R","M","E","M","M","R","M","M","B"],"character_chosen":"THE_AUTOMATON","items_purchased":[],"campfire_rested":0,"item_purchase_floors":[],"current_hp_per_floor":[70,69,69,69,69,61,61,71,69,63,61,61,61,57,57,0,0,0],"gold":153,"neow_bonus":"RANDOM_COMMON_RELIC","is_daily":false,"chose_seed":false,"campfire_upgraded":3,"win_rate":0.0,"timestamp":1611516272,"path_taken":["R","M","?","M","M","E","T","R","M","E","M","M","R","M","M","BOSS"],"items_purchased_type":[],"build_version":"2020-12-22","purchased_purges":0,"victory":false,"max_hp_per_floor":[70,70,70,70,70,70,70,80,80,80,80,80,80,80,80,80,80,80],"card_choices":[{"not_picked":["bronze:Branch","bronze:ChildClass"],"picked":"bronze:DelayedGuard","floor":2},{"not_picked":["bronze:WildBeam","bronze:DelayedSlice"],"picked":"bronze:Branch","floor":4},{"not_picked":["bronze:WhirlingStrike","bronze:Backtrace"],"picked":"bronze:Iterate","floor":5},{"not_picked":["bronze:ForceShield","bronze:BuggyMess"],"picked":"bronze:Philosophize","floor":6},{"not_picked":["bronze:Branch","bronze:Repair"],"picked":"bronze:Iterate","floor":9},{"not_picked":["bronze:OilSpill","bronze:Shield"],"picked":"bronze:Safeguard","floor":10},{"not_picked":["bronze:Invalidate","bronze:ForceShield"],"picked":"bronze:Verify","floor":11},{"not_picked":["bronze:Shell","bronze:Shield"],"picked":"bronze:Flail","floor":12},{"not_picked":["bronze:WildBeam","bronze:Overheat","bronze:Mutator"],"picked":"SKIP","floor":14},{"not_picked":["bronze:WildBeam","bronze:Mutator"],"picked":"bronze:Overheat","floor":14},{"not_picked":["bronze:Separator","bronze:DelayedSlice"],"picked":"bronze:Iterate","floor":15}],"player_experience":681802,"relics_obtained":[{"floor":6,"key":"Dream Catcher"},{"floor":10,"key":"Oddly Smooth Stone"}],"event_choices":[],"is_beta":false,"boss_relics":[],"items_purged_floors":[],"is_endless":false,"potions_floor_spawned":[2,6,9,12],"killed_by":"SI_SHIV_ARCHETYPE","ascension_level":0}}