{"host":"kywtqy4o43fs5yna","time":1611496612,"event":{"mods":["AchievementEnabler","Act Like it!","BaseMod","Better Note","BetterRewards","Colored Map","Minty Spire (QoL Compilation)","Quick Restart","Rare Cards Sparkle","StSLib","SuperFastMode"],"gold_per_floor":[125,125,148,167,167,167,209,219,219,255,264,311,338,376,376,509,509,541,560,659,584,609,609,609,609,659,659,700,734,315,315,315,414,423,444,444,494,269,293,333,333,0,25,109,58,82,99,134,134,134,134,134,33,61,61],"floor_reached":56,"language":"RUS","playtime":2712,"items_purged":["Dualcast","Injury"],"score":1636,"play_id":"515e9f36-c6ef-4b5a-b7c9-2861b74da272","local_time":"20210124235652","is_ascension_mode":true,"campfire_choices":[{"data":"Defragment","floor":6,"key":"SMITH"},{"data":"Storm","floor":15,"key":"SMITH"},{"data":"Capacitor","floor":23,"key":"SMITH"},{"data":"Electrodynamics","floor":25,"key":"SMITH"},{"data":"Storm","floor":32,"key":"SMITH"},{"data":"Storm","floor":41,"key":"SMITH"},{"floor":49,"key":"RECALL"},{"data":"Capacitor","floor":52,"key":"SMITH"}],"circlet_count":0,"master_deck":["Strike_B+1","Strike_B","Strike_B","Defend_B+1","Defend_B","Defend_B","Zap+1","Self Repair","Capacitor+1","Defragment+1","Heatsinks","Ball Lightning","Ball Lightning+1","Storm+1","Loop","Reinforced Body+1","Chaos+1","Electrodynamics+1","Rebound+1","Ball Lightning+1","Storm+1","CurseOfTheBell","Redo+1","Storm+1","Defragment+1","Lockon","Capacitor+1","Ball Lightning+1","Echo Form","Storm","Lockon"],"relics":["Cracked Core","CeramicFish","Torii","Mummified Hand","Matryoshka","Anchor","Toxic Egg 2","Lantern","Bloody Idol","Tiny Chest","HornCleat","Black Star","Whetstone","Centennial Puzzle","Calipers","Cables","Nunchaku","Gremlin Horn","Calling Bell","Smiling Mask","Kunai","FossilizedHelix","Mango","Bird Faced Urn","Bronze Scales","Gambling Chip","Letter Opener","Red Mask","MawBank","InkBottle","War Paint","Blue Candle","Pantograph","Shuriken"],"acts_visited":["Exordium","TheCity","TheBeyond","TheEnding"],"potions_floor_usage":[7,7,12,54,54,55,55],"damage_taken":[{"damage":15,"enemies":"2 Louse","floor":1,"turns":4},{"damage":1,"enemies":"Cultist","floor":3,"turns":5},{"damage":0,"enemies":"Small Slimes","floor":4,"turns":3},{"damage":6,"enemies":"Gremlin Nob","floor":7,"turns":4},{"damage":16,"enemies":"3 Louse","floor":8,"turns":3},{"damage":21,"enemies":"Lagavulin","floor":10,"turns":4},{"damage":6,"enemies":"3 Sentries","floor":12,"turns":4},{"damage":0,"enemies":"Exordium Wildlife","floor":13,"turns":3},{"damage":0,"enemies":"Gremlin Nob","floor":14,"turns":3},{"damage":0,"enemies":"Slime Boss","floor":16,"turns":5},{"damage":1,"enemies":"2 Thieves","floor":18,"turns":3},{"damage":1,"enemies":"Chosen","floor":19,"turns":3},{"damage":14,"enemies":"Snake Plant","floor":22,"turns":2},{"damage":11,"enemies":"Book of Stabbing","floor":28,"turns":3},{"damage":10,"enemies":"Centurion and Healer","floor":29,"turns":3},{"damage":0,"enemies":"Collector","floor":33,"turns":4},{"damage":0,"enemies":"3 Shapes","floor":35,"turns":3},{"damage":0,"enemies":"Mind Bloom Boss Battle","floor":37,"turns":3},{"damage":9,"enemies":"3 Darklings","floor":39,"turns":2},{"damage":0,"enemies":"Reptomancer","floor":40,"turns":2},{"damage":0,"enemies":"Spire Growth","floor":46,"turns":3},{"damage":0,"enemies":"Sphere and 2 Shapes","floor":47,"turns":1},{"damage":0,"enemies":"Nemesis","floor":48,"turns":3},{"damage":18,"enemies":"Time Eater","floor":50,"turns":4},{"damage":55,"enemies":"Shield and Spear","floor":54,"turns":4},{"damage":15,"enemies":"The Heart","floor":55,"turns":3}],"seed_played":"666978463204554251","potions_obtained":[{"floor":1,"key":"Block Potion"},{"floor":3,"key":"PowerPotion"},{"floor":10,"key":"Block Potion"},{"floor":13,"key":"DuplicationPotion"},{"floor":14,"key":"SteroidPotion"},{"floor":18,"key":"DuplicationPotion"},{"floor":33,"key":"Block Potion"},{"floor":37,"key":"SkillPotion"},{"floor":54,"key":"Ancient Potion"}],"is_trial":false,"path_per_floor":["M","?","M","M","?","R","E","M","T","E","?","E","M","E","R","B",null,"M","M","?","?","M","R","T","R","T","?","E","M","$","?","R","B",null,"M","T","?","$","M","E","R","?","T","T","$","M","M","E","R","B",null,"R","$","E","B",null],"character_chosen":"DEFECT","items_purchased":["CeramicFish","Self Repair","Capacitor","Defragment","Torii","Gremlin Horn","Storm","Storm","Bronze Scales","Capacitor","Storm","Lockon"],"campfire_rested":0,"item_purchase_floors":[0,0,0,0,0,30,30,38,38,45,53,53],"current_hp_per_floor":[32,32,38,45,42,42,43,34,34,20,20,21,28,35,35,42,75,75,74,74,74,60,60,60,60,60,60,56,53,53,53,53,65,75,75,89,89,89,89,89,89,89,89,89,89,89,89,89,89,75,89,89,89,58,89],"gold":61,"neow_bonus":"","is_daily":false,"chose_seed":false,"campfire_upgraded":7,"win_rate":0.0,"timestamp":1611496612,"path_taken":["M","?","?","M","?","R","E","M","T","E","?","E","M","E","R","BOSS","M","M","?","?","?","R","?","R","T","?","E","?","$","?","R","BOSS","M","?","?","?","M","E","R","?","T","?","?","M","M","E","R","BOSS","R","$","E","BOSS"],"items_purchased_type":["Relic","Card","Card","Card","Relic","Relic","Card","Card","Relic","Card","Card","Card"],"build_version":"2020-12-22","purchased_purges":2,"victory":true,"max_hp_per_floor":[75,75,75,75,75,75,75,75,75,75,75,75,75,75,75,75,75,75,75,75,75,75,75,75,75,75,75,75,75,75,75,75,75,75,75,89,89,89,89,89,89,89,89,89,89,89,89,89,89,89,89,89,89,89,89],"card_choices":[{"not_picked":["Cold Snap","Chaos"],"picked":"Heatsinks","floor":1},{"not_picked":["Coolheaded","Blizzard"],"picked":"Ball Lightning","floor":3},{"not_picked":["Steam Power","Redo"],"picked":"Ball Lightning","floor":4},{"not_picked":["Steam","Genetic Algorithm"],"picked":"Storm","floor":7},{"not_picked":["Reprogram","Steam","Gash"],"picked":"SKIP","floor":8},{"not_picked":["Melter","Heatsinks"],"picked":"Loop","floor":10},{"not_picked":["Coolheaded+1","Skim+1"],"picked":"Reinforced Body+1","floor":12},{"not_picked":["Go for the Eyes","Core Surge"],"picked":"Chaos+1","floor":13},{"not_picked":["Gash","Cold Snap","Beam Cell"],"picked":"SKIP","floor":14},{"not_picked":["Reboot+1","Core Surge"],"picked":"Electrodynamics","floor":16},{"not_picked":["Gash","Steam+1"],"picked":"Rebound+1","floor":18},{"not_picked":["Rebound","Beam Cell","Leap+1"],"picked":"SKIP","floor":19},{"not_picked":["Streamline","Cold Snap","Sweeping Beam+1"],"picked":"SKIP","floor":22},{"not_picked":["Compile Driver","Steam Power+1","Go for the Eyes"],"picked":"SKIP","floor":28},{"not_picked":["Steam+1","Streamline"],"picked":"Ball Lightning+1","floor":29},{"not_picked":["Turbo+1","Steam+1"],"picked":"Redo+1","floor":35},{"not_picked":["Cold Snap","Beam Cell"],"picked":"Defragment+1","floor":39},{"not_picked":["Fusion+1","Conserve Battery+1"],"picked":"Lockon","floor":40},{"not_picked":["Go for the Eyes+1","Doom and Gloom+1"],"picked":"Ball Lightning+1","floor":46},{"not_picked":["Hologram+1","Sweeping Beam","Coolheaded+1"],"picked":"SKIP","floor":47},{"not_picked":["Tempest+1","Leap+1"],"picked":"Echo Form","floor":48},{"not_picked":["Steam+1","Go for the Eyes+1","Sweeping Beam+1"],"picked":"SKIP","floor":54}],"player_experience":189311,"relics_obtained":[{"floor":7,"key":"Matryoshka"},{"floor":9,"key":"Anchor"},{"floor":9,"key":"Toxic Egg 2"},{"floor":10,"key":"Lantern"},{"floor":12,"key":"Tiny Chest"},{"floor":14,"key":"HornCleat"},{"floor":24,"key":"Whetstone"},{"floor":26,"key":"Centennial Puzzle"},{"floor":28,"key":"Cables"},{"floor":28,"key":"Nunchaku"},{"floor":34,"key":"Smiling Mask"},{"floor":34,"key":"Kunai"},{"floor":34,"key":"FossilizedHelix"},{"floor":36,"key":"Mango"},{"floor":37,"key":"Bird Faced Urn"},{"floor":40,"key":"Gambling Chip"},{"floor":40,"key":"Letter Opener"},{"floor":43,"key":"MawBank"},{"floor":44,"key":"InkBottle"},{"floor":48,"key":"War Paint"},{"floor":48,"key":"Blue Candle"},{"floor":54,"key":"Pantograph"},{"floor":54,"key":"Shuriken"}],"event_choices":[{"cards_removed":["Strike_B"],"damage_healed":0,"gold_gain":0,"player_choice":"Card Removal","damage_taken":0,"max_hp_gain":0,"max_hp_loss":0,"event_name":"Wheel of Change","floor":2,"gold_loss":0},{"damage_healed":0,"gold_gain":0,"player_choice":"Success","damage_taken":3,"relics_obtained":["Mummified Hand"],"max_hp_gain":0,"max_hp_loss":0,"event_name":"Scrap Ooze","floor":5,"gold_loss":0},{"damage_healed":0,"gold_gain":0,"player_choice":"Take Wound","damage_taken":0,"relics_obtained":["Golden Idol"],"max_hp_gain":0,"max_hp_loss":0,"event_name":"Golden Idol","floor":11,"gold_loss":0,"cards_obtained":["Injury"]},{"damage_healed":0,"gold_gain":99,"player_choice":"Stole From Cult","damage_taken":0,"max_hp_gain":0,"max_hp_loss":0,"event_name":"Nest","floor":20,"gold_loss":0},{"cards_removed":["Defend_B"],"damage_healed":0,"gold_gain":0,"player_choice":"Gave Gold","damage_taken":0,"max_hp_gain":0,"max_hp_loss":0,"event_name":"Beggar","floor":21,"gold_loss":75},{"damage_healed":0,"gold_gain":0,"player_choice":"Gave Potion","damage_taken":0,"relics_obtained":["Calipers"],"max_hp_gain":0,"max_hp_loss":0,"event_name":"WeMeetAgain","floor":27,"gold_loss":0},{"damage_healed":0,"gold_gain":0,"player_choice":"Gave Idol","damage_taken":0,"relics_obtained":["Bloody Idol"],"max_hp_gain":0,"max_hp_loss":0,"event_name":"Forgotten Altar","floor":31,"relics_lost":["Golden Idol"],"gold_loss":0},{"damage_healed":0,"gold_gain":0,"player_choice":"Fight","damage_taken":0,"max_hp_gain":0,"max_hp_loss":0,"event_name":"MindBloom","floor":37,"gold_loss":0},{"damage_healed":0,"gold_gain":0,"player_choice":"Paid","damage_taken":0,"relics_obtained":["Red Mask"],"max_hp_gain":0,"max_hp_loss":0,"event_name":"Tomb of Lord Red Mask","floor":42,"gold_loss":333}],"is_beta":false,"boss_relics":[{"not_picked":["Runic Pyramid","SacredBark"],"picked":"Black Star"},{"not_picked":["Coffee Dripper","Philosopher\u0027s Stone"],"picked":"Calling Bell"}],"items_purged_floors":[0,30],"is_endless":false,"potions_floor_spawned":[1,3,10,13,14,18,33,37,40,46,54],"ascension_level":2}}