{"host":"i58uscbei3sy5089","time":1611505987,"event":{"mods":["ATMod(°¢èªMod)","Act Like it!","BaseMod","Challenge The Spire","Colored Powertips","Conspire","Gensokyo","Infinite Spire","Lobotomy","LobotomyExtend","Minty Spire (QoL Compilation)","MostiFishMod","Quick Restart","Replay The Spire","Shop Mod","Spicy Shops","StSLib","TestMod","UnlockEverythingMod","[IsaacMod]ÒÔÈö¼âËþ","vexMod","¡¾¹¦ÄÜMod¡¿»ìãçÖ®»·ÐÞ¸´²¹¶¡","¡¾ÒÅÎï¿¨ÅÆ¡¿REMEMod","óô»ðÖ¸ÄÏ"],"gold_per_floor":[109,109,130,145,4,34,34,53,75,92,309,309,328,352,352,449,449,460,7,18,45,72,72,72,98,98,111,111,111,158,170,170,266,266,275,294,143,158,199,124,457,170,170,80,80,105,47,78,78,78,78],"floor_reached":50,"language":"ZHS","playtime":3151,"items_purged":["SpecialBullet","SpecialBullet","SpecialBullet","SpecialBullet","SpecialBullet"],"score":1609,"play_id":"45492eec-c887-4f41-a0f9-194b87c7a295","local_time":"20210125003307","is_ascension_mode":true,"campfire_choices":[{"data":"AT_MachinaRedman","floor":7.0,"key":"SMITH"},{"data":"Mimicry","floor":23.0,"key":"SMITH"},{"floor":28.0,"key":"REST"},{"data":"TheSmile","floor":49.0,"key":"SMITH"}],"circlet_count":0,"master_deck":["SpecialBullet","SpecialBullet","SpecialBullet","AT_MachinaRedman+1","WallGazer","Justitia+1","SecurityCode","InformationCode","Twilight+1","Adoration+1","MostiFishMod:Neptune+1","MostiFishMod:TheEndOfMoonlight+1","MostiFishMod:SparklingWater+1","MostiFishMod:FantasySummer+1","MostiFishMod:NightSea+1","Mimicry+1","MostiFishMod:KingOfFree+1","MHz","ParadiseLost+8","Adoration+1","LongBird","testmod-Reverberation+1","Gensokyo:CustomPotion","WelfareCode","TheSmile+1"],"relics":["CogitoBucket","testmod-TestBox","HushsDoor","DaveBox","AT_ATBox","REME_ComplimentaryCards","testmod-Charity","GuanYuAspect","testmod-TimeTraveler","SynthV:TestCard","LetterFromLob","HowToJump","Molten Egg 2","SkinProphecy","Singing Bowl","AT_SilvercatRing","MoonlightInvasionPlan","MerchantsRug","HaiYi:Twilight","ChangeAnything","Gensokyo:ConquerorOfFear","Replay:Lucky Slots","testmod-Laevatain","AtMidnight","BehaviorAdjustment","infinitespire:Golems Mask","Lizard Tail","Vajra","BionicSphere","Snack Pack","AT_Manta","vexMod:RetaliationKit","testmod-TheFather"],"acts_visited":["Exordium","Gensokyo:Gensokyo","Gensokyo:Gensokyoer"],"potions_floor_usage":[],"damage_taken":[{"damage":0.0,"enemies":"Gensokyo:3_Fairies","floor":1.0,"turns":2.0},{"damage":2.0,"enemies":"Gensokyo:Python","floor":4.0,"turns":2.0},{"damage":18.0,"enemies":"Gensokyo:Aya","floor":6.0,"turns":3.0},{"damage":10.0,"enemies":"Gensokyo:Gryphon","floor":8.0,"turns":2.0},{"damage":0.0,"enemies":"Gensokyo:3_Kodama","floor":10.0,"turns":1.0},{"damage":16.0,"enemies":"Gensokyo:VengefulSpirit","floor":11.0,"turns":4.0},{"damage":6.0,"enemies":"Gensokyo:CorruptedTreant","floor":13.0,"turns":2.0},{"damage":24.0,"enemies":"Gensokyo:Mamizou","floor":14.0,"turns":5.0},{"damage":13.0,"enemies":"Gensokyo:Yukari","floor":16.0,"turns":5.0},{"damage":2.0,"enemies":"Gensokyo:Chomper","floor":18.0,"turns":1.0},{"damage":19.0,"enemies":"Gensokyo:3_Dogs","floor":20.0,"turns":6.0},{"damage":0.0,"enemies":"Gensokyo:Slime_Group","floor":21.0,"turns":2.0},{"damage":1.0,"enemies":"Gensokyo:Monolith_and_Dog","floor":22.0,"turns":2.0},{"damage":65.0,"enemies":"Gensokyo:Tenshi","floor":25.0,"turns":4.0},{"damage":34.0,"enemies":"Gensokyo:Swordslinger","floor":27.0,"turns":2.0},{"damage":14.0,"enemies":"Gensokyo:Chomper_and_Gloop","floor":30.0,"turns":14.0},{"damage":40.0,"enemies":"Gensokyo:Slime_Group","floor":31.0,"turns":3.0},{"damage":21.0,"enemies":"Gensokyo:Kaguya","floor":33.0,"turns":7.0},{"damage":0.0,"enemies":"Gensokyo:3_Boulders","floor":35.0,"turns":3.0},{"damage":2.0,"enemies":"Gensokyo:3_Bats","floor":36.0,"turns":2.0},{"damage":1.0,"enemies":"Gensokyo:3_Boulders","floor":38.0,"turns":4.0},{"damage":0.0,"enemies":"Gensokyo:SeedOfUnknown","floor":39.0,"turns":2.0},{"damage":6.0,"enemies":"Gensokyo:Doremy","floor":41.0,"turns":5.0},{"damage":0.0,"enemies":"Gensokyo:Kasen","floor":46.0,"turns":4.0},{"damage":0.0,"enemies":"Gensokyo:Marisa","floor":48.0,"turns":2.0},{"damage":0,"enemies":"Gensokyo:Shinki","floor":50,"turns":28}],"seed_played":"-6353316123045607447","potions_obtained":[{"floor":6.0,"key":"BlessingOfTheForge"},{"floor":10.0,"key":"BlessingOfTheForge"},{"floor":13.0,"key":"SpeedPotion"},{"floor":16.0,"key":"Cursed Concoction"},{"floor":20.0,"key":"Dexterity Potion"},{"floor":21.0,"key":"SkillPotion"},{"floor":27.0,"key":"REME_GoldPotion"},{"floor":35.0,"key":"BlessingOfTheForge"},{"floor":38.0,"key":"REME_GoldPotion"},{"floor":41.0,"key":"Strength Potion"},{"floor":48.0,"key":"infinitespire:BlackPotion"}],"is_trial":false,"path_per_floor":["M","$","?","M","COS","E","R","M","T","M","M","T","M","E","R","B",null,"M","$","M","M","M","R","?","E","T","M","R","?","M","M","R","B",null,"M","M","COS","M","M","R","E","R","T","?","AVR","E","$","E","R","B"],"character_chosen":"Angela","items_purchased":["Mimicry","MostiFishMod:KingOfFree+1","MerchantsRug","HaiYi:Twilight","testmod-Reverberation"],"campfire_rested":1,"item_purchase_floors":[17,17,19,19,42],"current_hp_per_floor":[33,33,26,31,31,25,25,27,28,39,41,41,45,32,32,42,42,47,53,49,69,80,80,80,36,36,12,26,26,103,79,79,115,115,121,128,128,136,143,143,151,151,151,151,151,160,162,171,171,242,242],"gold":78,"neow_bonus":"ONE_RARE_RELIC","is_daily":false,"chose_seed":false,"campfire_upgraded":3,"win_rate":0.0,"timestamp":1611505987,"path_taken":["M","$","?","?","COS","E","R","M","T","M","M","?","?","E","R","BOSS","M","$","?","?","M","R","?","E","T","?","R","?","M","M","R","BOSS","M","M","COS","M","M","R","E","R","T","?","AVR","E","$","E","R","BOSS"],"items_purchased_type":["Card","Card","Relic","Relic","Card"],"build_version":"2020-12-22","purchased_purges":5,"victory":false,"max_hp_per_floor":[33,33,34,35,35,36,36,37,38,39,41,41,46,51,51,54,42,48,54,62,72,83,83,83,89,89,94,94,94,103,108,108,115,115,124,129,129,137,144,144,153,153,153,153,153,161,163,172,172,242,242],"card_choices":[{"not_picked":["GalaxyChild","Wellcheers"],"picked":"WallGazer","floor":1.0},{"not_picked":["WristCuter","TodaysExpression"],"picked":"SKIP","floor":1.0},{"not_picked":["Amita","LifeForTheDareDevil","Noise"],"picked":"Justitia","floor":3.0},{"not_picked":["Lantern","RedEyes","TodaysExpression","SolemnVow"],"picked":"SKIP","floor":4.0},{"not_picked":["Horn+1","RapturousDream+1","RedEyes+1","Amita+1"],"picked":"SKIP","floor":6.0},{"not_picked":["LifeForTheDareDevil","CUTE","Noise","BlackSwan_ego"],"picked":"SKIP","floor":6.0},{"not_picked":["Lantern+1","Horn+1","WristCuter+1","CherryBlossom"],"picked":"SKIP","floor":8.0},{"not_picked":["Soda","Penitence","FourthMatchFlame+1","SomewhereSpear"],"picked":"SKIP","floor":10.0},{"not_picked":["BlackSwan_ego","Loneliness","Tough+1"],"picked":"Twilight+1","floor":11.0},{"not_picked":["InTheNameOfLoveAndHate","BloodyDesire","Soda","Noise"],"picked":"Singing Bowl","floor":13.0},{"not_picked":["Penitence","Horn+1","Soda","Lantern+1"],"picked":"Singing Bowl","floor":14.0},{"not_picked":["Pinks","GoldRush+1","CENSORED_ego"],"picked":"Adoration","floor":16.0},{"not_picked":["Reverberation+1","Hypocrisy+1","FourthMatchFlame+1","Pinks"],"picked":"Singing Bowl","floor":18.0},{"not_picked":["Tough+1","SolemnVow+1","Discord","Soda"],"picked":"Singing Bowl","floor":20.0},{"not_picked":["Bloodbath","MeltingLove"],"picked":"MHz","floor":21.0},{"not_picked":["Tough+1","Wingbeat","Harvest+1","Galaxy"],"picked":"Singing Bowl","floor":21.0},{"not_picked":["SpiderBud","SilentOrchestra"],"picked":"QueenOfHatred","floor":22.0},{"not_picked":["CrimsonScar+1","ScreamingWedge","FrostShard","CUTE+1"],"picked":"Singing Bowl","floor":22.0},{"not_picked":["Christmas","Lantern+1","Regret_ego","TodaysExpression"],"picked":"Singing Bowl","floor":25.0},{"not_picked":["SolemnVow+1","CUTE+1","Beak+1","TodaysExpression+1"],"picked":"Singing Bowl","floor":27.0},{"not_picked":["Horn+1","SomewhereSpear","CUTE"],"picked":"ParadiseLost+1","floor":30.0},{"not_picked":["BlackSwan_ego+1","Wingbeat","Soda","Penitence"],"picked":"Singing Bowl","floor":31.0},{"not_picked":["Mimicry","Twilight+1","GoldRush+1"],"picked":"Adoration","floor":33.0},{"not_picked":["SnowQueen","HappyTeddy"],"picked":"LongBird","floor":35.0},{"not_picked":["CUTE","CherryBlossom","Wingbeat+1","FourthMatchFlame+1"],"picked":"Singing Bowl","floor":35.0},{"not_picked":["Loneliness+1","RapturousDream","Regret_ego","Noise+1"],"picked":"Singing Bowl","floor":36.0},{"not_picked":["InTheNameOfLoveAndHate","CherryBlossom","Soda+1","TodaysExpression+1"],"picked":"Singing Bowl","floor":38.0},{"not_picked":["LifeForTheDareDevil","RapturousDream+1","WristCuter+1","Laetitia_ego"],"picked":"Singing Bowl","floor":39.0},{"not_picked":["SoundOfStar+1","Pleasure+1","BlueScar+2","RedEyes+2"],"picked":"Singing Bowl","floor":41.0},{"not_picked":["RapturousDream","RedEyes+1","CUTE+1","Beak+1"],"picked":"Singing Bowl","floor":41.0},{"not_picked":["SwordSharpenedByTears+1","TheSmile","Justitia+1","SolemnVow+1"],"picked":"Singing Bowl","floor":46.0},{"not_picked":["CENSORED_ego","GoldRush","ParadiseLost"],"picked":"TheSmile","floor":48.0},{"not_picked":["Spore+1","InTheNameOfLoveAndHate+1","Lantern+1","MagicBullet+1"],"picked":"Singing Bowl","floor":48.0}],"player_experience":596202,"relics_obtained":[{"floor":1.0,"key":"SynthV:TestCard"},{"floor":1.0,"key":"LetterFromLob"},{"floor":3.0,"key":"HowToJump"},{"floor":6.0,"key":"Molten Egg 2"},{"floor":9.0,"key":"BookOfRevelations"},{"floor":12.0,"key":"Singing Bowl"},{"floor":14.0,"key":"AT_SilvercatRing"},{"floor":25.0,"key":"Replay:Lucky Slots"},{"floor":25.0,"key":"Gensokyo:ConquerorOfFear"},{"floor":26.0,"key":"testmod-Laevatain"},{"floor":30.0,"key":"AtMidnight"},{"floor":41.0,"key":"Lizard Tail"},{"floor":43.0,"key":"Vajra"},{"floor":45.0,"key":"BionicSphere"},{"floor":45.0,"key":"infinitespire:PuzzleCube"},{"floor":45.0,"key":"Snack Pack"},{"floor":46.0,"key":"vexMod:RetaliationKit"},{"floor":48.0,"key":"testmod-TheFather"}],"event_choices":[],"is_beta":false,"boss_relics":[{"not_picked":["testmod-RealStoneCalender","testmod-Fortitude"],"picked":"MoonlightInvasionPlan"},{"not_picked":[]},{"not_picked":["AT_TrinityForce","Art of War"],"picked":"infinitespire:Golems Mask"},{"not_picked":[]}],"items_purged_floors":[17,40,42,45,47],"is_endless":false,"potions_floor_spawned":[6,10,13,16,20,21,27,35,38,41,46,48],"killed_by":"Gensokyo:Shinki","ascension_level":9}}