{"host":"syozzdlzcqop4jia","time":1611525202,"event":{"mods":["BaseMod","Colored Powertips","Minty Spire (QoL Compilation)","Quick Restart"],"gold_per_floor":[119,133,27,127,138,138,156,156,224,224,242,260,260,293,293,389,389,400,418,139,149,149,149,161,181,181,181,181,201,211,226,226,226,226],"floor_reached":33,"language":"ENG","playtime":2007,"items_purged":[],"score":278,"play_id":"8178f183-17c9-4cfe-8555-0a126a91eb05","local_time":"20210124225322","is_ascension_mode":true,"campfire_choices":[{"data":"Seeing Red","floor":6,"key":"SMITH"},{"data":"Heavy Blade","floor":8,"key":"SMITH"},{"floor":15,"key":"REST"},{"floor":23,"key":"REST"},{"floor":28,"key":"REST"},{"floor":32,"key":"REST"}],"circlet_count":0,"master_deck":["Strike_R","Strike_R","Strike_R","Strike_R+1","Strike_R","Defend_R","Defend_R","Defend_R","Defend_R","Bash","Hemokinesis","Flex","Rampage+1","Seeing Red+1","Heavy Blade+1","Clash","Flex","Reaper","Bludgeon","Clash","Sword Boomerang+1","Inflame","Bloodletting","The Bomb","Perfected Strike","Inflame+1","Sword Boomerang+1","True Grit+1","Sword Boomerang+1"],"relics":["Burning Blood","Bottled Lightning","Boot","Regal Pillow","Velvet Choker","Enchiridion","Potion Belt"],"acts_visited":["Exordium","TheCity"],"potions_floor_usage":[19,29,29,30,33],"damage_taken":[{"damage":5,"enemies":"Small Slimes","floor":1,"turns":5},{"damage":1,"enemies":"Cultist","floor":2,"turns":3},{"damage":6,"enemies":"2 Louse","floor":5,"turns":3},{"damage":11,"enemies":"Large Slime","floor":7,"turns":5},{"damage":11,"enemies":"Looter","floor":11,"turns":2},{"damage":6,"enemies":"3 Louse","floor":12,"turns":4},{"damage":23,"enemies":"Lagavulin","floor":14,"turns":4},{"damage":85,"enemies":"The Guardian","floor":16,"turns":11},{"damage":11,"enemies":"Spheric Guardian","floor":18,"turns":3},{"damage":14,"enemies":"Shell Parasite","floor":19,"turns":4},{"damage":47,"enemies":"Snake Plant","floor":21,"turns":4},{"damage":35,"enemies":"Sentry and Sphere","floor":24,"turns":4},{"damage":20,"enemies":"Snecko","floor":25,"turns":3},{"damage":14,"enemies":"3 Cultists","floor":29,"turns":4},{"damage":49,"enemies":"Centurion and Healer","floor":30,"turns":4},{"damage":22,"enemies":"Cultist and Chosen","floor":31,"turns":4},{"damage":92,"enemies":"Automaton","floor":33,"turns":6}],"seed_played":"8799069053990589213","potions_obtained":[{"floor":1,"key":"AttackPotion"},{"floor":5,"key":"LiquidBronze"},{"floor":12,"key":"AttackPotion"},{"floor":18,"key":"Block Potion"},{"floor":19,"key":"Explosive Potion"},{"floor":29,"key":"LiquidBronze"}],"is_trial":false,"path_per_floor":["M","M","$","?","M","R","M","R","T","?","M","M","?","E","R","B",null,"M","M","$","M","?","R","M","M","T","?","R","M","M","M","R","B"],"character_chosen":"IRONCLAD","items_purchased":["Flex","Rampage","Inflame","Bloodletting","The Bomb"],"campfire_rested":4,"item_purchase_floors":[3,3,20,20,20],"current_hp_per_floor":[88,88,88,88,88,88,83,83,83,65,60,60,60,43,84,11,88,83,81,81,46,30,71,48,34,34,39,80,80,37,31,72,0,0],"gold":226,"neow_bonus":"TEN_PERCENT_HP_BONUS","is_daily":false,"chose_seed":false,"campfire_upgraded":2,"win_rate":0.0,"timestamp":1611525202,"path_taken":["M","M","$","?","M","R","?","R","T","?","M","M","?","E","R","BOSS","M","M","$","M","?","R","M","M","T","?","R","M","?","M","R","BOSS"],"items_purchased_type":["Card","Card","Card","Card","Card"],"build_version":"2020-12-22","purchased_purges":0,"victory":false,"max_hp_per_floor":[88,88,88,88,88,88,88,88,88,88,88,88,88,88,88,88,88,88,88,88,88,88,88,88,88,88,88,88,88,88,88,88,88,88],"card_choices":[{"not_picked":["Spot Weakness","Warcry"],"picked":"Thunderclap","floor":1},{"not_picked":["Flame Barrier","Headbutt"],"picked":"Hemokinesis","floor":2},{"not_picked":["Combust","Body Slam"],"picked":"Seeing Red","floor":5},{"not_picked":["Iron Wave","Thunderclap"],"picked":"Heavy Blade","floor":7},{"not_picked":["Havoc","Cleave"],"picked":"Clash","floor":11},{"not_picked":["Whirlwind","Rampage"],"picked":"Flex","floor":12},{"not_picked":["Flex","Entrench"],"picked":"Reaper","floor":14},{"not_picked":["Feed","Brutality"],"picked":"Bludgeon","floor":16},{"not_picked":["Thunderclap","Havoc"],"picked":"Clash","floor":18},{"not_picked":["Feel No Pain","Body Slam"],"picked":"Sword Boomerang+1","floor":19},{"not_picked":["Flame Barrier","Iron Wave"],"picked":"Perfected Strike","floor":21},{"not_picked":["Impervious","Body Slam","Havoc"],"picked":"SKIP","floor":24},{"not_picked":["Disarm","Blood for Blood"],"picked":"Inflame+1","floor":25},{"not_picked":["Armaments","Clothesline"],"picked":"Sword Boomerang+1","floor":29},{"not_picked":["Havoc","Thunderclap+1"],"picked":"True Grit+1","floor":30},{"not_picked":["Headbutt","Cleave"],"picked":"Sword Boomerang+1","floor":31}],"player_experience":362071,"relics_obtained":[{"floor":9,"key":"Bottled Lightning"},{"floor":14,"key":"Regal Pillow"},{"floor":22,"key":"Enchiridion"},{"floor":26,"key":"Potion Belt"}],"event_choices":[{"damage_healed":0,"gold_gain":100,"player_choice":"Pray","damage_taken":0,"max_hp_gain":0,"max_hp_loss":0,"event_name":"Golden Shrine","floor":4,"gold_loss":0},{"damage_healed":0,"gold_gain":0,"player_choice":"Entered Light","damage_taken":18,"max_hp_gain":0,"max_hp_loss":0,"event_name":"Shining Light","floor":10,"gold_loss":0,"cards_upgraded":["Strike_R","Rampage"]},{"damage_healed":0,"gold_gain":0,"player_choice":"Searched \u00271\u0027 times","damage_taken":0,"relics_obtained":["Boot"],"max_hp_gain":0,"max_hp_loss":0,"event_name":"Dead Adventurer","floor":13,"gold_loss":0},{"damage_healed":0,"gold_gain":0,"player_choice":"Obtained Book","damage_taken":16,"max_hp_gain":0,"max_hp_loss":0,"event_name":"Cursed Tome","floor":22,"gold_loss":0},{"cards_removed":["Thunderclap"],"damage_healed":5,"gold_gain":0,"player_choice":"Offered Common","damage_taken":0,"max_hp_gain":0,"max_hp_loss":0,"event_name":"Bonfire Elementals","floor":27,"gold_loss":0},{"cards_removed":["Thunderclap"],"damage_healed":5,"gold_gain":0,"player_choice":"Offered Special","damage_taken":0,"max_hp_gain":0,"max_hp_loss":0,"event_name":"Bonfire Elementals","floor":27,"gold_loss":0}],"is_beta":false,"boss_relics":[{"not_picked":["Calling Bell","Cursed Key"],"picked":"Velvet Choker"}],"items_purged_floors":[],"is_endless":false,"potions_floor_spawned":[1,5,12,14,18,19,21,29],"killed_by":"Automaton","ascension_level":2}}