{"host":"zr590xw2unlz0wv7","time":1611484031,"event":{"mods":["BaseMod","Minty Spire (QoL Compilation)","READ ME - Guardian Mod","StSLib"],"gold_per_floor":[109,109,122,52,70,70,88,104,128,128,128,138,88,13,13,110,110,110,80,80,80,80,80,80,80,80,80,80,80,80,80,80,80,80],"floor_reached":33,"language":"ZHS","playtime":913,"items_purged":["Strike_B"],"score":326,"play_id":"f3f074cd-ffba-45a6-b945-2925ca278680","local_time":"20210124182711","is_ascension_mode":true,"campfire_choices":[{"floor":6,"key":"REST"},{"floor":11,"key":"REST"},{"data":"Tempest","floor":15,"key":"SMITH"},{"floor":23,"key":"REST"},{"floor":25,"key":"REST"},{"floor":29,"key":"REST"},{"floor":32,"key":"REST"}],"circlet_count":0,"master_deck":["Strike_B","Strike_B","Defend_B","Defend_B","Defend_B","Defend_B","Zap","Dualcast","Electrodynamics","Tempest+1","Consume+1","Conserve Battery","Genetic Algorithm","Thunder Strike","Ball Lightning","Ball Lightning","Loop","Conserve Battery+1"],"relics":["Cracked Core","Ectoplasm","PreservedInsect","Ancient Tea Set"],"acts_visited":["Exordium","TheCity"],"potions_floor_usage":[7,20,22,22,24],"damage_taken":[{"damage":1,"enemies":"Cultist","floor":1,"turns":3},{"damage":7,"enemies":"2 Louse","floor":3,"turns":2},{"damage":7,"enemies":"Jaw Worm","floor":5,"turns":3},{"damage":0,"enemies":"Gremlin Gang","floor":7,"turns":1},{"damage":32,"enemies":"Exordium Thugs","floor":8,"turns":4},{"damage":0,"enemies":"Large Slime","floor":12,"turns":3},{"damage":20,"enemies":"Slime Boss","floor":16,"turns":7},{"damage":0,"enemies":"Chosen","floor":18,"turns":3},{"damage":10,"enemies":"2 Thieves","floor":19,"turns":2},{"damage":16,"enemies":"Centurion and Healer","floor":20,"turns":4},{"damage":8,"enemies":"Snake Plant","floor":22,"turns":2},{"damage":30,"enemies":"Gremlin Leader","floor":24,"turns":4},{"damage":7,"enemies":"Cultist and Chosen","floor":28,"turns":4},{"damage":22,"enemies":"Snecko","floor":30,"turns":4},{"damage":24,"enemies":"Centurion and Healer","floor":31,"turns":4},{"damage":50,"enemies":"Automaton","floor":33,"turns":6}],"seed_played":"594006558510418855","potions_obtained":[{"floor":1,"key":"LiquidBronze"},{"floor":3,"key":"PowerPotion"},{"floor":8,"key":"SneckoOil"},{"floor":19,"key":"DistilledChaos"},{"floor":20,"key":"Regen Potion"},{"floor":22,"key":"GamblersBrew"}],"is_trial":false,"path_per_floor":["M","$","M","$","M","R","M","M","T","?","R","M","?","$","R","B",null,"M","M","M","?","M","R","E","R","T","?","M","R","M","M","R","B"],"character_chosen":"DEFECT","items_purchased":["Consume"],"campfire_rested":6,"item_purchase_floors":[4],"current_hp_per_floor":[53,53,46,46,39,61,61,29,29,29,51,51,51,51,51,31,64,64,54,38,38,39,61,31,53,53,53,46,68,46,22,44,0,0],"gold":80,"neow_bonus":"THREE_RARE_CARDS","is_daily":false,"chose_seed":false,"campfire_upgraded":1,"win_rate":0.0,"timestamp":1611484031,"path_taken":["M","?","?","$","M","R","M","?","T","?","R","M","?","?","R","BOSS","M","?","M","?","M","R","E","R","T","?","?","R","M","M","R","BOSS"],"items_purchased_type":["Card"],"build_version":"2020-12-22","purchased_purges":1,"victory":false,"max_hp_per_floor":[75,75,75,75,75,75,75,75,75,75,75,75,75,75,75,75,75,75,75,75,75,75,75,75,75,75,75,75,75,75,75,75,75,75],"card_choices":[{"not_picked":["Fission","Echo Form"],"picked":"Electrodynamics","floor":0},{"not_picked":["Reprogram","Blizzard"],"picked":"Tempest","floor":1},{"not_picked":["Hologram","Stack","Gash"],"picked":"SKIP","floor":3},{"not_picked":["Melter","Gash"],"picked":"Conserve Battery","floor":5},{"not_picked":["Steam Power","Stack"],"picked":"Genetic Algorithm","floor":7},{"not_picked":["Hello World","Doom and Gloom","Sunder"],"picked":"SKIP","floor":8},{"not_picked":["Rebound","Glacier","Force Field"],"picked":"SKIP","floor":12},{"not_picked":["Reboot","Biased Cognition"],"picked":"Thunder Strike","floor":16},{"not_picked":["Glacier","Streamline","Barrage+1"],"picked":"SKIP","floor":18},{"not_picked":["Stack","Leap"],"picked":"Ball Lightning","floor":19},{"not_picked":["Go for the Eyes","Darkness+1","Turbo+1"],"picked":"SKIP","floor":20},{"not_picked":["Go for the Eyes","Storm","Coolheaded"],"picked":"SKIP","floor":22},{"not_picked":["Skim","Melter"],"picked":"Ball Lightning","floor":24},{"not_picked":["Coolheaded","FTL"],"picked":"Loop","floor":28},{"not_picked":["Melter","Barrage","Turbo"],"picked":"SKIP","floor":30},{"not_picked":["Sunder","Gash"],"picked":"Conserve Battery+1","floor":31}],"player_experience":543158,"relics_obtained":[{"floor":24,"key":"PreservedInsect"},{"floor":26,"key":"Ancient Tea Set"}],"event_choices":[{"damage_healed":0,"gold_gain":0,"player_choice":"Ignored","damage_taken":0,"max_hp_gain":0,"max_hp_loss":0,"event_name":"Shining Light","floor":10,"gold_loss":0},{"cards_removed":["Strike_B"],"damage_healed":0,"gold_gain":0,"player_choice":"Card Removal","damage_taken":0,"max_hp_gain":0,"max_hp_loss":0,"event_name":"The Cleric","floor":13,"gold_loss":50},{"damage_healed":0,"gold_gain":0,"player_choice":"Ignored","damage_taken":0,"max_hp_gain":0,"max_hp_loss":0,"event_name":"Ghosts","floor":21,"gold_loss":0},{"damage_healed":0,"gold_gain":0,"player_choice":"Forge","damage_taken":0,"max_hp_gain":0,"max_hp_loss":0,"event_name":"Accursed Blacksmith","floor":27,"gold_loss":0,"cards_upgraded":["Consume"]}],"is_beta":false,"boss_relics":[{"not_picked":["Cursed Key","Busted Crown"],"picked":"Ectoplasm"}],"items_purged_floors":[14],"is_endless":false,"potions_floor_spawned":[1,3,8,19,20,22],"killed_by":"Automaton","ascension_level":5}}