{"host":"w8hyb6r2p1qw4rwx","time":1611447075,"event":{"mods":["Act Like it!","AlwaysNeverKeys","Ascension Reborn","Ascension Unlocker","Aspiration","BaseMod","Better Altar","Better Silent Start","Better Third Choice","Better-Laid Plans","BetterRewards","Block Reminder","Colored Map","Colored Powertips","Conspire","Dark Map","Defuse TimeMaze Blight","Disable Question Mark Monsters","Displayed Cursed Tome","Dota2Spire","Elementarium","Energized Spire","Evolution","Fox Events","GifTheSpireLib","Googly Eyes","Halation","HexUI Lib","Highlight Path","Hubris","Humility","Hyrulean Relics","Infinite Spire","Minty Spire (QoL Compilation)","Permanent Neow","RRrroohrrRGHHhhh!!","Random Character Button","Rare Cards Sparkle","Replay The Spire","Reworked Bosses","SacredBarkPlus","Shop Mod","Small Relic Pack","Spicy Shops","Spikes Relics","StSLib","Stuff the Spire","SuperFastMode","Uncapped","UnlockEverythingMod","slay the spire mod where everything is the same but ironclad has a cowboy hat"],"gold_per_floor":[109,109,109,119,130,147,167,180,180,205,217,228,248,259,259,363,463,481,495,514,532,532,532,564,564,591,605,616,616,616,627,627,726,726,742,754,767,786,786,786,798,224,250,250,299,318,318,359,359,486,486,523,536,379,414,424,457,565,565,592,683,670,670],"floor_reached":62,"language":"ENG","playtime":3406,"items_purged":[],"score":785,"play_id":"3bc0799e-26fe-4ae8-a64b-5f2f07c12d92","local_time":"20210123161115","is_ascension_mode":true,"campfire_choices":[{"data":"Static Discharge","floor":15,"key":"SMITH"},{"data":"Genetic Algorithm","floor":23,"key":"SMITH"},{"data":"infinitespire:UltimateForm","floor":25,"key":"SMITH"},{"floor":29,"key":"REST"},{"floor":32,"key":"REST"},{"floor":40,"key":"REST"},{"floor":44,"key":"REST"},{"floor":47,"key":"REST"},{"floor":49,"key":"REST"}],"circlet_count":0,"master_deck":["Conserve Battery","Conserve Battery","Conserve Battery","Zap+1","StuffTheSpire:Plugnplay","StuffTheSpire:Plugnplay","Static Discharge+1","Ball Lightning","Genetic Algorithm+1","infinitespire:UltimateForm+1","Ball Lightning+1","rorgmod:Loose Screws","Barrage","Barrage","Barrage","Barrage","Conserve Battery","Electrodynamics","StuffTheSpire:Synthwave","hubris:EnhanceAbility","rorgmod:Storm"],"relics":["Cracked Core","EVO:Axolotl","Replay:Wanted Poster","ReplayTheSpireMod:TigerMarble","Blood Vial","hubris:BallOfYels","Cables","MerchantsRug","Dota2Spire:HandOfMidas","rorgmod:Ceramic Fish","Bronze Scales","halation:PromiseList"],"acts_visited":["Exordium","TheCity","TheBeyond","Exordium"],"potions_floor_usage":[16,16,18,20,33,33,38,46,46,62,62],"damage_taken":[{"damage":0,"enemies":"conspire:RoseBush","floor":1,"turns":3},{"damage":0,"enemies":"Small Slimes","floor":4,"turns":3},{"damage":0,"enemies":"Jaw Worm","floor":5,"turns":3},{"damage":14,"enemies":"Lots of Slimes","floor":6,"turns":4},{"damage":5,"enemies":"2 Fungi Beasts","floor":7,"turns":2},{"damage":5,"enemies":"Exordium Thugs","floor":8,"turns":3},{"damage":10,"enemies":"Replay:BlueRogue","floor":10,"turns":4},{"damage":1,"enemies":"Lots of Slimes","floor":11,"turns":3},{"damage":7,"enemies":"Blue Slaver","floor":12,"turns":3},{"damage":3,"enemies":"conspire:2 RoseBushes","floor":13,"turns":4},{"damage":3,"enemies":"Large Slime","floor":14,"turns":3},{"damage":13,"enemies":"The Guardian","floor":16,"turns":8},{"damage":35,"enemies":"conspire:FuzzyDice","floor":18,"turns":3},{"damage":23,"enemies":"Chosen","floor":19,"turns":4},{"damage":23,"enemies":"Snecko","floor":20,"turns":4},{"damage":4,"enemies":"conspire:HollyBat","floor":21,"turns":6},{"damage":37,"enemies":"Nightmare","floor":24,"turns":7},{"damage":18,"enemies":"Snake Plant","floor":27,"turns":4},{"damage":5,"enemies":"Chosen and Byrds","floor":28,"turns":3},{"damage":36,"enemies":"Snecko","floor":31,"turns":5},{"damage":2,"enemies":"bossMod:newCollector","floor":33,"turns":6},{"damage":0,"enemies":"3 Shapes","floor":35,"turns":6},{"damage":49,"enemies":"3 Darklings","floor":36,"turns":5},{"damage":23,"enemies":"Sphere and 2 Shapes","floor":37,"turns":4},{"damage":87,"enemies":"Writhing Mass","floor":38,"turns":6},{"damage":47,"enemies":"4 Shapes","floor":41,"turns":3},{"damage":20,"enemies":"Spire Growth","floor":45,"turns":4},{"damage":0,"enemies":"Sphere and 2 Shapes","floor":46,"turns":3},{"damage":31,"enemies":"Transient","floor":48,"turns":6},{"damage":12,"enemies":"bossMod:newAwakened","floor":50,"turns":9},{"damage":0,"enemies":"conspire:RoseBush","floor":52,"turns":3},{"damage":17,"enemies":"Jaw Worm","floor":53,"turns":2},{"damage":5,"enemies":"Cultist","floor":55,"turns":3},{"damage":0,"enemies":"2 Fungi Beasts","floor":56,"turns":2},{"damage":0,"enemies":"Large Slime","floor":57,"turns":3},{"damage":29,"enemies":"Lagavulin","floor":58,"turns":3},{"damage":48,"enemies":"Nightmare","floor":62,"turns":2}],"seed_played":"-5378410659788809068","potions_obtained":[{"floor":4,"key":"SpeedPotion"},{"floor":5,"key":"Flashbang"},{"floor":6,"key":"Dota2Spire:Clarity"},{"floor":16,"key":"PowerPotion"},{"floor":19,"key":"conspire:TimeTravelPotion"},{"floor":28,"key":"DistilledChaos"},{"floor":31,"key":"Block Potion"},{"floor":37,"key":"Languid Potion"},{"floor":39,"key":"AttackPotion"},{"floor":39,"key":"Energy Potion"},{"floor":50,"key":"Toxic Potion"},{"floor":52,"key":"PowerPotion"}],"is_trial":false,"path_per_floor":["M","?","?","M","M","M","M","M","T","E","M","M","M","M","R","B",null,"M","M","M","M","?","R","NM","R","T","M","M","R","?","M","R","B",null,"M","M","M","M","?","R","M","$","T","R","M","M","R","M","R","B",null,"M","M","$","M","M","M","E","?","T","?","NM"],"character_chosen":"DEFECT","items_purchased":["StuffTheSpire:Synthwave","hubris:BallOfYels","Cables","hubris:EnhanceAbility","MerchantsRug","SkillPotion","rorgmod:Ceramic Fish"],"campfire_rested":6,"item_purchase_floors":[42,42,42,42,42,42,54],"current_hp_per_floor":[81,81,81,81,81,67,62,57,57,47,46,39,36,33,33,20,81,81,58,53,49,49,49,44,44,44,28,25,49,49,15,39,39,81,81,32,12,33,33,57,12,12,12,36,18,20,44,45,69,59,82,82,65,65,62,64,66,39,39,39,39,0,0],"gold":670,"neow_bonus":"THREE_CARDS","is_daily":false,"chose_seed":false,"campfire_upgraded":3,"win_rate":0.0,"timestamp":1611447075,"path_taken":["M","?","?","M","M","M","M","M","T","E","M","M","M","M","R","BOSS","M","M","M","M","?","R","NM","R","T","M","?","R","?","M","R","BOSS","M","M","M","M","?","R","M","$","T","R","M","M","R","?","R","BOSS","M","M","$","M","M","M","E","?","T","?","NM"],"items_purchased_type":["Card","Relic","Relic","Card","Relic","Potion","Relic"],"build_version":"2020-12-22","purchased_purges":0,"victory":false,"max_hp_per_floor":[81,81,81,81,81,81,81,81,81,81,81,81,81,81,81,81,81,81,81,81,81,81,81,81,81,81,81,81,81,81,81,81,81,81,81,81,82,82,82,82,82,82,82,82,82,82,82,82,82,82,82,82,82,82,82,82,82,82,82,82,82,82,82],"card_choices":[{"not_picked":["rorgmod:Refrigerate","Undo","Cold Snap"],"picked":"SKIP","floor":1},{"not_picked":["rorgmod:Overcurrent","Panic Button"],"picked":"StuffTheSpire:Plugnplay","floor":4},{"not_picked":["Sweeping Beam","Skim","Heatsinks"],"picked":"SKIP","floor":5},{"not_picked":["rorgmod:Steady Aim","StuffTheSpire:CleanHardDrive"],"picked":"StuffTheSpire:Plugnplay","floor":6},{"not_picked":["Cold Snap","rorgmod:SQL Injection"],"picked":"Static Discharge","floor":7},{"not_picked":["Force Field","rorgmod:Leap"],"picked":"Ball Lightning","floor":8},{"not_picked":["Lockon","StuffTheSpire:Plugnplay","Cold Snap"],"picked":"SKIP","floor":10},{"not_picked":["Compile Driver","StuffTheSpire:Coldhearted","conspire:Rain"],"picked":"SKIP","floor":11},{"not_picked":["Coolheaded","Undo"],"picked":"Genetic Algorithm","floor":12},{"not_picked":["Streamline","Compile Driver","Ball Lightning"],"picked":"SKIP","floor":13},{"not_picked":["rorgmod:Zing-Zap","Stack","Sweeping Beam"],"picked":"SKIP","floor":14},{"not_picked":["rorgmod:Refrigerate","Stack+1","ReplayTheSpireMod:System Scan"],"picked":"SKIP","floor":18},{"not_picked":["Panic Button+1","Stack","Skim"],"picked":"SKIP","floor":19},{"not_picked":["rorgmod:Steady Aim","rorgmod:Refrigerate","Redo+1"],"picked":"SKIP","floor":20},{"not_picked":["Conserve Battery+1","BasicCrystalCard","Seek"],"picked":"SKIP","floor":21},{"not_picked":["infinitespire:FutureSight","ReplayTheSpireMod:Echoes of Time"],"picked":"infinitespire:UltimateForm","floor":24},{"not_picked":["Turbo","Sweeping Beam+1","rorgmod:Overcurrent"],"picked":"SKIP","floor":24},{"not_picked":["Turbo","Sweeping Beam+1","rorgmod:Overcurrent"],"picked":"SKIP","floor":24},{"not_picked":["Stack","Coolheaded","BasicCrystalCard"],"picked":"SKIP","floor":27},{"not_picked":["rorgmod:LRU Cache","BasicCrystalCard+1"],"picked":"Ball Lightning+1","floor":28},{"not_picked":["Streamline+1","StuffTheSpire:CleanHardDrive","Fission"],"picked":"SKIP","floor":31},{"not_picked":["rorgmod:Biased Cognition","rorgmod:Black Ice"],"picked":"rorgmod:Loose Screws","floor":33},{"not_picked":["Time Bomb+1","Conserve Battery","rorgmod:Refrigerate+1"],"picked":"SKIP","floor":35},{"not_picked":["Consume","rorgmod:Refrigerate+1","Melter"],"picked":"SKIP","floor":36},{"not_picked":["StuffTheSpire:GlassShard","Coolheaded","Cold Snap+1"],"picked":"SKIP","floor":37},{"not_picked":["rorgmod:Antivirus","Force Field+1","Streamline"],"picked":"SKIP","floor":38},{"not_picked":["White Noise+1","Barrage"],"picked":"Electrodynamics","floor":41},{"not_picked":["Rebound","Sweeping Beam","Skim"],"picked":"SKIP","floor":45},{"not_picked":["rorgmod:LRU Cache","rorgmod:Hot Sockets"],"picked":"rorgmod:Storm","floor":46},{"not_picked":["rorgmod:Refrigerate","Self Repair+1","Genetic Algorithm+1"],"picked":"SKIP","floor":48},{"not_picked":["Conserve Battery","StuffTheSpire:Plugnplay","Consume"],"picked":"SKIP","floor":52},{"not_picked":["Rebound","hubris:Ukulele","rorgmod:Fusion"],"picked":"SKIP","floor":53},{"not_picked":["BasicCrystalCard","Ball Lightning","rorgmod:Steady Aim"],"picked":"SKIP","floor":55},{"not_picked":["Coolheaded","Rebound","Stack"],"picked":"SKIP","floor":56},{"not_picked":["Turbo","Melter","StuffTheSpire:Rend"],"picked":"SKIP","floor":57},{"not_picked":["Darkness","rorgmod:LRU Cache","Redo"],"picked":"SKIP","floor":58}],"player_experience":61687,"relics_obtained":[{"floor":9,"key":"hubris:TinFlute"},{"floor":10,"key":"MiniBlackHole"},{"floor":24,"key":"ReplayTheSpireMod:TigerMarble"},{"floor":26,"key":"Blood Vial"},{"floor":43,"key":"Dota2Spire:HandOfMidas"},{"floor":58,"key":"Bronze Scales"},{"floor":60,"key":"halation:PromiseList"}],"event_choices":[{"damage_healed":0,"gold_gain":0,"player_choice":"Ignored","damage_taken":0,"max_hp_gain":0,"max_hp_loss":0,"event_name":"Golden Wing","floor":2,"gold_loss":0},{"damage_healed":0,"gold_gain":0,"player_choice":"Grow","damage_taken":0,"max_hp_gain":0,"max_hp_loss":0,"event_name":"Living Wall","floor":3,"gold_loss":0,"cards_upgraded":["Zap"]},{"cards_removed":["Dualcast"],"damage_healed":0,"gold_gain":0,"player_choice":"Purged","damage_taken":0,"max_hp_gain":0,"max_hp_loss":0,"event_name":"Purifier","floor":22,"gold_loss":0},{"damage_healed":0,"gold_gain":0,"player_choice":"Ignored","damage_taken":0,"max_hp_gain":0,"max_hp_loss":0,"event_name":"NoteForYourself","floor":30,"gold_loss":0},{"damage_healed":0,"gold_gain":0,"player_choice":"Got Potions","damage_taken":0,"max_hp_gain":0,"max_hp_loss":0,"event_name":"Lab","floor":39,"gold_loss":0},{"damage_healed":0,"gold_gain":0,"player_choice":"Ignored","damage_taken":565,"max_hp_gain":0,"max_hp_loss":0,"event_name":"betterThird:BetterSerpent","floor":59,"gold_loss":0}],"is_beta":false,"boss_relics":[{"not_picked":["energizedSpire:HugeHouse","Replay:Bronze Core"],"picked":"Replay:Wanted Poster"},{"not_picked":["energizedSpire:EnergizedDie","halation:CatFaceCupcake"],"picked":"Kintsugi"},{"not_picked":["aspiration:BursterCore","aspiration:SecretTechniqueScroll","Replay:Drink Me"]}],"items_purged_floors":[],"is_endless":true,"potions_floor_spawned":[4,5,6,7,16,19,24,28,31,37,45,48,50,52,53,57],"killed_by":"Nightmare","ascension_level":0}}