{"host":"ebj6lkgm8suah319","time":1611459185,"event":{"mods":["2.2 Compatiblity","AchievementEnabler","BaseMod","Block Reminder","Colored Map","Colored Powertips","Minty Spire (QoL Compilation)","Quick Restart","Rare Cards Sparkle","Relic Stats","SuperFastMode"],"gold_per_floor":[117,42,42,62,62,62,105,117,153,203,229,261,273,321,333,440,452,488,18,91,66,157,157,198,198,198,236,236,236],"floor_reached":28,"language":"ENG","playtime":841,"items_purged":["Decay"],"score":517,"play_id":"fa543c42-690c-4096-a1dc-2f3774d6278d","local_time":"20210123223305","is_ascension_mode":true,"campfire_choices":[{"data":"Uppercut","floor":6.0,"key":"SMITH"},{"floor":8.0,"key":"REST"},{"data":"Armaments","floor":15.0,"key":"SMITH"},{"data":"Limit Break","floor":23.0,"key":"SMITH"},{"floor":25.0,"key":"REST"}],"circlet_count":0,"master_deck":["AscendersBane","Strike_R","Strike_R","Strike_R","Strike_R","Defend_R","Defend_R","Defend_R","Defend_R","Bash","Violence","Cleave","Armaments+1","Reaper","Uppercut+1","Fiend Fire","Disarm","Limit Break+1","Limit Break","Burning Pact","Shrug It Off","Battle Trance","Demon Form"],"relics":["Burning Blood","Golden Idol","MawBank","Bag of Preparation","Shuriken","SsserpentHead","Unceasing Top","Cursed Key","Bag of Marbles","Gremlin Horn","Red Mask","Dream Catcher","Nunchaku"],"acts_visited":["Exordium","TheCity"],"potions_floor_usage":[],"damage_taken":[{"damage":4.0,"enemies":"Small Slimes","floor":1.0,"turns":4.0},{"damage":1.0,"enemies":"Cultist","floor":4.0,"turns":3.0},{"damage":27.0,"enemies":"Gremlin Nob","floor":7.0,"turns":4.0},{"damage":30.0,"enemies":"3 Sentries","floor":10.0,"turns":6.0},{"damage":9.0,"enemies":"2 Louse","floor":11.0,"turns":4.0},{"damage":6.0,"enemies":"Lots of Slimes","floor":12.0,"turns":2.0},{"damage":20.0,"enemies":"Lagavulin","floor":14.0,"turns":5.0},{"damage":34.0,"enemies":"Hexaghost","floor":16.0,"turns":13.0},{"damage":22.0,"enemies":"Spheric Guardian","floor":18.0,"turns":4.0},{"damage":17.0,"enemies":"3 Byrds","floor":20.0,"turns":6.0},{"damage":15.0,"enemies":"Masked Bandits","floor":22.0,"turns":3.0},{"damage":52.0,"enemies":"Gremlin Leader","floor":24.0,"turns":7.0},{"damage":34.0,"enemies":"Book of Stabbing","floor":27.0,"turns":7.0},{"damage":14,"enemies":"Centurion and Healer","floor":28,"turns":2}],"seed_played":"-6421265282011636714","potions_obtained":[{"floor":4.0,"key":"Energy Potion"},{"floor":7.0,"key":"SteroidPotion"},{"floor":14.0,"key":"SteroidPotion"},{"floor":18.0,"key":"SkillPotion"},{"floor":24.0,"key":"AttackPotion"},{"floor":27.0,"key":"Weak Potion"}],"is_trial":false,"path_per_floor":["M","$","?","M","?","R","E","R","T","E","M","M","?","E","R","B",null,"M","$","M","?","?","R","E","R","T","E","M"],"character_chosen":"IRONCLAD","items_purchased":["Bag of Marbles","Gremlin Horn","Shrug It Off"],"campfire_rested":2,"item_purchase_floors":[19,19,19],"current_hp_per_floor":[70,70,44,49,49,49,34,56,56,40,45,65,65,58,58,39,66,50,50,53,53,52,52,13,35,35,13,0,0],"gold":236,"neow_bonus":"RANDOM_COLORLESS_2","is_daily":false,"chose_seed":false,"campfire_upgraded":3,"win_rate":0.0,"timestamp":1611459185,"path_taken":["M","$","?","M","?","R","E","R","T","E","M","?","?","E","R","BOSS","M","$","?","?","?","R","E","R","T","E","M"],"items_purchased_type":["Relic","Relic","Card"],"build_version":"2020-12-22","purchased_purges":1,"victory":false,"max_hp_per_floor":[75,75,75,75,75,75,75,75,75,75,75,75,75,75,75,75,75,75,75,75,75,75,75,75,75,75,75,75,75],"relic_stats":{"Gremlin Horn":[8,9],"counters":[14,70],"Golden Idol":88,"Bag of Preparation":[22],"MawBank":144,"Cursed Key":0,"Burning Blood":78,"SsserpentHead":150,"Dream Catcher":1,"Nunchaku":[0],"Shuriken":[8],"obtain_stats":[{"Gremlin Horn":19,"Golden Idol":3,"Bag of Preparation":9,"MawBank":7,"Cursed Key":17,"Burning Blood":0,"SsserpentHead":13,"Dream Catcher":24,"Nunchaku":27,"Shuriken":10,"Bag of Marbles":19,"Red Mask":22,"Unceasing Top":14},{"Gremlin Horn":9,"Golden Idol":1,"Bag of Preparation":3,"MawBank":3,"Cursed Key":8,"Burning Blood":0,"SsserpentHead":6,"Dream Catcher":12,"Nunchaku":13,"Shuriken":4,"Bag of Marbles":9,"Red Mask":11,"Unceasing Top":7},{"Gremlin Horn":45,"Golden Idol":4,"Bag of Preparation":11,"MawBank":11,"Cursed Key":41,"Burning Blood":0,"SsserpentHead":23,"Dream Catcher":61,"Nunchaku":68,"Shuriken":17,"Bag of Marbles":45,"Red Mask":54,"Unceasing Top":28}],"Unceasing Top":[3]},"card_choices":[{"not_picked":["The Bomb","Transmutation"],"picked":"Violence","floor":0.0},{"not_picked":["Entrench","True Grit"],"picked":"Cleave","floor":1.0},{"not_picked":["Warcry","Seeing Red"],"picked":"Armaments","floor":4.0},{"not_picked":["Body Slam","Shockwave"],"picked":"Fiend Fire","floor":7.0},{"not_picked":["Seeing Red","Rupture","Cleave"],"picked":"SKIP","floor":10.0},{"not_picked":["Wild Strike","Clothesline"],"picked":"Disarm","floor":11.0},{"not_picked":["Havoc","Thunderclap","Body Slam"],"picked":"SKIP","floor":12.0},{"not_picked":["Flex","Sentinel"],"picked":"Limit Break","floor":14.0},{"not_picked":["Fiend Fire","Barricade"],"picked":"Limit Break","floor":16.0},{"not_picked":["Evolve","Wild Strike"],"picked":"Burning Pact","floor":18.0},{"not_picked":["Anger","Wild Strike"],"picked":"Battle Trance","floor":20.0},{"not_picked":["Infernal Blade","Clash","Entrench"],"picked":"SKIP","floor":24.0},{"not_picked":["Perfected Strike","Warcry"],"picked":"Demon Form","floor":25.0},{"not_picked":["Sword Boomerang","Cleave","Whirlwind"],"picked":"SKIP","floor":27.0}],"player_experience":58758,"relics_obtained":[{"floor":7.0,"key":"MawBank"},{"floor":9.0,"key":"Bag of Preparation"},{"floor":10.0,"key":"Shuriken"},{"floor":14.0,"key":"Unceasing Top"},{"floor":22.0,"key":"Red Mask"},{"floor":24.0,"key":"Dream Catcher"},{"floor":27.0,"key":"Nunchaku"}],"event_choices":[{"damage_healed":0.0,"max_hp_gain":0.0,"max_hp_loss":0.0,"gold_gain":0.0,"event_name":"Golden Idol","player_choice":"Take Damage","floor":3.0,"gold_loss":0.0,"damage_taken":26.0,"relics_obtained":["Golden Idol"]},{"damage_healed":0.0,"max_hp_gain":0.0,"max_hp_loss":0.0,"gold_gain":0.0,"event_name":"Match and Keep!","player_choice":"2 cards matched","floor":5.0,"gold_loss":0.0,"damage_taken":0.0,"cards_obtained":["Reaper","Uppercut"]},{"damage_healed":0.0,"max_hp_gain":0.0,"max_hp_loss":0.0,"gold_gain":0.0,"event_name":"FaceTrader","player_choice":"Trade","floor":13.0,"gold_loss":0.0,"damage_taken":0.0,"relics_obtained":["SsserpentHead"]},{"cards_removed":["Strike_R"],"damage_healed":0.0,"max_hp_gain":0.0,"max_hp_loss":0.0,"gold_gain":0.0,"event_name":"Beggar","player_choice":"Gave Gold","floor":21.0,"gold_loss":75.0,"damage_taken":0.0},{"damage_healed":0.0,"max_hp_gain":0.0,"max_hp_loss":0.0,"gold_gain":0.0,"event_name":"Masked Bandits","player_choice":"Fought Bandits","floor":22.0,"gold_loss":0.0,"damage_taken":0.0}],"is_beta":false,"boss_relics":[{"not_picked":["Sozu","Busted Crown"],"picked":"Cursed Key"}],"items_purged_floors":[2],"is_endless":false,"potions_floor_spawned":[4,7,14,18,24,27],"killed_by":"Centurion and Healer","ascension_level":18}}