{"host":"mps6c2n6msn8k5ur","time":1611515537,"event":{"mods":["BaseMod","Colored Map","Colored Powertips","Downfall","Minty Spire (QoL Compilation)","Spicy Shops","StSLib"],"gold_per_floor":[113,132,147,72,147,147,172,172,199,199,99,99,99,132,132,237,237,255,255,265,265],"floor_reached":20,"language":"ENG","playtime":1161,"items_purged":["Strike_R","Strike_R"],"score":180,"play_id":"86075966-ef7b-4d38-8d99-e1b46ecbe77b","local_time":"20210124131217","is_ascension_mode":false,"campfire_choices":[{"data":"Rampage","floor":6,"key":"SMITH"},{"data":"Iron Wave","floor":8,"key":"SMITH"},{"data":"Bash","floor":13,"key":"SMITH"},{"data":"Flex","floor":15,"key":"SMITH"}],"circlet_count":0,"master_deck":["Strike_R","Strike_R","Defend_R","Defend_R","Defend_R","Defend_R","Bash+1","Flex+1","Rampage+1","Iron Wave+1","Searing Blow","Hemokinesis+1"],"relics":["Burning Blood","MealTicket","Happy Flower","Anchor","Coffee Dripper","Enchiridion"],"acts_visited":["Exordium","TheCity"],"potions_floor_usage":[16,16],"damage_taken":[{"damage":0,"enemies":"2 Louse","floor":1,"turns":3},{"damage":6,"enemies":"Small Slimes","floor":2,"turns":3},{"damage":1,"enemies":"Jaw Worm","floor":3,"turns":3},{"damage":32,"enemies":"Gremlin Nob","floor":7,"turns":4},{"damage":31,"enemies":"Lagavulin","floor":14,"turns":5},{"damage":33,"enemies":"The Guardian","floor":16,"turns":10},{"damage":23,"enemies":"3 Byrds","floor":18,"turns":8},{"damage":0,"enemies":"Chosen","floor":20,"turns":3}],"seed_played":"2125514527639794307","potions_obtained":[{"floor":1,"key":"BlessingOfTheForge"},{"floor":7,"key":"Weak Potion"},{"floor":14,"key":"HeartOfIron"}],"is_trial":false,"path_per_floor":["M","M","M","$","?","R","E","R","T","?","$","?","R","E","R","B",null,"M","?","M"],"character_chosen":"IRONCLAD","items_purchased":[],"campfire_rested":0,"item_purchase_floors":[],"current_hp_per_floor":[80,80,80,80,69,69,43,43,43,48,63,63,63,38,38,11,85,68,52,58,58],"gold":265,"neow_bonus":"","is_daily":false,"chose_seed":false,"campfire_upgraded":4,"win_rate":0.0,"timestamp":1611515537,"path_taken":["M","M","M","$","?","R","E","R","T","?","$","?","R","E","R","BOSS","M","?","M"],"items_purchased_type":[],"build_version":"2020-12-22","purchased_purges":2,"victory":false,"max_hp_per_floor":[80,80,80,80,80,80,80,80,80,85,85,85,85,85,85,85,85,85,85,85,85],"card_choices":[{"not_picked":["Dark Embrace","Clash"],"picked":"Flex","floor":1},{"not_picked":["Flex","Power Through","Searing Blow"],"picked":"SKIP","floor":2},{"not_picked":["Headbutt","Disarm"],"picked":"Rampage","floor":3},{"not_picked":["Headbutt","Corruption"],"picked":"Iron Wave","floor":7},{"not_picked":["Cleave","True Grit"],"picked":"Searing Blow","floor":14},{"not_picked":["Headbutt","Second Wind+1","Clothesline"],"picked":"SKIP","floor":18},{"not_picked":["Body Slam","Flex"],"picked":"Hemokinesis+1","floor":20}],"player_experience":0,"relics_obtained":[{"floor":7,"key":"MealTicket"},{"floor":9,"key":"Happy Flower"},{"floor":14,"key":"Anchor"},{"floor":19,"key":"Enchiridion"}],"event_choices":[{"damage_healed":0,"gold_gain":75,"player_choice":"Gather Gold","damage_taken":11,"max_hp_gain":0,"max_hp_loss":0,"event_name":"World of Goop","floor":5,"gold_loss":0},{"damage_healed":0,"gold_gain":0,"player_choice":"Donut","damage_taken":0,"max_hp_gain":5,"max_hp_loss":0,"event_name":"Big Fish","floor":10,"gold_loss":0},{"cards_removed":["Strike_R"],"damage_healed":0,"gold_gain":0,"player_choice":"Forget","damage_taken":0,"max_hp_gain":0,"max_hp_loss":0,"event_name":"Living Wall","floor":12,"gold_loss":0},{"damage_healed":0,"gold_gain":0,"player_choice":"Obtained Book","damage_taken":16,"max_hp_gain":0,"max_hp_loss":0,"event_name":"Cursed Tome","floor":19,"gold_loss":0}],"is_beta":false,"boss_relics":[{"not_picked":["Ectoplasm","Velvet Choker"],"picked":"Coffee Dripper"}],"items_purged_floors":[4,11],"is_endless":false,"potions_floor_spawned":[1,7,14],"killed_by":"Chosen","ascension_level":0}}