{"host":"srk2drlvga69hbot","time":1611477301,"event":{"mods":["BaseMod","Bestiary","Block Reminder","Colored Map","Colored Powertips","Dark Map","DeckTracker","Highlight Path","Minty Spire (QoL Compilation)","Quick Restart","Rare Cards Sparkle","Relic Stats","SuperFastMode","Unceasing Turn Reminder"],"gold_per_floor":[110,110,110,110,110,110,144,144,223,241,16,37,58,78,78,202,202,216,202,202,202,217,217,236,236,260,279,299,299,315,340,340,340,340],"floor_reached":33,"language":"ZHS","playtime":1414,"items_purged":["Defend_G"],"score":317,"play_id":"c47d766d-d605-4b14-b251-8691e4a8debe","local_time":"20210124163501","is_ascension_mode":true,"campfire_choices":[{"data":"Neutralize","floor":6.0,"key":"SMITH"},{"data":"Underhanded Strike","floor":15.0,"key":"SMITH"},{"floor":23.0,"key":"REST"},{"floor":25,"key":"REST"},{"floor":29,"key":"REST"},{"floor":32,"key":"REST"}],"circlet_count":0,"master_deck":["Strike_G","Strike_G","Defend_G+1","Defend_G+1","Defend_G","Survivor","Neutralize+1","Concentrate+1","Underhanded Strike+1","Calculated Gamble+1","Venomology+1","Terror+1","Prepared+1","Underhanded Strike+1","Calculated Gamble+1","Prepared+1","Underhanded Strike+1"],"relics":["Ring of the Snake","NeowsBlessing","Ginger","Toxic Egg 2","Golden Idol","Mummified Hand","Bag of Marbles","Sozu","War Paint"],"acts_visited":["Exordium","TheCity"],"potions_floor_usage":[24,33],"damage_taken":[{"damage":0.0,"enemies":"Small Slimes","floor":1.0,"turns":1.0},{"damage":0.0,"enemies":"3 Sentries","floor":7.0,"turns":2.0},{"damage":0.0,"enemies":"Jaw Worm","floor":10.0,"turns":1.0},{"damage":0.0,"enemies":"2 Louse","floor":12.0,"turns":3.0},{"damage":0.0,"enemies":"2 Fungi Beasts","floor":13.0,"turns":3.0},{"damage":6.0,"enemies":"3 Louse","floor":14.0,"turns":4.0},{"damage":9.0,"enemies":"Slime Boss","floor":16.0,"turns":8.0},{"damage":14.0,"enemies":"Shell Parasite","floor":18.0,"turns":9.0},{"damage":18.0,"enemies":"2 Thieves","floor":19.0,"turns":4.0},{"damage":32.0,"enemies":"Shelled Parasite and Fungi","floor":22.0,"turns":11.0},{"damage":0,"enemies":"Centurion and Healer","floor":24,"turns":5},{"damage":8,"enemies":"Snake Plant","floor":27,"turns":4},{"damage":14,"enemies":"Snecko","floor":28,"turns":5},{"damage":30,"enemies":"3 Cultists","floor":30,"turns":7},{"damage":0,"enemies":"Snake Plant","floor":31,"turns":2},{"damage":15,"enemies":"Collector","floor":33,"turns":3}],"seed_played":"-5521703629023000528","potions_obtained":[{"floor":7.0,"key":"EntropicBrew"},{"floor":10.0,"key":"SteroidPotion"},{"floor":12.0,"key":"Dexterity Potion"},{"floor":14.0,"key":"CunningPotion"}],"is_trial":false,"path_per_floor":["M","?","?","?","?","R","E","?","T","M","$","M","M","M","R","B",null,"M","M","?","?","M","R","M","R","T","M","M","R","M","M","R","B"],"character_chosen":"THE_SILENT","items_purchased":["Bag of Marbles"],"campfire_rested":4,"item_purchase_floors":[11],"current_hp_per_floor":[70,70,67,67,60,60,60,60,60,60,60,60,60,54,54,45,65,51,33,33,33,1,20,20,39,39,31,17,36,6,6,25,10,10],"gold":340,"neow_bonus":"THREE_ENEMY_KILL","is_daily":false,"chose_seed":false,"campfire_upgraded":2,"win_rate":0.0,"timestamp":1611477301,"path_taken":["M","?","?","?","?","R","E","?","T","M","?","M","M","?","R","BOSS","M","?","?","?","M","R","M","R","T","?","?","R","M","M","R","BOSS"],"items_purchased_type":["Relic"],"build_version":"2020-12-22","purchased_purges":1,"victory":false,"max_hp_per_floor":[70,70,70,70,70,70,70,65,65,65,65,65,65,65,65,65,65,65,65,65,65,65,65,65,65,65,65,65,65,65,65,65,65,65],"relic_stats":{"Sozu":11,"counters":[16,72],"Golden Idol":70,"Mummified Hand":[1],"Ginger":[6],"War Paint":["Defend_G","Defend_G"],"obtain_stats":[{"Sozu":17,"NeowsBlessing":0,"Golden Idol":8,"Mummified Hand":9,"Bag of Marbles":11,"Ginger":3,"Toxic Egg 2":7,"War Paint":26,"Ring of the Snake":0},{"Sozu":7,"NeowsBlessing":0,"Golden Idol":2,"Mummified Hand":2,"Bag of Marbles":3,"Ginger":1,"Toxic Egg 2":2,"War Paint":11,"Ring of the Snake":0},{"Sozu":22,"NeowsBlessing":0,"Golden Idol":3,"Mummified Hand":3,"Bag of Marbles":4,"Ginger":1,"Toxic Egg 2":3,"War Paint":51,"Ring of the Snake":0}],"Ring of the Snake":[32]},"card_choices":[{"not_picked":["Bane","Poisoned Stab","Dagger Spray"],"picked":"SKIP","floor":1.0},{"not_picked":["Sucker Punch","PiercingWail+1"],"picked":"Concentrate+1","floor":7.0},{"not_picked":["Riddle With Holes","Dagger Throw","PiercingWail+1"],"picked":"SKIP","floor":10.0},{"not_picked":["Bouncing Flask+1","Prepared+1"],"picked":"Underhanded Strike","floor":12.0},{"not_picked":["Finisher","Crippling Poison+1","Blade Dance+1"],"picked":"SKIP","floor":13.0},{"not_picked":["Tools of the Trade","Masterful Stab"],"picked":"Calculated Gamble+1","floor":14.0},{"not_picked":["Bullet Time+1","Phantasmal Killer+1"],"picked":"Venomology+1","floor":16.0},{"not_picked":["Endless Agony","Flying Knee"],"picked":"Terror+1","floor":18.0},{"not_picked":["Leg Sweep+1","Backstab","Caltrops"],"picked":"SKIP","floor":19.0},{"not_picked":["Bane+1","Well Laid Plans"],"picked":"Prepared+1","floor":22.0},{"not_picked":["Slice+1","Dagger Throw"],"picked":"Underhanded Strike+1","floor":24},{"not_picked":["Cloak And Dagger+1","Deadly Poison+1","Catalyst+1"],"picked":"SKIP","floor":27},{"not_picked":["PiercingWail+1","Endless Agony"],"picked":"Calculated Gamble+1","floor":28},{"not_picked":["Bouncing Flask+1","Blur+1"],"picked":"Prepared+1","floor":30},{"not_picked":["Dodge and Roll+1","Riddle With Holes+1"],"picked":"Underhanded Strike+1","floor":31}],"player_experience":193434,"relics_obtained":[{"floor":7.0,"key":"Toxic Egg 2"},{"floor":9.0,"key":"Mummified Hand"},{"floor":26,"key":"War Paint"}],"event_choices":[{"cards_removed":["Strike_G"],"damage_healed":0.0,"max_hp_gain":0.0,"max_hp_loss":0.0,"gold_gain":0.0,"event_name":"Living Wall","player_choice":"Forget","floor":2.0,"gold_loss":0.0,"damage_taken":0.0},{"damage_healed":0.0,"max_hp_gain":0.0,"max_hp_loss":0.0,"gold_gain":0.0,"event_name":"Scrap Ooze","player_choice":"Success","floor":3.0,"gold_loss":0.0,"damage_taken":3.0,"relics_obtained":["Ginger"]},{"damage_healed":0.0,"max_hp_gain":0.0,"max_hp_loss":0.0,"gold_gain":0.0,"event_name":"Shining Light","player_choice":"Ignored","floor":4.0,"gold_loss":0.0,"damage_taken":0.0},{"cards_removed":["Strike_G"],"damage_healed":0.0,"max_hp_gain":0.0,"max_hp_loss":0.0,"gold_gain":0.0,"event_name":"Golden Wing","player_choice":"Card Removal","floor":5.0,"gold_loss":0.0,"damage_taken":7.0},{"damage_healed":0.0,"max_hp_gain":0.0,"max_hp_loss":5.0,"gold_gain":0.0,"event_name":"Golden Idol","player_choice":"Lose Max HP","floor":8.0,"gold_loss":0.0,"damage_taken":0.0,"relics_obtained":["Golden Idol"]},{"cards_removed":["Strike_G"],"damage_healed":0.0,"max_hp_gain":0.0,"max_hp_loss":0.0,"gold_gain":0.0,"event_name":"Back to Basics","player_choice":"Elegance","floor":20.0,"gold_loss":0.0,"damage_taken":0.0},{"cards_removed":["Defend_G"],"damage_healed":0.0,"max_hp_gain":0.0,"max_hp_loss":0.0,"gold_gain":0.0,"event_name":"Purifier","player_choice":"Purged","floor":21.0,"gold_loss":0.0,"damage_taken":0.0}],"is_beta":false,"boss_relics":[{"not_picked":["Busted Crown","Velvet Choker"],"picked":"Sozu"}],"items_purged_floors":[11],"is_endless":false,"potions_floor_spawned":[7,10,12,14,19,22,30],"killed_by":"Collector","ascension_level":3}}