{"host":"hw9lt6p3yhr90vz0","time":1611529231,"event":{"mods":["BaseMod","DeckTracker","Minty Spire (QoL Compilation)","Relic Stats"],"gold_per_floor":[109,129,304,324,343,343,343,371,425,444,459,262,262,279,279,378,428,438,438,80,96,108,108,108,143,220,220,236,246,246,257,257,361,361,375,388,388,388],"floor_reached":37,"language":"ENG","playtime":2871,"items_purged":["Pain","Doubt"],"score":583,"play_id":"7a7b041d-8225-4eb3-af55-e9944b59835d","local_time":"20210124180031","is_ascension_mode":true,"campfire_choices":[{"floor":6,"key":"RECALL"},{"floor":13,"key":"REST"},{"data":"Noxious Fumes","floor":15,"key":"SMITH"},{"floor":24,"key":"REST"},{"floor":27,"key":"REST"},{"data":"Collect","floor":32,"key":"SMITH"}],"circlet_count":0,"master_deck":["Strike_G","Strike_G","Defend_G","Defend_G","Defend_G","Defend_G","Defend_G","Survivor","Neutralize","Flying Knee","Backflip","Cloak And Dagger","Terror","Footwork","Noxious Fumes+1","Noxious Fumes","Blade Dance+1","Poisoned Stab","Corpse Explosion","Flying Knee","Noxious Fumes+1","Noxious Fumes","Poisoned Stab","Noxious Fumes+1","Intimidate+1","Necronomicurse","Mind Blast+1","Collect+1","Wallop+1","Dodge and Roll","Magnetism","Envenom+1","Corpse Explosion+1","Dagger Spray+1","Madness","Backflip+1"],"relics":["Ring of the Snake","WarpedTongs","Mercury Hourglass","Snake Skull","Tiny House","PrismaticShard","Necronomicon","Bronze Scales","Astrolabe"],"acts_visited":["Exordium","TheCity","TheBeyond"],"potions_floor_usage":[16,18,18,25,33,36,37,37],"damage_taken":[{"damage":0,"enemies":"Jaw Worm","floor":1,"turns":7},{"damage":0,"enemies":"2 Louse","floor":2,"turns":4},{"damage":1,"enemies":"Cultist","floor":4,"turns":5},{"damage":0,"enemies":"Exordium Wildlife","floor":5,"turns":3},{"damage":19,"enemies":"Lagavulin","floor":8,"turns":5},{"damage":4,"enemies":"Looter","floor":10,"turns":3},{"damage":5,"enemies":"Large Slime","floor":11,"turns":6},{"damage":6,"enemies":"Exordium Thugs","floor":14,"turns":4},{"damage":8,"enemies":"Slime Boss","floor":16,"turns":8},{"damage":17,"enemies":"2 Thieves","floor":18,"turns":3},{"damage":9,"enemies":"Shell Parasite","floor":21,"turns":5},{"damage":7,"enemies":"Cultist and Chosen","floor":22,"turns":5},{"damage":39,"enemies":"Gremlin Leader","floor":25,"turns":6},{"damage":31,"enemies":"Snake Plant","floor":28,"turns":4},{"damage":19,"enemies":"Centurion and Healer","floor":29,"turns":6},{"damage":0,"enemies":"3 Cultists","floor":31,"turns":2},{"damage":49,"enemies":"Collector","floor":33,"turns":8},{"damage":0,"enemies":"3 Darklings","floor":35,"turns":2},{"damage":8,"enemies":"Orb Walker","floor":36,"turns":3},{"damage":64,"enemies":"Transient","floor":37,"turns":5}],"seed_played":"-4235098930666290257","potions_obtained":[{"floor":2,"key":"FairyPotion"},{"floor":4,"key":"Energy Potion"},{"floor":10,"key":"Weak Potion"},{"floor":17,"key":"Dexterity Potion"},{"floor":18,"key":"SteroidPotion"},{"floor":29,"key":"Ancient Potion"},{"floor":31,"key":"Explosive Potion"},{"floor":33,"key":"Block Potion"},{"floor":35,"key":"Weak Potion"},{"floor":36,"key":"Block Potion"}],"is_trial":false,"path_per_floor":["M","M","?","M","M","R","?","E","T","M","M","$","R","M","R","B",null,"M","?","$","M","M","?","R","E","T","R","M","M","?","M","R","B",null,"M","M","M"],"character_chosen":"THE_SILENT","items_purchased":["Noxious Fumes","Blade Dance","Noxious Fumes","PrismaticShard","Poisoned Stab"],"campfire_rested":3,"item_purchase_floors":[12,12,20,20,20],"current_hp_per_floor":[70,70,70,69,69,69,69,50,50,46,41,41,64,58,58,50,75,58,58,58,49,42,26,50,11,11,35,4,10,82,82,82,33,70,70,62,0,0],"gold":388,"neow_bonus":"TEN_PERCENT_HP_BONUS","is_daily":false,"chose_seed":false,"campfire_upgraded":2,"win_rate":0.0,"timestamp":1611529231,"path_taken":["M","M","?","M","M","R","?","E","T","M","?","$","R","M","R","BOSS","M","?","$","M","M","?","R","E","T","R","M","M","?","M","R","BOSS","M","M","M"],"items_purchased_type":["Card","Card","Card","Relic","Card"],"build_version":"2020-12-22","purchased_purges":2,"victory":false,"max_hp_per_floor":[77,77,77,77,77,77,77,77,77,77,77,77,77,77,77,77,82,82,82,82,82,82,82,82,82,82,82,82,82,82,82,82,82,82,82,82,82,82],"relic_stats":{"counters":[20,93],"Bronze Scales":[78],"Astrolabe":["Envenom","Corpse Explosion","Dagger Spray"],"Snake Skull":[84],"Necronomicon":[2],"obtain_stats":[{"Tiny House":17,"Bronze Scales":25,"Astrolabe":34,"Snake Skull":9,"Necronomicon":23,"PrismaticShard":20,"Ring of the Snake":0,"WarpedTongs":7,"Mercury Hourglass":8},{"Tiny House":9,"Bronze Scales":13,"Astrolabe":17,"Snake Skull":5,"Necronomicon":12,"PrismaticShard":10,"Ring of the Snake":0,"WarpedTongs":4,"Mercury Hourglass":5},{"Tiny House":44,"Bronze Scales":63,"Astrolabe":83,"Snake Skull":24,"Necronomicon":57,"PrismaticShard":47,"Ring of the Snake":0,"WarpedTongs":19,"Mercury Hourglass":24}],"Ring of the Snake":[40],"WarpedTongs":[74],"Mercury Hourglass":[317]},"card_choices":[{"not_picked":["Acrobatics","Distraction"],"picked":"Flying Knee","floor":1},{"not_picked":["Dagger Throw","Riddle With Holes"],"picked":"Backflip","floor":2},{"not_picked":["PiercingWail","Outmaneuver"],"picked":"Cloak And Dagger","floor":4},{"not_picked":["Sucker Punch","Quick Slash"],"picked":"Terror","floor":5},{"not_picked":["PiercingWail","Bane"],"picked":"Footwork","floor":8},{"not_picked":["Backflip","Flechettes"],"picked":"Blur","floor":10},{"not_picked":["Slice","Tactician"],"picked":"Noxious Fumes","floor":11},{"not_picked":["Quick Slash","Outmaneuver"],"picked":"Poisoned Stab","floor":14},{"not_picked":["Malaise","A Thousand Cuts"],"picked":"Corpse Explosion","floor":16},{"not_picked":["Flechettes","Setup"],"picked":"Flying Knee","floor":17},{"not_picked":["Quick Slash","Deflect"],"picked":"Noxious Fumes+1","floor":18},{"not_picked":["Tantrum","Tactician"],"picked":"Noxious Fumes+1","floor":21},{"not_picked":["Concentrate","SignatureMove"],"picked":"Intimidate+1","floor":22},{"not_picked":["Shrug It Off","Blood for Blood+1"],"picked":"Mind Blast+1","floor":25},{"not_picked":["Scrape","Crescendo+1"],"picked":"Collect","floor":28},{"not_picked":["PiercingWail","Malaise"],"picked":"Wallop+1","floor":29},{"not_picked":["Clothesline","Compile Driver"],"picked":"Dodge and Roll","floor":31},{"not_picked":["Transmutation","Thinking Ahead"],"picked":"Magnetism","floor":33},{"not_picked":["Sentinel+1","Impatience"],"picked":"Madness","floor":35},{"not_picked":["Redo","Sweeping Beam"],"picked":"Backflip+1","floor":36}],"player_experience":1267920,"relics_obtained":[{"floor":8,"key":"Mercury Hourglass"},{"floor":9,"key":"Snake Skull"},{"floor":23,"key":"Necronomicon"},{"floor":25,"key":"Bronze Scales"}],"event_choices":[{"damage_healed":0,"gold_gain":175,"player_choice":"AGREE","damage_taken":0,"max_hp_gain":0,"max_hp_loss":0,"event_name":"Liars Game","floor":3,"gold_loss":0,"cards_obtained":["Doubt"]},{"damage_healed":0,"gold_gain":0,"player_choice":"Rummage","damage_taken":0,"relics_obtained":["WarpedTongs"],"max_hp_gain":0,"max_hp_loss":0,"event_name":"Accursed Blacksmith","floor":7,"gold_loss":0,"cards_obtained":["Pain"]},{"damage_healed":0,"gold_gain":0,"player_choice":"Ignored","damage_taken":0,"max_hp_gain":0,"max_hp_loss":0,"event_name":"Ghosts","floor":19,"gold_loss":0},{"damage_healed":0,"gold_gain":0,"player_choice":"Obtained Book","damage_taken":16,"max_hp_gain":0,"max_hp_loss":0,"event_name":"Cursed Tome","floor":23,"gold_loss":0},{"cards_removed":["Blur"],"damage_healed":72,"gold_gain":0,"player_choice":"Offered Uncommon","damage_taken":0,"max_hp_gain":0,"max_hp_loss":0,"event_name":"Bonfire Elementals","floor":30,"gold_loss":0}],"is_beta":false,"boss_relics":[{"not_picked":["Ectoplasm","Coffee Dripper"],"picked":"Tiny House"},{"not_picked":["Black Star","Busted Crown"],"picked":"Astrolabe"}],"items_purged_floors":[12,20],"is_endless":false,"potions_floor_spawned":[2,4,10,18,29,31,33,35,36],"killed_by":"Transient","ascension_level":7}}