{"host":"j1eo1fqrqta44853","time":1611522966,"event":{"mods":["Act Like it!","Bartender","BaseMod","CatGirl Mod","Custom Start","Downfall","Elementarium","Gensokyo","GungeonMod","HololiveMod","Hubris","Infinite Spire","KinomotoSakuraMod(????)","Koishi","Lobotomy","LobotomyExtend","Marisa????????","Minty Spire (QoL Compilation)","Pale of the Ancients","Rare Cards Sparkle","Reimu??????","Replay The Spire","SIMod","Shedinja","StSLib","The Alterego","The Jungle","The Marked","The Mystic","The Runesmith","The Senshi","The Vixen","TheBandit","Waifu the Spire","WarShipGirlsR/????R mod","Yakumo Yukari mod"],"gold_per_floor":[110,120,133,151,151,176,192,192,192,207,227,239,273,286,286,383,383,398,8,8,25,40,40,58,70,139,139,139,156,156,173,173,173,173],"floor_reached":33,"language":"ENG","playtime":4385,"items_purged":[],"score":267,"play_id":"ea4720b4-1417-4567-8e27-37fe396413b1","local_time":"20210124151606","is_ascension_mode":false,"campfire_choices":[{"floor":8,"key":"RECALL"},{"floor":15,"key":"REST"},{"data":"Butterfly_Float","floor":23,"key":"SMITH"},{"floor":28,"key":"REST"},{"data":"Ball_Of_Ice","floor":30,"key":"SMITH"},{"data":"Ball_Of_Ice","floor":32,"key":"SMITH"}],"circlet_count":0,"master_deck":["Strike_Bartender","Strike_Bartender","Defend_Bartender","Defend_Bartender","Defend_Bartender+1","Defend_Bartender","Somersault","Cross","Perfect_Balance","Center_Self+1","Sucker_Punch","Liquid_Armor","Ripple","Perfect_Balance","Alacrity","Ball_Of_Ice+1","Dragonkick","Butterfly_Float+1","Ball_Of_Ice+1","OpoOpo_Form","Elbow_Slash+1","Hook+1","Training_Dummy","Cold_Blooded","Sucker_Punch"],"relics":["Sneakers","War Paint","Shovel","infinitespire:Lucky Rock","DemoMod:Bottle","Potion Belt","DemoMod:MeltedRock"],"acts_visited":["Exordium","TheCity"],"potions_floor_usage":[3,4,13,13,18,18,22,31,33],"damage_taken":[{"damage":1,"enemies":"Cultist","floor":1,"turns":3},{"damage":0,"enemies":"2 Louse","floor":2,"turns":3},{"damage":0,"enemies":"Small Slimes","floor":3,"turns":2},{"damage":0,"enemies":"Blue Slaver","floor":4,"turns":4},{"damage":11,"enemies":"3 Sentries","floor":6,"turns":9},{"damage":0,"enemies":"Exordium Wildlife","floor":7,"turns":5},{"damage":0,"enemies":"Large Slime","floor":10,"turns":6},{"damage":0,"enemies":"3 Louse","floor":11,"turns":5},{"damage":0,"enemies":"Red Slaver","floor":12,"turns":5},{"damage":29,"enemies":"Replay:BlueRogue","floor":13,"turns":8},{"damage":0,"enemies":"Looter","floor":14,"turns":2},{"damage":12,"enemies":"The Guardian","floor":16,"turns":13},{"damage":0,"enemies":"Chosen","floor":18,"turns":5},{"damage":0,"enemies":"Spheric Guardian","floor":21,"turns":7},{"damage":21,"enemies":"3 Cultists","floor":22,"turns":9},{"damage":0,"enemies":"Cultist and Chosen","floor":24,"turns":8},{"damage":11,"enemies":"Snecko","floor":25,"turns":5},{"damage":1,"enemies":"3 Cultists","floor":29,"turns":6},{"damage":0,"enemies":"Centurion and Healer","floor":31,"turns":7},{"damage":58,"enemies":"Automaton","floor":33,"turns":12}],"seed_played":"1208793453754577761","potions_obtained":[{"floor":2,"key":"Explosive Potion"},{"floor":3,"key":"Fire Potion"},{"floor":6,"key":"LiquidBronze"},{"floor":10,"key":"Dexterity Potion"},{"floor":11,"key":"SkillPotion"},{"floor":13,"key":"Swift Potion"},{"floor":16,"key":"champ:CounterPotion"},{"floor":22,"key":"champ:CounterPotion"},{"floor":29,"key":"DuplicationPotion"},{"floor":31,"key":"bronze:BurnAndBuffPotion"}],"is_trial":false,"path_per_floor":["M","M","M","M","?","E","M","R","T","M","M","M","E","M","R","B",null,"M","$","?","M","M","R","M","M","T","?","R","M","R","M","R","B"],"character_chosen":"BARTENDER","items_purchased":["DemoMod:Bottle","Potion Belt"],"campfire_rested":2,"item_purchase_floors":[19,19],"current_hp_per_floor":[69,69,69,69,69,58,58,58,58,58,58,58,29,29,50,38,70,70,70,70,70,49,49,49,38,38,25,47,46,46,52,52,0,0],"gold":173,"neow_bonus":"REMOVE_CARD","is_daily":false,"chose_seed":false,"campfire_upgraded":3,"win_rate":0.0,"timestamp":1611522966,"path_taken":["M","M","M","M","?","E","M","R","T","M","M","M","E","M","R","BOSS","M","$","?","?","M","R","M","M","T","?","R","M","R","M","R","BOSS"],"items_purchased_type":["Relic","Relic"],"build_version":"2020-12-22","purchased_purges":0,"victory":false,"max_hp_per_floor":[70,70,70,70,70,70,70,70,70,70,70,70,70,70,70,70,70,70,70,70,70,70,70,70,70,70,75,75,75,75,75,75,75,75],"card_choices":[{"not_picked":["Dancing_Jab","Hook"],"picked":"Cross","floor":1},{"not_picked":["Dancing_Jab","Feint"],"picked":"Perfect_Balance","floor":2},{"not_picked":["Torment","Dart"],"picked":"Center_Self","floor":3},{"not_picked":["Ripple","Snap_Punch"],"picked":"Sucker_Punch","floor":4},{"not_picked":["RockBreaker","Alacrity"],"picked":"Liquid_Armor","floor":6},{"not_picked":["Greased_Lightning","Power_Up_Punch"],"picked":"Ripple","floor":7},{"not_picked":["Moonsault_Kick","Dancing_Jab"],"picked":"Perfect_Balance","floor":10},{"not_picked":["Foot_Thrust","Surge","Dragonkick"],"picked":"SKIP","floor":11},{"not_picked":["Cross","Ripple"],"picked":"Alacrity","floor":12},{"not_picked":["Ripple","Raptor_Form"],"picked":"Ball_Of_Ice","floor":13},{"not_picked":["Sucker_Punch","Hook"],"picked":"Dragonkick","floor":14},{"not_picked":["Storage","Windup"],"picked":"Butterfly_Float","floor":16},{"not_picked":["Power_Up_Punch","Dart+1"],"picked":"Ball_Of_Ice","floor":18},{"not_picked":["Tornado_Kick","Stick_and_Move","Ball_Of_Ice"],"picked":"SKIP","floor":21},{"not_picked":["Perfect_Balance","Axe_Heel_Kick+1"],"picked":"Elbow_Slash+1","floor":22},{"not_picked":["Waterkick","Cross"],"picked":"Hook+1","floor":24},{"not_picked":["With_A_Twist","Well_Drinks"],"picked":"Training_Dummy","floor":25},{"not_picked":["Pony_Shot","Dragonkick"],"picked":"Cold_Blooded","floor":29},{"not_picked":["Dancing_Jab","Pony_Shot+1"],"picked":"Sucker_Punch","floor":31}],"player_experience":1113411,"relics_obtained":[{"floor":6,"key":"Shovel"},{"floor":13,"key":"infinitespire:Lucky Rock"},{"floor":26,"key":"DemoMod:MeltedRock"}],"event_choices":[{"damage_healed":0,"gold_gain":0,"cards_transformed":["Strike_Bartender"],"player_choice":"Transformed","damage_taken":0,"max_hp_gain":0,"max_hp_loss":0,"event_name":"Transmorgrifier","floor":20,"gold_loss":0,"cards_obtained":["OpoOpo_Form"]},{"damage_healed":0,"gold_gain":0,"player_choice":"Shed Blood","damage_taken":18,"max_hp_gain":5,"max_hp_loss":0,"event_name":"Forgotten Altar","floor":27,"gold_loss":0}],"is_beta":false,"boss_relics":[{"not_picked":["hubris:Stopwatch","Cursed Key","Hololive_TopUpMoneyS"]}],"items_purged_floors":[],"is_endless":false,"potions_floor_spawned":[2,3,6,10,11,13,16,22,29,31],"killed_by":"Automaton","ascension_level":0}}