{"host":"9jj9tzo2iym4bpat","time":1611527412,"event":{"mods":["Act Like it!","BaseMod","CapriCore","Colored Map","Dark Map","Luminous","Minty Spire (QoL Compilation)","Permanent Neow","StSLib","Td1madao Mod","The Animator","The Immortal","The Marked","The Servant 0.9.4","Yakumo Yukari mod"],"gold_per_floor":[216,216,227,227,247,274,290,302,370,370,3,23,23,33,33,135,135,154,154,170,170,188,188,188,188,235,250,281,281,155,169,169,169,169],"floor_reached":33,"language":"ENG","playtime":1257,"items_purged":[],"score":323,"play_id":"745a61cb-ccee-4b7c-bc98-70972dd2bd5a","local_time":"20210124163012","is_ascension_mode":true,"campfire_choices":[{"floor":10,"key":"REST"},{"data":"Barricade","floor":15,"key":"SMITH"},{"floor":23,"key":"REST"},{"floor":25,"key":"RECALL"},{"floor":32,"key":"REST"}],"circlet_count":0,"master_deck":["Strike_R","Strike_R+1","Strike_R+1","Strike_R","Defend_R","Defend_R","Defend_R","Defend_R","Bash+1","Flame Barrier","Perfected Strike+1","Barricade+1","Perfected Strike","Rage","Inflame","Cleave","Pommel Strike","Wild Strike","Battle Trance","Twin Strike","Bloodletting+1","Wild Strike+1","Wild Strike","Armaments+1"],"relics":["Burning Blood","Whetstone","Eternal Feather","StrikeDummy","Fusion Hammer","Toxic Egg 2","Art of War","Peace Pipe","MealTicket"],"acts_visited":["Exordium","TheCity"],"potions_floor_usage":[7,8,16,16,20,33,33,33],"damage_taken":[{"damage":1,"enemies":"Cultist","floor":1,"turns":3},{"damage":4,"enemies":"Jaw Worm","floor":3,"turns":6},{"damage":0,"enemies":"Small Slimes","floor":5,"turns":4},{"damage":36,"enemies":"Gremlin Nob","floor":6,"turns":5},{"damage":28,"enemies":"Exordium Wildlife","floor":7,"turns":8},{"damage":6,"enemies":"Blue Slaver","floor":8,"turns":4},{"damage":1,"enemies":"3 Louse","floor":12,"turns":3},{"damage":2,"enemies":"Exordium Wildlife","floor":14,"turns":3},{"damage":44,"enemies":"Hexaghost","floor":16,"turns":8},{"damage":0,"enemies":"Chosen","floor":18,"turns":3},{"damage":0,"enemies":"Spheric Guardian","floor":20,"turns":2},{"damage":33,"enemies":"Centurion and Healer","floor":22,"turns":4},{"damage":21,"enemies":"Snake Plant","floor":27,"turns":3},{"damage":26,"enemies":"Book of Stabbing","floor":28,"turns":3},{"damage":24,"enemies":"Snecko","floor":31,"turns":5},{"damage":84,"enemies":"Automaton","floor":33,"turns":8}],"seed_played":"-4340182284845686221","potions_obtained":[{"floor":1,"key":"BlessingOfTheForge"},{"floor":5,"key":"Regen Potion"},{"floor":6,"key":"LiquidMemories"},{"floor":14,"key":"Explosive Potion"},{"floor":18,"key":"SkillPotion"},{"floor":28,"key":"BlessingOfTheForge"}],"is_trial":false,"path_per_floor":["M","?","M","?","M","E","M","M","T","R","$","M","$","M","R","B",null,"M","?","M","?","M","R","T","R","T","M","E","?","$","M","R","B"],"character_chosen":"IRONCLAD","items_purchased":["StrikeDummy","Inflame","Cleave","Wild Strike","Fire Potion","ColorlessPotion"],"campfire_rested":3,"item_purchase_floors":[11,11,11,30,30,30],"current_hp_per_floor":[80,80,80,64,70,40,18,30,30,60,60,65,65,69,78,40,80,80,80,80,80,53,80,80,80,80,65,45,45,60,42,78,0,0],"gold":169,"neow_bonus":"HUNDRED_GOLD","is_daily":false,"chose_seed":false,"campfire_upgraded":1,"win_rate":0.0,"timestamp":1611527412,"path_taken":["M","?","M","?","M","E","M","M","T","R","$","M","$","M","R","BOSS","M","?","M","?","M","R","?","R","T","M","E","?","$","M","R","BOSS"],"items_purchased_type":["Relic","Card","Card","Card","Potion","Potion"],"build_version":"2020-12-22","purchased_purges":0,"victory":false,"max_hp_per_floor":[80,80,80,80,80,80,80,80,80,80,80,80,80,80,80,80,80,80,80,80,80,80,80,80,80,80,80,80,80,80,80,80,80,80],"card_choices":[{"not_picked":["Dual Wield","Sword Boomerang","Iron Wave"],"picked":"SKIP","floor":1},{"not_picked":["Whirlwind","Fire Breathing"],"picked":"Perfected Strike","floor":3},{"not_picked":["Hemokinesis","Body Slam","Thunderclap"],"picked":"SKIP","floor":5},{"not_picked":["Hemokinesis","Body Slam"],"picked":"Barricade","floor":6},{"not_picked":["Evolve","Feel No Pain"],"picked":"Perfected Strike","floor":7},{"not_picked":["Dropkick","Armaments"],"picked":"Rage","floor":8},{"not_picked":["Anger","Shockwave"],"picked":"Pommel Strike","floor":12},{"not_picked":["Power Through","Havoc"],"picked":"Wild Strike","floor":14},{"not_picked":["True Grit","Heavy Blade"],"picked":"Battle Trance","floor":18},{"not_picked":["Havoc","Dark Embrace+1","Sentinel"],"picked":"SKIP","floor":20},{"not_picked":["Fire Breathing","Headbutt"],"picked":"Twin Strike","floor":22},{"not_picked":["Dual Wield+1","Burning Pact+1"],"picked":"Bloodletting+1","floor":27},{"not_picked":["True Grit+1","Thunderclap"],"picked":"Wild Strike+1","floor":28},{"not_picked":["Headbutt","Clash"],"picked":"Armaments+1","floor":31}],"player_experience":303609,"relics_obtained":[{"floor":6,"key":"Whetstone"},{"floor":9,"key":"Eternal Feather"},{"floor":24,"key":"Toxic Egg 2"},{"floor":26,"key":"Art of War"},{"floor":28,"key":"Peace Pipe"}],"event_choices":[{"damage_healed":0,"gold_gain":0,"cards_transformed":["Strike_R"],"player_choice":"Change","damage_taken":0,"max_hp_gain":0,"max_hp_loss":0,"event_name":"Living Wall","floor":2,"gold_loss":0,"cards_obtained":["Flame Barrier"]},{"damage_healed":0,"gold_gain":0,"player_choice":"Entered Light","damage_taken":16,"max_hp_gain":0,"max_hp_loss":0,"event_name":"Shining Light","floor":4,"gold_loss":0,"cards_upgraded":["Bash","Strike_R"]},{"damage_healed":0,"gold_gain":0,"player_choice":"Ignored","damage_taken":0,"max_hp_gain":0,"max_hp_loss":0,"event_name":"Ghosts","floor":19,"gold_loss":0},{"damage_healed":0,"gold_gain":0,"player_choice":"Ignored","damage_taken":0,"max_hp_gain":0,"max_hp_loss":0,"event_name":"Beggar","floor":21,"gold_loss":0},{"damage_healed":0,"gold_gain":0,"player_choice":"Opened","damage_taken":0,"relics_obtained":["MealTicket"],"max_hp_gain":0,"max_hp_loss":0,"event_name":"The Mausoleum","floor":29,"gold_loss":0}],"is_beta":false,"boss_relics":[{"not_picked":["Snecko Eye","Ectoplasm"],"picked":"Fusion Hammer"}],"items_purged_floors":[],"is_endless":false,"potions_floor_spawned":[1,5,6,14,18,28,31],"killed_by":"Automaton","ascension_level":4}}