{"host":"zwuytn9vh5b8tdl7","time":1611468647,"event":{"mods":["AchievementEnabler","BaseMod","Colored Powertips","GifTheSpireLib","Minty Spire (QoL Compilation)","Rare Cards Sparkle","StSLib","The Animator"],"gold_per_floor":[131,44,44,119,135,170,170,187,266,266,266,307,287,55,55,171,171,186,197,127,127,127,127,146,146,170,197,226,0,20,20,20],"floor_reached":31,"language":"ENG","playtime":1694,"items_purged":[],"score":286,"play_id":"a3ee51bc-dfcc-47a5-b9ba-be016e99dc5e","local_time":"20210124011047","is_ascension_mode":false,"campfire_choices":[{"floor":7,"key":"REST"},{"data":"animator:Aqua","floor":11,"key":"SMITH"},{"floor":15,"key":"REST"},{"floor":23,"key":"REST"},{"floor":25,"key":"REST"}],"circlet_count":0,"master_deck":["animator:Strike_Konosuba","animator:Defend_Konosuba","animator:Kazuma","animator:Aqua+1","animator:Mitsurugi","animator:Strike_Overlord","animator:Strike_AccelWorld","animator:Strike_Konosuba","animator:Defend_OnePunchMan","animator:Defend_Katanagatari","animator:Layla","animator:Gillette","animator:YunYun","animator:ElricAlphonse","animator:Magilou","animator:DolaSchwi","animator:Viivi+1","animator:YunYun","animator:Darkness","animator:Viivi+1","animator:Ainz","animator:Evileye"],"relics":["animator:VividPicture","animator:TheMissingPiece","NeowsBlessing","Gremlin Horn","Unceasing Top","Paper Frog","StoneCalendar","Strawberry","Oddly Smooth Stone","Blue Candle"],"acts_visited":["Exordium","TheCity"],"potions_floor_usage":[16,16,31,31],"damage_taken":[{"damage":0,"enemies":"Jaw Worm","floor":1,"turns":1},{"damage":0,"enemies":"2 Louse","floor":5,"turns":1},{"damage":0,"enemies":"Gremlin Nob","floor":6,"turns":1},{"damage":2,"enemies":"Small Slimes","floor":8,"turns":4},{"damage":25,"enemies":"3 Sentries","floor":12,"turns":6},{"damage":25,"enemies":"Slime Boss","floor":16,"turns":7},{"damage":8,"enemies":"Chosen","floor":18,"turns":4},{"damage":22,"enemies":"3 Byrds","floor":19,"turns":4},{"damage":37,"enemies":"3 Cultists","floor":24,"turns":5},{"damage":47,"enemies":"Slavers","floor":27,"turns":4},{"damage":10,"enemies":"Centurion and Healer","floor":28,"turns":4},{"damage":12,"enemies":"Snecko","floor":30,"turns":5},{"damage":16,"enemies":"animator:HornedBat","floor":31,"turns":3}],"seed_played":"9121908022395094269","potions_obtained":[{"floor":6,"key":"DistilledChaos"},{"floor":12,"key":"Explosive Potion"},{"floor":13,"key":"BlessingOfTheForge"},{"floor":18,"key":"Ancient Potion"},{"floor":30,"key":"SteroidPotion"}],"is_trial":false,"path_per_floor":["M","?","?","?","M","E","R","M","T","?","R","E","?","$","R","B",null,"M","M","$","?","$","R","M","R","T","E","M","?","M","E"],"character_chosen":"THE_ANIMATOR","items_purchased":["Strawberry","animator:Magilou","animator:YunYun"],"campfire_rested":4,"item_purchase_floors":[14,14,20],"current_hp_per_floor":[66,66,54,43,45,45,64,65,65,65,65,43,43,50,72,49,74,69,50,50,50,50,72,39,61,61,17,13,13,8,0,0],"gold":20,"neow_bonus":"THREE_ENEMY_KILL","is_daily":false,"chose_seed":false,"campfire_upgraded":1,"win_rate":0.0,"timestamp":1611468647,"path_taken":["M","?","?","?","M","E","R","M","T","?","R","E","?","$","R","BOSS","M","?","$","?","?","R","M","R","T","E","?","?","M","E"],"items_purchased_type":["Relic","Card","Card"],"build_version":"2020-12-22","purchased_purges":0,"victory":false,"max_hp_per_floor":[66,66,66,66,66,66,66,67,67,67,67,67,67,74,74,74,74,74,74,74,74,74,74,75,75,75,75,75,75,76,76,76],"card_choices":[{"not_picked":["animator:ChaikaBohdan","animator:Fredrika"],"picked":"animator:Mitsurugi","floor":1},{"not_picked":["animator:Caster","animator:Berserker"],"picked":"animator:Layla","floor":5},{"not_picked":["animator:Archer","animator:IzunaHatsuse"],"picked":"animator:Gillette","floor":6},{"not_picked":["animator:Vanir","animator:Chris"],"picked":"animator:YunYun","floor":8},{"not_picked":["animator:Gluttony","animator:Assassin"],"picked":"animator:ElricAlphonse","floor":12},{"not_picked":["animator:Wiz","animator:SwordMaiden"],"picked":"animator:Eris","floor":16},{"not_picked":["animator:Alexander","animator:Priestess"],"picked":"animator:DolaSchwi","floor":18},{"not_picked":["animator:DolaSchwi","animator:AcuraTooru"],"picked":"animator:Viivi+1","floor":19},{"not_picked":["animator:Vanir","animator:Kazuma"],"picked":"animator:Darkness","floor":24},{"not_picked":["animator:LizardPriest","animator:DolaStephanie"],"picked":"animator:Viivi+1","floor":27},{"not_picked":["animator:Layla","animator:Mitsurugi"],"picked":"animator:Ainz","floor":28},{"not_picked":["animator:DolaRiku","animator:Kazuma+1"],"picked":"animator:Evileye","floor":30}],"player_experience":319497,"relics_obtained":[{"floor":6,"key":"Unceasing Top"},{"floor":9,"key":"Paper Frog"},{"floor":12,"key":"StoneCalendar"},{"floor":26,"key":"Oddly Smooth Stone"},{"floor":27,"key":"Blue Candle"}],"event_choices":[{"damage_healed":0,"gold_gain":0,"player_choice":"Success","damage_taken":12,"relics_obtained":["Gremlin Horn"],"max_hp_gain":0,"max_hp_loss":0,"event_name":"Scrap Ooze","floor":3,"gold_loss":0},{"damage_healed":0,"gold_gain":75,"player_choice":"Gather Gold","damage_taken":11,"max_hp_gain":0,"max_hp_loss":0,"event_name":"World of Goop","floor":4,"gold_loss":0},{"damage_healed":0,"gold_gain":0,"player_choice":"Ignored","damage_taken":0,"max_hp_gain":0,"max_hp_loss":0,"event_name":"Golden Wing","floor":10,"gold_loss":0},{"damage_healed":0,"gold_gain":0,"player_choice":"Bought 1 Potion","damage_taken":0,"max_hp_gain":0,"max_hp_loss":0,"event_name":"The Woman in Blue","floor":13,"gold_loss":0},{"cards_removed":["animator:Defend_GoblinSlayer"],"damage_healed":0,"gold_gain":0,"player_choice":"Offered Basic","damage_taken":0,"max_hp_gain":0,"max_hp_loss":0,"event_name":"Bonfire Elementals","floor":21,"gold_loss":0},{"damage_healed":0,"gold_gain":0,"player_choice":"Paid Fearfully","damage_taken":0,"max_hp_gain":0,"max_hp_loss":0,"event_name":"Masked Bandits","floor":29,"gold_loss":226}],"is_beta":false,"boss_relics":[{"not_picked":["Runic Dome","Empty Cage"],"picked":"animator:VividPicture"}],"items_purged_floors":[],"is_endless":false,"potions_floor_spawned":[6,12,18,30],"killed_by":"animator:HornedBat","ascension_level":0}}