{"host":"4mwxwqvoirj3cq7x","time":1611495132,"event":{"mods":["BaseMod","Downfall","Minty Spire (QoL Compilation)","Quick Restart","StSLib","The Marked"],"gold_per_floor":[110,110,110,123,136,136,152,152,152,173,173,198,34,78,78,78,78],"floor_reached":16,"language":"ZHS","playtime":420,"items_purged":[],"score":199,"play_id":"7f876eba-400e-453c-b3eb-d7c8a1b4e130","local_time":"20210124213212","is_ascension_mode":true,"campfire_choices":[{"data":"Neutralize","floor":6.0,"key":"SMITH"},{"data":"Cloak And Dagger","floor":8,"key":"SMITH"},{"floor":11,"key":"REST"},{"data":"Acrobatics","floor":15,"key":"SMITH"}],"circlet_count":0,"master_deck":["AscendersBane","Strike_G","Strike_G","Strike_G","Strike_G","Strike_G","Defend_G","Defend_G","Defend_G","Defend_G","Defend_G","Survivor","Neutralize+1","Cloak And Dagger+1","Phantasmal Killer","Backstab","Prepared","Reflex","After Image","Terror","Acrobatics+1","Underhanded Strike","Tactician","PiercingWail"],"relics":["Ring of the Snake","NeowsBlessing","Golden Idol","Happy Flower","Orrery","Ninja Scroll"],"acts_visited":["Exordium"],"potions_floor_usage":[12,14],"damage_taken":[{"damage":0.0,"enemies":"Cultist","floor":1.0,"turns":1.0},{"damage":0.0,"enemies":"2 Louse","floor":4.0,"turns":1.0},{"damage":0.0,"enemies":"Jaw Worm","floor":5.0,"turns":1.0},{"damage":6,"enemies":"3 Louse","floor":7,"turns":6},{"damage":21,"enemies":"Large Slime","floor":10,"turns":7},{"damage":0,"enemies":"Exordium Wildlife","floor":12,"turns":5},{"damage":1,"enemies":"Gremlin Nob","floor":14,"turns":3},{"damage":11,"enemies":"The Guardian","floor":16,"turns":10}],"seed_played":"-1615347837983879158","potions_obtained":[{"floor":4.0,"key":"FearPotion"},{"floor":7,"key":"Dexterity Potion"}],"is_trial":false,"path_per_floor":["M","?","?","M","M","R","M","R","T","M","R","M","$","E","R","B"],"character_chosen":"THE_SILENT","items_purchased":["Orrery"],"campfire_rested":1,"item_purchase_floors":[13],"current_hp_per_floor":[59,36,36,36,36,36,30,30,30,9,28,28,28,27,27,16,16],"gold":78,"neow_bonus":"THREE_ENEMY_KILL","is_daily":false,"chose_seed":false,"campfire_upgraded":3,"win_rate":0.0,"timestamp":1611495132,"path_taken":["M","?","?","M","?","R","M","R","T","M","R","M","$","E","R","BOSS"],"items_purchased_type":["Relic"],"build_version":"2020-12-22","purchased_purges":0,"victory":false,"max_hp_per_floor":[66,66,66,66,66,66,66,66,66,66,66,66,66,66,66,66,66],"card_choices":[{"not_picked":["Poisoned Stab","Dodge and Roll"],"picked":"Cloak And Dagger","floor":1.0},{"not_picked":["Finisher","Calculated Gamble"],"picked":"Backstab","floor":4.0},{"not_picked":["Dodge and Roll","Outmaneuver"],"picked":"Prepared","floor":5.0},{"not_picked":["Flying Knee","Quick Slash"],"picked":"Reflex","floor":7},{"not_picked":["Dagger Spray","Outmaneuver"],"picked":"After Image","floor":10},{"not_picked":["Escape Plan","Sucker Punch"],"picked":"Terror","floor":12},{"not_picked":["Noxious Fumes","Underhanded Strike"],"picked":"Acrobatics","floor":13},{"not_picked":["Flying Knee","Crippling Poison"],"picked":"Underhanded Strike","floor":13},{"not_picked":["Corpse Explosion","Underhanded Strike"],"picked":"Tactician","floor":13},{"not_picked":["Dagger Spray","Tactician"],"picked":"PiercingWail","floor":14}],"player_experience":623821,"relics_obtained":[{"floor":9,"key":"Happy Flower"},{"floor":14,"key":"Ninja Scroll"}],"event_choices":[{"damage_healed":0.0,"max_hp_gain":0.0,"max_hp_loss":0.0,"gold_gain":0.0,"event_name":"Golden Idol","player_choice":"Take Damage","floor":2.0,"gold_loss":0.0,"damage_taken":23.0,"relics_obtained":["Golden Idol"]},{"damage_healed":0.0,"max_hp_gain":0.0,"max_hp_loss":0.0,"gold_gain":0.0,"event_name":"Match and Keep!","player_choice":"1 cards matched","floor":3.0,"gold_loss":0.0,"damage_taken":0.0,"cards_obtained":["Phantasmal Killer"]}],"is_beta":false,"boss_relics":[],"items_purged_floors":[],"is_endless":false,"potions_floor_spawned":[4,7,10],"killed_by":"The Guardian","ascension_level":19}}