{"host":"5cnm2qapaqj5mmu7","time":1611481083,"event":{"mods":["BaseMod","Bestiary","Colored Map","Filter the Spire","Minty Spire (QoL Compilation)","StSLib"],"gold_per_floor":[116,116,116,136,150,176,176,210,210,210,225,225,255,279,291,402,414,438,469,500,523,227,227,227,238,238,163,163,163],"floor_reached":28,"language":"ENG","playtime":1011,"items_purged":["Strike_P"],"score":356,"play_id":"9a9ab160-4880-4142-95c0-a99116191d37","local_time":"20210124103803","is_ascension_mode":true,"campfire_choices":[{"floor":7,"key":"REST"},{"data":"BattleHymn","floor":10,"key":"SMITH"},{"data":"Eruption","floor":12,"key":"SMITH"},{"data":"Vigilance","floor":15,"key":"SMITH"},{"data":"EmptyFist","floor":23,"key":"SMITH"}],"circlet_count":0,"master_deck":["Strike_P","Strike_P","Strike_P","Defend_P","Defend_P","Defend_P","Eruption+1","Vigilance+1","EmptyFist+1","Evaluate","Protect","BattleHymn+1","FlyingSleeves+1","SashWhip+1","FlurryOfBlows+1","FollowUp+1","FearNoEvil+1","FlurryOfBlows+1","Conclude+1","WheelKick+1","Necronomicurse"],"relics":["Sozu","Darkstone Periapt","Bird Faced Urn","Molten Egg 2","Mango","MawBank","Runic Pyramid","Bag of Marbles","Necronomicon","Yang"],"acts_visited":["Exordium","TheCity"],"potions_floor_usage":[],"damage_taken":[{"damage":0,"enemies":"Small Slimes","floor":1,"turns":3},{"damage":12,"enemies":"Jaw Worm","floor":4,"turns":2},{"damage":1,"enemies":"Cultist","floor":5,"turns":3},{"damage":13,"enemies":"Gremlin Nob","floor":6,"turns":3},{"damage":5,"enemies":"3 Sentries","floor":8,"turns":5},{"damage":0,"enemies":"2 Fungi Beasts","floor":11,"turns":3},{"damage":0,"enemies":"Gremlin Nob","floor":13,"turns":3},{"damage":0,"enemies":"3 Louse","floor":14,"turns":2},{"damage":22,"enemies":"Hexaghost","floor":16,"turns":6},{"damage":1,"enemies":"Chosen","floor":18,"turns":2},{"damage":4,"enemies":"3 Byrds","floor":19,"turns":4},{"damage":8,"enemies":"Centurion and Healer","floor":20,"turns":3},{"damage":36,"enemies":"Snake Plant","floor":21,"turns":4},{"damage":7,"enemies":"Sentry and Sphere","floor":25,"turns":4},{"damage":19,"enemies":"Centurion and Healer","floor":28,"turns":1}],"seed_played":"-4797012587363869696","potions_obtained":[],"is_trial":false,"path_per_floor":["M","?","?","M","M","E","R","E","T","R","M","R","E","M","R","B",null,"M","M","M","M","$","R","?","M","T","?","M"],"character_chosen":"WATCHER","items_purchased":["WheelKick+1","Bag of Marbles"],"campfire_rested":1,"item_purchase_floors":[22,22],"current_hp_per_floor":[72,65,40,28,27,14,35,32,46,46,48,48,50,52,52,32,73,74,72,66,32,32,32,22,17,17,17,0,0],"gold":163,"neow_bonus":"BOSS_RELIC","is_daily":false,"chose_seed":false,"campfire_upgraded":4,"win_rate":0.0,"timestamp":1611481083,"path_taken":["M","?","?","M","M","E","R","E","T","R","M","R","E","?","R","BOSS","M","M","M","M","$","R","?","M","T","?","M"],"items_purchased_type":["Card","Relic"],"build_version":"2020-12-22","purchased_purges":1,"victory":false,"max_hp_per_floor":[72,72,72,72,72,72,72,72,86,86,86,86,86,86,86,86,86,86,86,86,86,86,86,92,92,92,92,92,92],"card_choices":[{"not_picked":["Prostrate","Halt"],"picked":"EmptyFist","floor":1},{"not_picked":["PathToVictory","ThirdEye"],"picked":"Evaluate","floor":4},{"not_picked":["FlyingSleeves","EmptyBody"],"picked":"Protect","floor":5},{"not_picked":["Weave","DevaForm"],"picked":"BattleHymn","floor":6},{"not_picked":["Evaluate","EmptyFist+1"],"picked":"FlyingSleeves+1","floor":8},{"not_picked":["Weave+1","Protect"],"picked":"SashWhip+1","floor":11},{"not_picked":["Brilliance+1","EmptyFist+1"],"picked":"FlurryOfBlows+1","floor":13},{"not_picked":["DeceiveReality","SashWhip+1"],"picked":"FollowUp+1","floor":14},{"not_picked":["Brilliance+1","SpiritShield"],"picked":"Alpha","floor":16},{"not_picked":["ForeignInfluence+1","EmptyFist+1"],"picked":"FearNoEvil+1","floor":18},{"not_picked":["FlyingSleeves+1","EmptyFist+1"],"picked":"FlurryOfBlows+1","floor":19},{"not_picked":["Weave+1","LikeWater+1"],"picked":"Conclude+1","floor":20},{"not_picked":["Prostrate","WreathOfFlame","EmptyFist+1"],"picked":"SKIP","floor":21},{"not_picked":["BowlingBash+1","EmptyBody","FlurryOfBlows+1"],"picked":"SKIP","floor":25}],"player_experience":573122,"relics_obtained":[{"floor":6,"key":"Bird Faced Urn"},{"floor":8,"key":"Molten Egg 2"},{"floor":9,"key":"Mango"},{"floor":13,"key":"MawBank"},{"floor":24,"key":"Necronomicon"},{"floor":26,"key":"Yang"}],"event_choices":[{"cards_removed":["Defend_P"],"damage_healed":0,"gold_gain":0,"player_choice":"Card Removal","damage_taken":7,"max_hp_gain":0,"max_hp_loss":0,"event_name":"Golden Wing","floor":2,"gold_loss":0},{"damage_healed":0,"gold_gain":0,"player_choice":"Success","damage_taken":25,"relics_obtained":["Darkstone Periapt"],"max_hp_gain":0,"max_hp_loss":0,"event_name":"Scrap Ooze","floor":3,"gold_loss":0},{"damage_healed":0,"gold_gain":0,"player_choice":"Obtained Book","damage_taken":16,"max_hp_gain":0,"max_hp_loss":0,"event_name":"Cursed Tome","floor":24,"gold_loss":0},{"cards_removed":["Alpha"],"damage_healed":0,"gold_gain":0,"player_choice":"Gave Gold","damage_taken":0,"max_hp_gain":0,"max_hp_loss":0,"event_name":"Beggar","floor":27,"gold_loss":75}],"is_beta":false,"boss_relics":[{"not_picked":["Busted Crown","SacredBark"],"picked":"Runic Pyramid"}],"items_purged_floors":[22],"is_endless":false,"potions_floor_spawned":[4,11,14,16,21],"killed_by":"Centurion and Healer","ascension_level":5}}