{"host":"ij84le5dz5iaw1mq","time":1611509569,"event":{"mods":["AchievementEnabler","BaseMod","Better Altar","Better Match","Better Note","Better Sensory Stone","Better Skull","Better Third Choice","BetterRewards","Colored Map","Colored Powertips","DeckTracker","Hermit","Hubris","Infinite Spire","Minty Spire (QoL Compilation)","Permanent Neow","Quick Restart","Rare Cards Sparkle","Replay The Spire","Shop Mod","Somnambulant","StSLib","The Cursed","The Disciple","The Elementalist","The Runesmith","The Spell Scribe"],"gold_per_floor":[116,135,152,45,59,59,69,20,44,76,76,93,107,138,138,240,240,195,195],"floor_reached":18,"language":"ENG","playtime":1204,"items_purged":[],"score":224,"play_id":"26b8c690-4bdb-4cd0-a960-1088c05e41a0","local_time":"20210124123249","is_ascension_mode":false,"campfire_choices":[{"data":"Runesmith:Firestorm","floor":6,"key":"SMITH"},{"floor":15,"key":"REST"}],"circlet_count":0,"master_deck":["Runesmith:Strike_RS","Runesmith:Strike_RS","Runesmith:Strike_RS","Runesmith:Strike_RS","Runesmith:Defend_RS","Runesmith:Defend_RS+1","Runesmith:Defend_RS","Runesmith:Defend_RS+1","Runesmith:CraftFirestone","Runesmith:Fortify+1","Runesmith:ChiselStab","Runesmith:CraftSpiculum","Runesmith:RuneHurl","Runesmith:EarthShield","Runesmith:Firestorm+1","Runesmith:Firestorm","Runesmith:GoWithTheFlow","Runesmith:EnergizedChisel","Runesmith:RuneHurl","Runesmith:EarthShield","Runesmith:Terraform","Runesmith:Duplicate"],"relics":["Runesmith:BrokenRuby","Oddly Smooth Stone","ReplayTheSpireMod:Shallot","infinitespire:CheckeredPen","War Paint","Painkiller Herb"],"acts_visited":["Exordium","TheCity"],"potions_floor_usage":[14,14,16],"damage_taken":[{"damage":0,"enemies":"Cultist","floor":1,"turns":3},{"damage":0,"enemies":"Jaw Worm","floor":2,"turns":4},{"damage":0,"enemies":"2 Louse","floor":3,"turns":4},{"damage":6,"enemies":"2 Fungi Beasts","floor":5,"turns":5},{"damage":12,"enemies":"3 Louse","floor":7,"turns":6},{"damage":9,"enemies":"Replay:BlueRogue","floor":10,"turns":7},{"damage":0,"enemies":"Looter","floor":12,"turns":3},{"damage":16,"enemies":"Exordium Wildlife","floor":13,"turns":4},{"damage":7,"enemies":"Gremlin Nob","floor":14,"turns":4},{"damage":0,"enemies":"Hexaghost","floor":16,"turns":9},{"damage":17,"enemies":"2 Thieves","floor":18,"turns":2}],"seed_played":"7775194473123601108","potions_obtained":[{"floor":2,"key":"Fire Potion"},{"floor":12,"key":"DuplicationPotion"},{"floor":14,"key":"Languid Potion"},{"floor":16,"key":"GamblersBrew"}],"is_trial":false,"path_per_floor":["M","M","M","$","M","R","M","$","T","E","T","M","M","E","R","B",null,"?"],"character_chosen":"RUNESMITH_CLASS","items_purchased":["Runesmith:EarthShield","Runesmith:Firestorm","Runesmith:EnergizedChisel"],"campfire_rested":1,"item_purchase_floors":[4,4,8],"current_hp_per_floor":[70,70,70,70,64,64,52,52,52,43,43,43,27,20,41,41,70,53,53],"gold":195,"neow_bonus":"UPGRADE_CARD","is_daily":false,"chose_seed":false,"campfire_upgraded":1,"win_rate":0.0,"timestamp":1611509569,"path_taken":["M","M","M","$","M","R","M","$","T","E","?","M","M","E","R","BOSS","?"],"items_purchased_type":["Card","Card","Card"],"build_version":"2020-12-22","purchased_purges":0,"victory":false,"max_hp_per_floor":[70,70,70,70,70,70,70,70,70,70,70,70,70,70,70,70,70,70,70],"card_choices":[{"not_picked":["Runesmith:CraftObretio","Runesmith:StaticCage"],"picked":"Runesmith:ChiselStab","floor":1},{"not_picked":["Runesmith:Overpower","Runesmith:Empowerment"],"picked":"Runesmith:CraftSpiculum","floor":2},{"not_picked":["Runesmith:Retool","Runesmith:WhiteBalance"],"picked":"Runesmith:RuneHurl","floor":3},{"not_picked":["Runesmith:CraftSpiculum","Runesmith:ChargedHammer","Runesmith:UnstableHammer"],"picked":"SKIP","floor":5},{"not_picked":["Runesmith:ChargedHammer","Runesmith:NanitesCloud"],"picked":"Runesmith:GoWithTheFlow","floor":7},{"not_picked":["Runesmith:Discharge","Runesmith:ChargedHammer"],"picked":"Runesmith:RuneHurl","floor":10},{"not_picked":["Runesmith:HeatExchange","Runesmith:FieryHammer","Runesmith:Duplicate"],"picked":"SKIP","floor":12},{"not_picked":["Runesmith:Malloc","Runesmith:Augment"],"picked":"Runesmith:EarthShield","floor":13},{"not_picked":["Runesmith:Refine","Runesmith:EnergizedChisel"],"picked":"Runesmith:Terraform","floor":14},{"not_picked":["Runesmith:MetallurgicalResearch","Runesmith:FissionHammer"],"picked":"Runesmith:Duplicate","floor":16}],"player_experience":143577,"relics_obtained":[{"floor":9,"key":"Oddly Smooth Stone"},{"floor":10,"key":"ReplayTheSpireMod:Shallot"},{"floor":11,"key":"infinitespire:CheckeredPen"},{"floor":14,"key":"War Paint"}],"event_choices":[],"is_beta":false,"boss_relics":[{"not_picked":["SlaversCollar","Tiny House"],"picked":"Painkiller Herb"}],"items_purged_floors":[],"is_endless":false,"potions_floor_spawned":[2,12,14,16],"killed_by":"2 Thieves","ascension_level":0}}