{"host":"tknto047uabgu3zm","time":1611467782,"event":{"mods":["AchievementEnabler","BaseMod","Bestiary","Block Reminder","Colored Map","Colored Powertips","Highlight Path","Minty Spire (QoL Compilation)","MonsterHotkey","Permanent Neow","Random Character Button","Rare Cards Sparkle","Relic Sorter","Relic Stats","StSLib"],"gold_per_floor":[360,510,510,105,123,123,136,136,136,57,30,45,45,145,145,223,223,238,238,238,258,276,276,309,309,309,309,323,37,37,68,68,140,140,158,158,158,158,52,0,0,12,37,56,68,68,68,68],"floor_reached":47,"language":"ENG","playtime":1991,"items_purged":["Doubt","Writhe"],"score":953,"play_id":"fa5981c6-4de1-40c1-991b-52557a971d28","local_time":"20210123215622","is_ascension_mode":true,"campfire_choices":[{"data":"Fission","floor":8.0,"key":"SMITH"},{"data":"Defragment","floor":13.0,"key":"SMITH"},{"floor":15.0,"key":"REST"},{"data":"Zap","floor":23.0,"key":"SMITH"},{"data":"Chill","floor":25.0,"key":"SMITH"},{"data":"Seek","floor":27.0,"key":"SMITH"},{"data":"Sweeping Beam","floor":32.0,"key":"SMITH"},{"floor":46,"key":"REST"}],"circlet_count":0,"master_deck":["AscendersBane","Defend_B","Defend_B","Defend_B","Zap+1","Dualcast","Coolheaded","Sweeping Beam+1","Fission+1","Defragment+1","Chill+1","Storm","Seek+1","Turbo+1","Bite","Bite","Bite+1","Bite","Bite+1","Cold Snap+1","Rainbow+1","Darkness+1","Skim+1","BootSequence+1","Echo Form","FTL","Panache","Loop","Tempest+1","Capacitor","Loop","Parasite"],"relics":["Cracked Core","Dead Branch","Pocketwatch","Inserter","Toy Ornithopter","Toxic Egg 2","Kunai","Membership Card","Mercury Hourglass","Fusion Hammer","Bag of Preparation","Red Mask","Whetstone"],"acts_visited":["Exordium","TheCity","TheBeyond"],"potions_floor_usage":[45,45,47],"damage_taken":[{"damage":7.0,"enemies":"Jaw Worm","floor":1.0,"turns":3.0},{"damage":1.0,"enemies":"2 Louse","floor":5.0,"turns":3.0},{"damage":3.0,"enemies":"Small Slimes","floor":7.0,"turns":4.0},{"damage":6.0,"enemies":"Exordium Thugs","floor":11.0,"turns":4.0},{"damage":2.0,"enemies":"Looter","floor":12.0,"turns":4.0},{"damage":13.0,"enemies":"Hexaghost","floor":16.0,"turns":11.0},{"damage":11.0,"enemies":"3 Byrds","floor":18.0,"turns":5.0},{"damage":0.0,"enemies":"Spheric Guardian","floor":21.0,"turns":2.0},{"damage":12.0,"enemies":"3 Cultists","floor":22.0,"turns":5.0},{"damage":0.0,"enemies":"Gremlin Leader","floor":24.0,"turns":5.0},{"damage":29.0,"enemies":"Snake Plant","floor":28.0,"turns":4.0},{"damage":7.0,"enemies":"Slavers","floor":31.0,"turns":5.0},{"damage":32.0,"enemies":"Collector","floor":33.0,"turns":7.0},{"damage":3,"enemies":"3 Shapes","floor":35,"turns":5},{"damage":0,"enemies":"Orb Walker","floor":42,"turns":3},{"damage":0,"enemies":"Transient","floor":44,"turns":6},{"damage":4,"enemies":"Jaw Worm Horde","floor":45,"turns":4},{"damage":61,"enemies":"Writhing Mass","floor":47,"turns":5}],"seed_played":"-3696473278284522804","potions_obtained":[{"floor":1.0,"key":"PowerPotion"},{"floor":16.0,"key":"SteroidPotion"},{"floor":22.0,"key":"FocusPotion"},{"floor":24.0,"key":"Swift Potion"},{"floor":35,"key":"SkillPotion"},{"floor":45,"key":"Strength Potion"}],"is_trial":false,"path_per_floor":["M","?","?","$","M","?","M","R","T","$","M","M","R","?","R","B",null,"M","?","?","M","M","R","E","R","T","R","M","$","?","E","R","B",null,"M","?","?","?","$","?","$","M","T","M","M","R","M"],"character_chosen":"DEFECT","items_purchased":["Dead Branch","Defragment","Membership Card","Skim+1","Block Potion","Loop","Bag of Preparation"],"campfire_rested":2,"item_purchase_floors":[4,10,29,29,29,39,39],"current_hp_per_floor":[57,57,62,62,61,61,58,58,58,58,52,50,50,50,69,56,66,55,48,48,48,42,42,48,48,48,48,27,27,37,45,45,24,42,48,48,48,48,48,48,48,48,48,48,48,48,0,0],"gold":68,"neow_bonus":"TWO_FIFTY_GOLD","is_daily":false,"chose_seed":false,"campfire_upgraded":6,"win_rate":0.0,"timestamp":1611467782,"path_taken":["M","?","?","$","M","?","M","R","T","?","M","M","R","?","R","BOSS","M","?","?","M","M","R","E","R","T","R","M","$","?","E","R","BOSS","BOSS","M","?","?","?","$","?","$","M","T","M","M","R","M"],"items_purchased_type":["Relic","Card","Relic","Card","Potion","Card","Relic"],"build_version":"2020-12-22","purchased_purges":2,"victory":false,"max_hp_per_floor":[64,64,69,69,69,69,69,69,69,69,69,69,69,69,69,69,69,69,48,48,48,48,48,48,48,48,48,48,48,48,48,48,48,48,48,48,48,48,48,48,48,48,48,48,48,48,48,48],"relic_stats":{"Inserter":[28],"counters":[18,85],"Dead Branch":[88],"Bag of Preparation":[8],"Kunai":[7],"Whetstone":["Bite","Bite"],"obtain_stats":[{"Inserter":17,"Dead Branch":4,"Bag of Preparation":39,"Whetstone":43,"Mercury Hourglass":31,"Fusion Hammer":34,"Red Mask":40,"Kunai":26,"Membership Card":29,"Toxic Egg 2":24,"Cracked Core":0,"Toy Ornithopter":20,"Pocketwatch":9},{"Inserter":6,"Dead Branch":1,"Bag of Preparation":14,"Whetstone":15,"Mercury Hourglass":12,"Fusion Hammer":13,"Red Mask":14,"Kunai":10,"Membership Card":11,"Toxic Egg 2":10,"Cracked Core":0,"Toy Ornithopter":7,"Pocketwatch":3},{"Inserter":29,"Dead Branch":3,"Bag of Preparation":67,"Whetstone":70,"Mercury Hourglass":55,"Fusion Hammer":62,"Red Mask":67,"Kunai":46,"Membership Card":50,"Toxic Egg 2":46,"Cracked Core":0,"Toy Ornithopter":34,"Pocketwatch":10}],"Toy Ornithopter":19,"Pocketwatch":[36],"Mercury Hourglass":[102]},"card_choices":[{"not_picked":["Storm","Cold Snap"],"picked":"Coolheaded","floor":1.0},{"not_picked":["Leap","Undo"],"picked":"Coolheaded","floor":5.0},{"not_picked":["Steam","Recycle"],"picked":"Fission","floor":7.0},{"not_picked":["Go for the Eyes","Beam Cell"],"picked":"Chill","floor":11.0},{"not_picked":["Compile Driver","Leap"],"picked":"Storm","floor":12.0},{"not_picked":["Thunder Strike","Multi-Cast"],"picked":"Seek","floor":16.0},{"not_picked":["Go for the Eyes","Sweeping Beam"],"picked":"Turbo+1","floor":18.0},{"not_picked":["Conserve Battery","Turbo","Beam Cell"],"picked":"SKIP","floor":21.0},{"not_picked":["Coolheaded","Redo"],"picked":"Cold Snap+1","floor":22.0},{"not_picked":["Steam+1","Redo+1"],"picked":"Rainbow+1","floor":24.0},{"not_picked":["Streamline","Rebound"],"picked":"Darkness+1","floor":28.0},{"not_picked":["Double Energy+1","Glacier+1"],"picked":"BootSequence+1","floor":31.0},{"not_picked":["Electrodynamics","Seek+1"],"picked":"Echo Form","floor":33},{"not_picked":["Go for the Eyes","Steam Power+1"],"picked":"FTL","floor":35},{"not_picked":["Good Instincts+1","Dramatic Entrance"],"picked":"Panache","floor":37},{"not_picked":["Sunder+1","Streamline"],"picked":"Tempest+1","floor":42},{"not_picked":["Blizzard","Gash"],"picked":"Capacitor","floor":44},{"not_picked":["Glacier+1","FTL"],"picked":"Loop","floor":45}],"player_experience":502854,"relics_obtained":[{"floor":9.0,"key":"Pocketwatch"},{"floor":24.0,"key":"Toxic Egg 2"},{"floor":26.0,"key":"Kunai"},{"floor":31.0,"key":"Mercury Hourglass"},{"floor":43,"key":"Whetstone"}],"event_choices":[{"damage_healed":0.0,"max_hp_gain":0.0,"max_hp_loss":0.0,"gold_gain":150.0,"event_name":"Liars Game","player_choice":"AGREE","floor":2.0,"gold_loss":0.0,"damage_taken":0.0,"cards_obtained":["Doubt"]},{"damage_healed":0.0,"max_hp_gain":5.0,"max_hp_loss":0.0,"gold_gain":0.0,"event_name":"Big Fish","player_choice":"Donut","floor":3.0,"gold_loss":0.0,"damage_taken":0.0},{"damage_healed":0.0,"max_hp_gain":0.0,"max_hp_loss":0.0,"gold_gain":0.0,"cards_transformed":["Defend_B"],"event_name":"Living Wall","player_choice":"Change","floor":6.0,"gold_loss":0.0,"damage_taken":0.0,"cards_obtained":["Sweeping Beam"]},{"damage_healed":0.0,"max_hp_gain":0.0,"max_hp_loss":0.0,"gold_gain":100.0,"event_name":"Wheel of Change","player_choice":"Gold","floor":14.0,"gold_loss":0.0,"damage_taken":0.0},{"damage_healed":0.0,"max_hp_gain":0.0,"max_hp_loss":21.0,"gold_gain":0.0,"event_name":"Vampires","player_choice":"Became a vampire","floor":19.0,"gold_loss":0.0,"damage_taken":0.0,"cards_obtained":["Bite","Bite","Bite","Bite","Bite"]},{"damage_healed":0.0,"max_hp_gain":0.0,"max_hp_loss":0.0,"gold_gain":0.0,"event_name":"The Mausoleum","player_choice":"Opened","floor":20.0,"gold_loss":0.0,"damage_taken":0.0,"relics_obtained":["Toy Ornithopter"],"cards_obtained":["Writhe"]},{"damage_healed":10.0,"max_hp_gain":0.0,"max_hp_loss":0.0,"gold_gain":0.0,"event_name":"The Library","player_choice":"Heal","floor":30.0,"gold_loss":0.0,"damage_taken":0.0},{"damage_healed":0,"gold_gain":0,"player_choice":"Ignored","damage_taken":0,"max_hp_gain":0,"max_hp_loss":0,"event_name":"Mysterious Sphere","floor":36,"gold_loss":0},{"damage_healed":0,"gold_gain":0,"player_choice":"Memory 1","damage_taken":0,"max_hp_gain":0,"max_hp_loss":0,"event_name":"SensoryStone","floor":37,"gold_loss":0},{"cards_removed":["Coolheaded"],"damage_healed":0,"gold_gain":0,"player_choice":"Removed Skill","damage_taken":0,"max_hp_gain":0,"max_hp_loss":0,"event_name":"Falling","floor":38,"gold_loss":0},{"damage_healed":0,"gold_gain":0,"player_choice":"Paid","damage_taken":0,"relics_obtained":["Red Mask"],"max_hp_gain":0,"max_hp_loss":0,"event_name":"Tomb of Lord Red Mask","floor":40,"gold_loss":52}],"is_beta":false,"boss_relics":[{"not_picked":["Ectoplasm","Sozu"],"picked":"Inserter"},{"not_picked":["SlaversCollar","Black Star"],"picked":"Fusion Hammer"}],"items_purged_floors":[4,29],"is_endless":false,"potions_floor_spawned":[1,16,22,24,35,45],"killed_by":"Writhing Mass","ascension_level":19}}