{"host":"bxn2em57qlx5u4i0","time":1611518508,"event":{"mods":["BaseMod","Colored Map","Colored Powertips","Highlight Path","Minty Spire (QoL Compilation)","Random Character Button","Relic Sorter","Relic Stats","StSLib","SuperFastMode"],"gold_per_floor":[111,130,130,130,150,150,180,145,195,40,66,82,82,114,114,114,114],"floor_reached":16,"language":"ENG","playtime":537,"items_purged":["Defend_G"],"score":236,"play_id":"f28ca467-f0d5-4dc0-adcb-f70d294f287a","local_time":"20210124150148","is_ascension_mode":true,"campfire_choices":[{"floor":6.0,"key":"REST"},{"floor":13,"key":"REST"},{"data":"Dagger Spray","floor":15,"key":"SMITH"}],"circlet_count":0,"master_deck":["AscendersBane","Strike_G","Strike_G","Strike_G","Strike_G","Defend_G+1","Defend_G+1","Defend_G+1","Survivor","Neutralize","Dagger Spray+1","Footwork","Infinite Blades","Backflip","Dagger Spray+1","Deadly Poison","Dodge and Roll","Die Die Die"],"relics":["Ring of the Snake","War Paint","Regal Pillow","Dream Catcher","Snake Skull","Toy Ornithopter"],"acts_visited":["Exordium"],"potions_floor_usage":[11,11,14,16],"damage_taken":[{"damage":20.0,"enemies":"Jaw Worm","floor":1.0,"turns":6.0},{"damage":1.0,"enemies":"Small Slimes","floor":2.0,"turns":4.0},{"damage":0.0,"enemies":"2 Louse","floor":5.0,"turns":2.0},{"damage":27.0,"enemies":"3 Sentries","floor":7.0,"turns":8.0},{"damage":5,"enemies":"Lagavulin","floor":11,"turns":7},{"damage":9,"enemies":"Looter","floor":12,"turns":3},{"damage":14,"enemies":"3 Sentries","floor":14,"turns":6},{"damage":32,"enemies":"Slime Boss","floor":16,"turns":9}],"seed_played":"-7568319701934660205","potions_obtained":[{"floor":7.0,"key":"Weak Potion"},{"floor":11,"key":"EssenceOfSteel"},{"floor":12,"key":"BlessingOfTheForge"}],"is_trial":false,"path_per_floor":["M","M","?","?","M","R","E","?","T","$","E","M","R","E","R","B"],"character_chosen":"THE_SILENT","items_purchased":["Fire Potion","Dagger Spray"],"campfire_rested":2,"item_purchase_floors":[10,10],"current_hp_per_floor":[39,38,33,15,15,33,6,21,21,21,16,7,40,26,26,0,0],"gold":114,"neow_bonus":"REMOVE_TWO","is_daily":false,"chose_seed":false,"campfire_upgraded":1,"win_rate":0.0,"timestamp":1611518508,"path_taken":["M","M","?","?","?","R","E","?","T","$","E","M","R","E","R","BOSS"],"items_purchased_type":["Potion","Card"],"build_version":"2020-12-22","purchased_purges":1,"victory":false,"max_hp_per_floor":[60,60,60,60,60,60,60,60,60,60,60,60,60,60,60,60,60],"relic_stats":{"Regal Pillow":15,"Dream Catcher":1,"counters":[8,45],"Snake Skull":[6],"War Paint":["Defend_G","Defend_G"],"obtain_stats":[{"Regal Pillow":7,"Dream Catcher":9,"Snake Skull":11,"War Paint":3,"Toy Ornithopter":14,"Ring of the Snake":0},{"Regal Pillow":4,"Dream Catcher":4,"Snake Skull":5,"War Paint":2,"Toy Ornithopter":7,"Ring of the Snake":0},{"Regal Pillow":20,"Dream Catcher":20,"Snake Skull":27,"War Paint":10,"Toy Ornithopter":36,"Ring of the Snake":0}],"Toy Ornithopter":5,"Ring of the Snake":[16]},"card_choices":[{"not_picked":["Dagger Spray","Backflip"],"picked":"Deadly Poison","floor":1.0},{"not_picked":["Prepared","Deflect"],"picked":"Footwork","floor":2.0},{"not_picked":["Endless Agony","Poisoned Stab"],"picked":"Infinite Blades","floor":5.0},{"not_picked":["Riddle With Holes","Flying Knee"],"picked":"Backflip","floor":7.0},{"not_picked":["Storm of Steel","Dagger Throw"],"picked":"Deadly Poison","floor":11},{"not_picked":["Slice","Outmaneuver"],"picked":"Dodge and Roll","floor":12},{"not_picked":["Dodge and Roll","Leg Sweep"],"picked":"Die Die Die","floor":14}],"player_experience":2923453,"relics_obtained":[{"floor":7.0,"key":"Regal Pillow"},{"floor":9.0,"key":"Dream Catcher"},{"floor":11,"key":"Snake Skull"},{"floor":14,"key":"Toy Ornithopter"}],"event_choices":[{"damage_healed":0.0,"max_hp_gain":0.0,"max_hp_loss":0.0,"gold_gain":0.0,"event_name":"Scrap Ooze","player_choice":"Success","floor":3.0,"gold_loss":0.0,"damage_taken":5.0,"relics_obtained":["War Paint"]},{"damage_healed":0.0,"max_hp_gain":0.0,"max_hp_loss":0.0,"gold_gain":0.0,"event_name":"Shining Light","player_choice":"Entered Light","floor":4.0,"gold_loss":0.0,"damage_taken":18.0,"cards_upgraded":["Defend_G","Dagger Spray"]},{"damage_healed":15.0,"max_hp_gain":0.0,"max_hp_loss":0.0,"gold_gain":0.0,"event_name":"The Cleric","player_choice":"Healed","floor":8.0,"gold_loss":35.0,"damage_taken":0.0}],"is_beta":false,"boss_relics":[],"items_purged_floors":[10],"is_endless":false,"potions_floor_spawned":[7,11,12],"killed_by":"Slime Boss","ascension_level":20}}