{"host":"wghdsg8ym2wc7ov9","time":1611518871,"event":{"mods":["AchievementEnabler","Astrologer","BaseMod","Beaked The Cultist","Better Altar","Better Note","ChefMod","Colored Map","Evolution","Fox Events","Hermit","Highlight Path","Jorbs\u0027s Wanderer Trilogy","KinomotoSakuraMod(????)","Minty Spire (QoL Compilation)","Random Character Button","Relic Stats","SIMod","Shop Mod","StSLib","The Blackbeard","The Bladedancer","The Construct","The Cursed","The Death Knight","The Gatherer","The Hierophant","The Marked","The Mystic","The Necromancer","The Runesmith","The Senshi","The Servant 0.9.4"],"gold_per_floor":[117,128,27,43,53,53,53,65,65,65,81,94,94,94,94],"floor_reached":14,"language":"ENG","playtime":1431,"items_purged":[],"score":84,"play_id":"cddba994-5af0-4c0f-be15-ddad854e15c6","local_time":"20210124120751","is_ascension_mode":false,"campfire_choices":[{"data":"DeathKnight:Hysteria","floor":6,"key":"SMITH"},{"data":"DeathKnight:Simulacrum","floor":10,"key":"SMITH"},{"data":"DeathKnight:DeathRune","floor":13,"key":"SMITH"}],"circlet_count":0,"master_deck":["DeathKnight:Strike_DeathKnight","DeathKnight:Strike_DeathKnight","DeathKnight:Strike_DeathKnight","DeathKnight:Strike_DeathKnight","DeathKnight:Strike_DeathKnight","DeathKnight:Defend_DeathKnight","DeathKnight:Defend_DeathKnight","DeathKnight:Defend_DeathKnight","DeathKnight:Defend_DeathKnight","DeathKnight:Defend_DeathKnight","DeathKnight:RuneTap+1","DeathKnight:RuneStrike","DeathKnight:MindFreeze","DeathKnight:Simulacrum+1","DeathKnight:BladedArmor","DeathKnight:IceboundArmor","DeathKnight:Hysteria+1","DeathKnight:HornOfWinter","DeathKnight:Hemostasis","DeathKnight:BloodStrike","DeathKnight:DeathRune+1"],"relics":["DeathKnight:BrokenRuneblade","EVO:Axolotl","Pyrelight","Shuriken"],"acts_visited":["Exordium"],"potions_floor_usage":[14],"damage_taken":[{"damage":0,"enemies":"Cultist","floor":1,"turns":4},{"damage":0,"enemies":"Small Slimes","floor":2,"turns":5},{"damage":0,"enemies":"Jaw Worm","floor":4,"turns":5},{"damage":13,"enemies":"2 Fungi Beasts","floor":5,"turns":6},{"damage":16,"enemies":"Looter","floor":8,"turns":4},{"damage":0,"enemies":"3 Louse","floor":11,"turns":6},{"damage":1,"enemies":"Exordium Wildlife","floor":12,"turns":5},{"damage":48,"enemies":"Gremlin Nob","floor":14,"turns":6}],"seed_played":"601817840928726385","potions_obtained":[{"floor":2,"key":"Fire Potion"},{"floor":4,"key":"ColorlessPotion"},{"floor":8,"key":"SpeedPotion"}],"is_trial":false,"path_per_floor":["M","M","$","M","M","R","?","M","T","R","M","M","R","E"],"character_chosen":"DEATH_KNIGHT","items_purchased":["DeathKnight:BladedArmor","DeathKnight:IceboundArmor"],"campfire_rested":0,"item_purchase_floors":[3,3],"current_hp_per_floor":[75,75,75,75,62,62,62,46,46,46,46,45,45,0,0],"gold":94,"neow_bonus":"UPGRADE_CARD","is_daily":false,"chose_seed":false,"campfire_upgraded":3,"win_rate":0.0,"timestamp":1611518871,"path_taken":["M","M","?","M","M","R","?","M","T","R","M","M","R","E"],"items_purchased_type":["Card","Card"],"build_version":"2020-12-22","purchased_purges":0,"victory":false,"max_hp_per_floor":[75,75,75,75,75,75,75,75,75,75,75,75,75,75,75],"relic_stats":{"counters":[8,41],"Shuriken":[0],"obtain_stats":[{"Shuriken":9,"Pyrelight":7,"EVO:Axolotl":0,"DeathKnight:BrokenRuneblade":0},{"Shuriken":5,"Pyrelight":4,"EVO:Axolotl":0,"DeathKnight:BrokenRuneblade":0},{"Shuriken":24,"Pyrelight":20,"EVO:Axolotl":0,"DeathKnight:BrokenRuneblade":0}]},"card_choices":[{"not_picked":["DeathKnight:Ossuary","DeathKnight:BoneSpear"],"picked":"DeathKnight:MindFreeze","floor":1},{"not_picked":["DeathKnight:BoneSpear","DeathKnight:Obliterate"],"picked":"DeathKnight:Simulacrum","floor":2},{"not_picked":["DeathKnight:IcyTouch","DeathKnight:UnholyPresence"],"picked":"DeathKnight:Hysteria","floor":4},{"not_picked":["DeathKnight:ShatteringStrikes","DeathKnight:Marrowrend"],"picked":"DeathKnight:HornOfWinter","floor":5},{"not_picked":["DeathKnight:HornOfWinter","DeathKnight:BludPresence"],"picked":"DeathKnight:Hemostasis","floor":8},{"not_picked":["DeathKnight:HartStrike","DeathKnight:ScourgeStrike"],"picked":"DeathKnight:BloodStrike","floor":11},{"not_picked":["DeathKnight:RunicCorruption","DeathKnight:Ossuary"],"picked":"DeathKnight:DeathRune","floor":12}],"player_experience":743161,"relics_obtained":[{"floor":9,"key":"Shuriken"}],"event_choices":[],"is_beta":false,"boss_relics":[],"items_purged_floors":[],"is_endless":false,"potions_floor_spawned":[2,4,8],"killed_by":"Gremlin Nob","ascension_level":0}}