{"host":"glqsg3p5q4u9u1ra","time":1611506818,"event":{"mods":["Act Like it!","Arknights The Spire","Bard","BaseMod","Better Third Choice","BetterRewards","Colored Map","Conspire","Downfall","Friendly Minions","Gensokyo","GifTheSpireLib","Hallownest","Highlight Path","Hubris","Infinite Spire","Lobotomy","LobotomyExtend","Mimic Mod","Minty Spire (QoL Compilation)","Pale of the Ancients","Reliquary","Replay The Spire","Robot Space Explorer","Spicy Shops","Spikes Relics","Spire Birthday Party","StSLib","The Blackbeard","The Blue Laboratory","The Bug Knight","The Exalted","The Poker Player","The Servant 0.9.4","Wandering Minibosses"],"gold_per_floor":[112,112,112,24,24,58,58,75,75,75,75,75,75,93,93,170,170,170,3,3,3,3,3,38,38,38,38,12,12,12,28,28,102,102,114,114,129,145,145,173,185,185,185,218,218,14,31,47,47,0,0,12,12,12,12,12,12,12],"floor_reached":57,"language":"ENG","playtime":2460,"items_purged":["Strike_B","Strike_B"],"score":1278,"play_id":"44b4d23a-2317-4bd7-ab9f-db6d69bcc01c","local_time":"20210124084658","is_ascension_mode":true,"campfire_choices":[{"data":"Consume","floor":7,"key":"SMITH"},{"data":"1","floor":11,"key":"LIFT"},{"data":"2","floor":15,"key":"LIFT"},{"data":"Loop","floor":23,"key":"SMITH"},{"floor":25,"key":"REST"},{"data":"3","floor":29,"key":"LIFT"},{"data":"Zap","floor":32,"key":"SMITH"},{"floor":42,"key":"REST"},{"floor":45,"key":"REST"},{"data":"ReplayUltimateDefense","floor":49,"key":"SMITH"},{"data":"wanderingMiniBosses:FinaleOfPromise","floor":56,"key":"SMITH"}],"circlet_count":0,"master_deck":["AscendersBane","Defend_B","Defend_B","Defend_B","Defend_B","Zap+1","Dualcast","Zap+1","Glacier","Replay:Dark Deal","Consume+1","Loop+1","infinitespire:Gouge+1","Cold Snap+1","ReplayRNGCard","Writhe","hubris:Ukulele+1","Glacier","Creative AI","Specialist","wanderingMiniBosses:FinaleOfPromise+1","infinitespire:Fortify","Barrage+1","infinitespire:Oblivion+1","ReplayUltimateDefense+1","Barrage+1","hubris:NaturalOne"],"relics":["Cracked Core","SnailShell","Runic Capacitor","Regal Pillow","DollysMirror","LetterFromLob","BargainBundle","RoseTintedShades","Toolbox","Girya","BranchBurnRelic","Molten Egg 2","infinitespire:Cupcake","Heaven_r","reliquary:PartyBalloon","Pen Nib","Chameleon Ring","hubris:Icosahedron","reliquary:WritOfMandamus","wanderingMiniBosses:Blackblade","Empty Cage","hubris:HerbalPaste","GiantMaggot","Replay:PocketPolymizer","Pear","paleoftheancients:Timepiece","paleoftheancients:KeyRelic","Bronze Scales","paleoftheancients:SoulOfTheSilent"],"acts_visited":["Exordium","TheCity","TheBeyond","TheBeyond"],"potions_floor_usage":[18,18,33,38,50,50,52,52,53],"damage_taken":[{"damage":13,"enemies":"Cultist","floor":1,"turns":5},{"damage":2,"enemies":"3 Sentries","floor":6,"turns":6},{"damage":0,"enemies":"conspire:RoseBush","floor":8,"turns":3},{"damage":0,"enemies":"Jaw Worm","floor":14,"turns":3},{"damage":0,"enemies":"The Guardian","floor":16,"turns":2},{"damage":13,"enemies":"conspire:FuzzyDice","floor":18,"turns":3},{"damage":33,"enemies":"Slavers","floor":24,"turns":4},{"damage":15,"enemies":"conspire:FuzzyDice","floor":28,"turns":3},{"damage":5,"enemies":"Shell Parasite","floor":31,"turns":7},{"damage":40,"enemies":"Pondfish","floor":33,"turns":15},{"damage":18,"enemies":"Orb Walker","floor":35,"turns":4},{"damage":6,"enemies":"3 Shapes","floor":37,"turns":6},{"damage":44,"enemies":"Spire Growth","floor":38,"turns":4},{"damage":0,"enemies":"Giant Head","floor":40,"turns":1},{"damage":5,"enemies":"Jaw Worm Horde","floor":41,"turns":2},{"damage":75,"enemies":"Nightmare","floor":44,"turns":8},{"damage":0,"enemies":"4 Shapes","floor":47,"turns":2},{"damage":0,"enemies":"Spire Growth","floor":48,"turns":2},{"damage":1,"enemies":"Replay:Hell Engine","floor":50,"turns":12},{"damage":16,"enemies":"Time Eater","floor":51,"turns":6},{"damage":68,"enemies":"Time Eater","floor":52,"turns":10},{"damage":65,"enemies":"Time Eater","floor":53,"turns":3},{"damage":0,"enemies":"Time Eater","floor":57,"turns":1}],"seed_played":"9222072470998520869","potions_obtained":[{"floor":14,"key":"DuplicationPotion"},{"floor":33,"key":"blueLaboratory:LouseDecoction"},{"floor":41,"key":"PowerPotion"},{"floor":44,"key":"Venom Potion"},{"floor":52,"key":"SkillPotion"},{"floor":54,"key":"blueLaboratory:EnragingPotion"},{"floor":54,"key":"EntropicBrew"}],"is_trial":false,"path_per_floor":["M","?","?","$","$","E","R","M","T","?","R","?","$","M","R_BF","B",null,"M","$","?","?","?","R","E","R","T","?","M","R","$","M","R","B",null,"M","?","M","M","AVR","E","M","R","T","NM","R","$","M","M","R","B","B","M","M","?","$","R","M"],"character_chosen":"DEFECT","items_purchased":["SnailShell","Runic Capacitor","Regal Pillow","DollysMirror","BargainBundle","RoseTintedShades","Toolbox","Block Potion","Block Potion","Replay:Dark Deal","reliquary:PartyBalloon","ReplayUltimateDefense"],"campfire_rested":3,"item_purchase_floors":[0,0,0,0,4,4,4,4,4,4,19,46],"current_hp_per_floor":[51,51,51,51,51,49,49,58,58,41,41,64,64,71,71,71,71,58,58,58,58,58,58,37,71,71,71,56,56,56,66,66,41,64,46,46,65,21,21,21,19,55,55,25,64,64,72,75,75,80,77,48,81,81,81,81,81,81],"gold":12,"neow_bonus":"","is_daily":false,"chose_seed":false,"campfire_upgraded":5,"win_rate":0.0,"timestamp":1611506818,"path_taken":["M","?","?","?","$","E","R","M","T","?","R","?","?","M","R_BF","BOSS","M","$","?","?","?","R","E","R","T","?","?","R","$","?","R","BOSS","M","?","M","M","AVR","E","M","R","T","NM","R","$","M","M","R","BOSS","BOSS","M","M","?","$","R","M"],"items_purchased_type":["Relic","Relic","Relic","Relic","Relic","Relic","Relic","Potion","Potion","Card","Relic","Card"],"build_version":"2020-12-22","purchased_purges":2,"victory":false,"max_hp_per_floor":[71,71,71,71,71,71,71,71,71,71,71,71,71,71,71,71,71,71,71,71,71,71,71,71,71,71,71,71,71,71,71,71,71,71,71,71,71,71,71,71,71,71,71,81,81,81,81,81,81,81,81,81,81,81,81,81,81,81],"card_choices":[{"not_picked":["DiskWipe","Compile Driver"],"picked":"Glacier","floor":1},{"not_picked":["Seek","Gash"],"picked":"Consume","floor":6},{"not_picked":["BasicCrystalCard","Rebound"],"picked":"Loop","floor":8},{"not_picked":["infinitespire:DeathsTouch","ReplayTheSpireMod:Haul"],"picked":"infinitespire:Gouge","floor":10},{"not_picked":["Conserve Battery","Hyperbeam+1"],"picked":"Cold Snap+1","floor":14},{"not_picked":["Amplify","All For One+1"],"picked":"ReplayRNGCard","floor":16},{"not_picked":["Chaos","Rip and Tear+1"],"picked":"hubris:Ukulele+1","floor":24},{"not_picked":["Darkness","Sweeping Beam+1"],"picked":"Glacier","floor":28},{"not_picked":["Conserve Battery+1","ReplayTheSpireMod:Reroute Power","Double Energy"],"picked":"SKIP","floor":31},{"not_picked":["Buffer","Fission"],"picked":"Creative AI","floor":33},{"not_picked":["Lockon+1","Streamline+1","Ball Lightning+1"],"picked":"SKIP","floor":35},{"not_picked":["Sadistic Nature","Panacea"],"picked":"Specialist","floor":36},{"not_picked":[],"picked":"wanderingMiniBosses:FinaleOfPromise","floor":37},{"not_picked":["Coolheaded","Heatsinks","Tempest+1"],"picked":"SKIP","floor":37},{"not_picked":["Auto Shields","ReplayGash+1","DiskWipe+1"],"picked":"SKIP","floor":38},{"not_picked":["Hologram","Rebound+1","Chill+1"],"picked":"SKIP","floor":40},{"not_picked":["BasicCrystalCard","Cold Snap+1"],"picked":"Barrage+1","floor":41},{"not_picked":["ReplayTheSpireMod:??????????????????????","infinitespire:Execution"],"picked":"infinitespire:Oblivion","floor":44},{"not_picked":["conspire:SharedLibrary","Cold Snap+1","Streamline+1"],"picked":"SKIP","floor":44},{"not_picked":["Panic Button","Gash+1","Sunder+1"],"picked":"SKIP","floor":47},{"not_picked":["Redo+1","Sweeping Beam+1","DiskWipe"],"picked":"SKIP","floor":48},{"not_picked":["Genetic Algorithm","Steam"],"picked":"Barrage+1","floor":52}],"player_experience":1277862,"relics_obtained":[{"floor":1,"key":"LetterFromLob"},{"floor":6,"key":"Girya"},{"floor":9,"key":"Molten Egg 2"},{"floor":24,"key":"Chameleon Ring"},{"floor":37,"key":"wanderingMiniBosses:Blackblade"},{"floor":40,"key":"GiantMaggot"},{"floor":43,"key":"Replay:PocketPolymizer"},{"floor":44,"key":"Pear"},{"floor":52,"key":"paleoftheancients:SoulOfTheSilent"}],"event_choices":[{"damage_healed":0,"gold_gain":0,"player_choice":"Disagree","damage_taken":0,"max_hp_gain":0,"max_hp_loss":0,"event_name":"conspire:LoneGhost","floor":2,"gold_loss":0},{"damage_healed":23,"gold_gain":0,"player_choice":"Banana","damage_taken":0,"max_hp_gain":0,"max_hp_loss":0,"event_name":"Big Fish","floor":12,"gold_loss":0},{"damage_healed":0,"gold_gain":0,"player_choice":"Opened","damage_taken":0,"relics_obtained":["Pen Nib"],"max_hp_gain":0,"max_hp_loss":0,"event_name":"The Mausoleum","floor":21,"gold_loss":0,"cards_obtained":["Writhe"]},{"damage_healed":0,"gold_gain":0,"player_choice":"Memory 1","damage_taken":0,"max_hp_gain":0,"max_hp_loss":0,"event_name":"SensoryStone","floor":36,"gold_loss":0},{"damage_healed":0,"gold_gain":0,"player_choice":"Got Potions","damage_taken":0,"max_hp_gain":0,"max_hp_loss":0,"event_name":"Lab","floor":54,"gold_loss":0}],"is_beta":false,"boss_relics":[{"not_picked":["Replay:Ancient Bell","Velvet Choker"],"picked":"infinitespire:Cupcake"},{"not_picked":["Kintsugi","conspire:RunicOctahedron"],"picked":"reliquary:WritOfMandamus"}],"items_purged_floors":[4,39],"is_endless":false,"potions_floor_spawned":[14,18,33,37,41,44,48,52],"killed_by":"Time Eater","ascension_level":20}}