{"host":"urvvf8749ekcxo1a","time":1611457743,"event":{"mods":["AchievementEnabler","Bartender","BaseMod","BetterRewards","Colored Powertips","Displayed Cursed Tome","Evolution","Gold Saver","KinomotoSakuraMod(????)","Minty Spire (QoL Compilation)","Quick Restart","Relic Filter","StSLib","SuperFastMode","The Animator","The Cursed","The Hierophant","The Marked","The Servant 0.9.4","TheHero"],"gold_per_floor":[110,110,110,120,135,135,135],"floor_reached":6,"language":"ENG","playtime":159,"items_purged":[],"score":38,"play_id":"4bc4bdf5-cd9e-4753-95ac-9ee2856d6139","local_time":"20210123220903","is_ascension_mode":true,"campfire_choices":[],"circlet_count":0,"master_deck":["TheCursedMod:VitalStrike","TheCursedMod:Strike_TheCursed","TheCursedMod:Strike_TheCursed","TheCursedMod:Strike_TheCursed","TheCursedMod:Defend_TheCursed","TheCursedMod:Defend_TheCursed","TheCursedMod:Defend_TheCursed","TheCursedMod:CursedWand","TheCursedMod:CleanUpWorkshop","TheCursedMod:Dregs","TheCursedMod:PrepareRite","TheCursedMod:TroublousMinions","TheCursedMod:LuckyCharm"],"relics":["TheCursedMod:BlackMagic101","EVO:Axolotl"],"acts_visited":["Exordium"],"potions_floor_usage":[],"damage_taken":[{"damage":4,"enemies":"Small Slimes","floor":1,"turns":4},{"damage":4,"enemies":"Jaw Worm","floor":4,"turns":4},{"damage":0,"enemies":"Cultist","floor":5,"turns":4},{"damage":80,"enemies":"Gremlin Nob","floor":6,"turns":6}],"seed_played":"-6940528546080673435","potions_obtained":[],"is_trial":false,"path_per_floor":["M","$","?","M","M","E"],"character_chosen":"THE_CURSED","items_purchased":[],"campfire_rested":0,"item_purchase_floors":[],"current_hp_per_floor":[78,78,71,67,67,0,0],"gold":135,"neow_bonus":"TEN_PERCENT_HP_BONUS","is_daily":false,"chose_seed":false,"campfire_upgraded":0,"win_rate":0.0,"timestamp":1611457743,"path_taken":["M","$","?","M","M","E"],"items_purchased_type":[],"build_version":"2020-12-22","purchased_purges":0,"victory":false,"max_hp_per_floor":[82,82,82,82,82,82,82],"card_choices":[{"not_picked":["TheCursedMod:Stretching","TheCursedMod:FleshFromBone"],"picked":"TheCursedMod:PrepareRite","floor":1},{"not_picked":["TheCursedMod:CircleOfAmplification","TheCursedMod:TacticalStrike"],"picked":"TheCursedMod:TroublousMinions","floor":4},{"not_picked":["TheCursedMod:BloodBarrier","TheCursedMod:CursedStaff"],"picked":"TheCursedMod:LuckyCharm","floor":5}],"player_experience":161796,"relics_obtained":[],"event_choices":[{"cards_removed":["TheCursedMod:Defend_TheCursed"],"damage_healed":0,"gold_gain":0,"player_choice":"Card Removal","damage_taken":7,"max_hp_gain":0,"max_hp_loss":0,"event_name":"Golden Wing","floor":3,"gold_loss":0}],"is_beta":false,"boss_relics":[],"items_purged_floors":[],"is_endless":false,"potions_floor_spawned":[],"killed_by":"Gremlin Nob","ascension_level":1}}