{"host":"oeevf6hcb3ehxk0z","time":1611476543,"event":{"mods":["ATMod(°¢èªMod)","BaseMod","Minty Spire (QoL Compilation)","Prisma Mod","Spicy Shops","StSLib","The Administrix","The Alterego","¡¾ÒÅÎï¿¨ÅÆ¡¿REMEMod"],"gold_per_floor":[118,136,136,148,148,182,196,224,303,331,331,23,37,53,53,125,125,135,60,60,138,42,75,92,33,33,33,33,163,290,417,417,590,590,609,634,634,660,680,812,812,942,966,1094,25,44,44,44,44,217,492,501,511,676,60,102,164,164,567,606,632,790,930,930,1335,1374,1374,1578,1578,1623,1691,177,340,340,496,496,706,856,856,899,985,1192,1352,1352,1549,1549,1594,50,50,50,208,413,568,568,724,724,816,957,1163,1277,1277,1673,1876,1876,1876],"floor_reached":104,"language":"ZHS","playtime":6524,"items_purged":["alterego_mod:Cycle+1","alterego_mod:Cycle+1"],"score":8140,"play_id":"f289eace-2a0f-4d64-89b2-94b24925350d","local_time":"20210124162223","daily_mods":["SealedDeck","Vintage","Heirloom","DeadlyEvents","Binary"],"is_ascension_mode":true,"campfire_choices":[{"floor":11,"key":"REST"},{"data":"alterego_mod:BiFurious","floor":15,"key":"SMITH"},{"data":"alterego_mod:BreastValley","floor":28,"key":"SMITH"},{"data":"alterego_mod:Cushion","floor":32,"key":"SMITH"},{"data":"alterego_mod:Bloomers","floor":41,"key":"SMITH"},{"data":"alterego_mod:Birthday","floor":47,"key":"SMITH"},{"data":"alterego_mod:GoddessCore","floor":49,"key":"SMITH"},{"data":"AT_EmpoweredMortalDraw","floor":58,"key":"SMITH"},{"data":"alterego_mod:Belts","floor":67,"key":"SMITH"},{"data":"1","floor":76,"key":"LIFT"},{"data":"2","floor":79,"key":"LIFT"},{"data":"3","floor":84,"key":"LIFT"},{"data":"alterego_mod:Birthday+1","floor":94,"key":"PURGE"},{"floor":96,"key":"REST"},{"data":"alterego_mod:Cushion+1","floor":101,"key":"PURGE"}],"circlet_count":7,"master_deck":["AscendersBane","alterego_mod:GoddessCore+1","alterego_mod:BreastValley+1","alterego_mod:Bloomers+1","alterego_mod:SakuraFive+1","alterego_mod:BiFurious+1","alterego_mod:Valentines+1","CurseOfTheBell","alterego_mod:IndependentAction+1","alterego_mod:Belts+1","alterego_mod:Lift+1","AT_EmpoweredMortalDraw+1","alterego_mod:Bounce+1","alterego_mod:Palingenesis+2","alterego_mod:Bounce","alterego_mod:Rake+1","AT_PowerWithin+1","alterego_mod:BiFurious+1","alterego_mod:Punishment+1"],"relics":["alterego_mod:MasochisticConstitution","Busted Crown","REME_ComplimentaryCards","AT_ATBox","AT_RabadonDeathcap","Gremlin Horn","Oddly Smooth Stone","AT_Kusabimaru","Darkstone Periapt","Lizard Tail","Tiny Chest","AT_ForceNature","Bottled Flame","AT_RedTearstoneRing","Bronze Scales","Ginger","Orichalcum","Calling Bell","Anchor","The Courier","Unceasing Top","Mummified Hand","alterego_mod:SomeoneToFightFor","Matryoshka","AT_TheCollector","Art of War","AT_SunfireAegis","Pocketwatch","AT_ArcaneBoots","FossilizedHelix","Torii","Astrolabe","Dead Branch","AT_LudenTempest","War Paint","Centennial Puzzle","Singing Bowl","AT_DeathDance","Bottled Lightning","Akabeko","AT_ChloranthyRing","InkBottle","Pen Nib","Calipers","AT_TimeSand","AT_BladeRuinedKing","CeramicFish","AT_MortalBlade","AT_PhaseBoots","Omamori","AT_MibuBalloonWealth","AT_ImmortalShieldbow","Mango","Whetstone","AT_BellDemon","Letter Opener","Strawberry","AT_EbonyIvory","StoneCalendar","Dream Catcher","Nunchaku","Bottled Tornado","Happy Flower","Boot","Shuriken","REME_LowDesire","Potion Belt","Bag of Marbles","Ornamental Fan","AT_BellowingDragoncrestRing","Blood Vial","Girya","ClockworkSouvenir","Bag of Preparation","TheAbacus","Vajra","Ancient Tea Set","Peace Pipe","REME_PuzzleBoxRelic","REME_HandOfSuture","PreservedInsect","StrikeDummy","MutagenicStrength","HornCleat","Blue Candle","Frozen Egg 2","Eternal Feather","AT_SilvercatRing","Sundial","Kunai","Molten Egg 2","Pantograph","REME_LimitBreaker","SacredBark","Prayer Wheel","AT_RedNoBalance","REME_HourglassOfDeath","CaptainsWheel","AT_GoldPhoenixTree","Turnip","REME_IWantAll","Incense Burner","Bird Faced Urn","Ice Cream","Thread and Needle","TungstenRod","AT_Manta","Gambling Chip","Circlet","AT_TrinityForce"],"acts_visited":["Exordium","TheCity","TheBeyond","Exordium","TheCity","TheBeyond","Exordium"],"potions_floor_usage":[6,8,16,16,16,18,29],"damage_taken":[{"damage":20,"enemies":"Small Slimes","floor":1,"turns":3},{"damage":5,"enemies":"Jaw Worm","floor":2,"turns":3},{"damage":6,"enemies":"Cultist","floor":4,"turns":3},{"damage":5,"enemies":"3 Sentries","floor":6,"turns":9},{"damage":6,"enemies":"Exordium Thugs","floor":7,"turns":3},{"damage":17,"enemies":"Gremlin Nob","floor":8,"turns":4},{"damage":20,"enemies":"3 Sentries","floor":10,"turns":7},{"damage":1,"enemies":"Looter","floor":13,"turns":2},{"damage":5,"enemies":"Blue Slaver","floor":14,"turns":2},{"damage":29,"enemies":"The Guardian","floor":16,"turns":6},{"damage":8,"enemies":"Shell Parasite","floor":18,"turns":3},{"damage":18,"enemies":"Book of Stabbing","floor":23,"turns":4},{"damage":0,"enemies":"Spheric Guardian","floor":24,"turns":3},{"damage":0,"enemies":"Gremlin Leader","floor":29,"turns":3},{"damage":24,"enemies":"Slavers","floor":30,"turns":4},{"damage":8,"enemies":"Book of Stabbing","floor":31,"turns":3},{"damage":19,"enemies":"Champ","floor":33,"turns":9},{"damage":30,"enemies":"3 Darklings","floor":35,"turns":4},{"damage":0,"enemies":"Mind Bloom Boss Battle","floor":36,"turns":5},{"damage":0,"enemies":"Orb Walker","floor":39,"turns":2},{"damage":0,"enemies":"Nemesis","floor":40,"turns":5},{"damage":0,"enemies":"Reptomancer","floor":42,"turns":2},{"damage":15,"enemies":"Giant Head","floor":44,"turns":6},{"damage":0,"enemies":"Sphere and 2 Shapes","floor":46,"turns":2},{"damage":6,"enemies":"Time Eater","floor":50,"turns":2},{"damage":0,"enemies":"Awakened One","floor":51,"turns":2},{"damage":0,"enemies":"2 Louse","floor":53,"turns":1},{"damage":0,"enemies":"Gremlin Nob","floor":54,"turns":1},{"damage":0,"enemies":"Jaw Worm","floor":56,"turns":1},{"damage":0,"enemies":"Small Slimes","floor":57,"turns":1},{"damage":0,"enemies":"3 Sentries","floor":59,"turns":2},{"damage":0,"enemies":"Looter","floor":60,"turns":1},{"damage":0,"enemies":"Gremlin Nob","floor":62,"turns":1},{"damage":0,"enemies":"Lots of Slimes","floor":63,"turns":1},{"damage":0,"enemies":"3 Sentries","floor":65,"turns":1},{"damage":0,"enemies":"Red Slaver","floor":66,"turns":1},{"damage":0,"enemies":"The Guardian","floor":68,"turns":1},{"damage":0,"enemies":"Chosen","floor":70,"turns":1},{"damage":0,"enemies":"2 Thieves","floor":71,"turns":1},{"damage":0,"enemies":"Gremlin Leader","floor":73,"turns":1},{"damage":0,"enemies":"Book of Stabbing","floor":75,"turns":1},{"damage":0,"enemies":"Slavers","floor":77,"turns":1},{"damage":0,"enemies":"Book of Stabbing","floor":78,"turns":1},{"damage":0,"enemies":"Snake Plant","floor":80,"turns":1},{"damage":0,"enemies":"3 Cultists","floor":81,"turns":1},{"damage":30,"enemies":"Gremlin Leader","floor":82,"turns":2},{"damage":0,"enemies":"Book of Stabbing","floor":83,"turns":1},{"damage":0,"enemies":"Champ","floor":85,"turns":2},{"damage":0,"enemies":"Orb Walker","floor":87,"turns":1},{"damage":0,"enemies":"Giant Head","floor":91,"turns":1},{"damage":0,"enemies":"Reptomancer","floor":92,"turns":1},{"damage":0,"enemies":"Giant Head","floor":93,"turns":1},{"damage":0,"enemies":"Nemesis","floor":95,"turns":1},{"damage":0,"enemies":"3 Shapes","floor":97,"turns":3},{"damage":48,"enemies":"3 Darklings","floor":98,"turns":4},{"damage":0,"enemies":"Reptomancer","floor":99,"turns":1},{"damage":51,"enemies":"4 Shapes","floor":100,"turns":5},{"damage":0,"enemies":"Awakened One","floor":102,"turns":2},{"damage":0,"enemies":"Time Eater","floor":103,"turns":1}],"seed_played":"-2007019549025412879","potions_obtained":[{"floor":2,"key":"ColorlessPotion"},{"floor":7,"key":"Block Potion"},{"floor":10,"key":"BlessingOfTheForge"},{"floor":14,"key":"EntropicBrew"},{"floor":16,"key":"DistilledChaos"},{"floor":18,"key":"REME_GoldPotion"},{"floor":31,"key":"Ancient Potion"},{"floor":33,"key":"Explosive Potion"},{"floor":70,"key":"EssenceOfSteel"},{"floor":71,"key":"LiquidMemories"}],"is_trial":true,"path_per_floor":["M","M","?","M","T","E","M","E","T","E","R","$","M","M","R","B",null,"M","?","?","T","$","E","M","$","T","$","R","E","E","E","R","B",null,"M","?","?","T","M","E","R","E","T","E","$","M","R","$","R","B","B",null,"M","?","$","M","M","R","E","M","T","E","M","?","E","M","R","B",null,"M","M","$","E","?","E","R","E","E","R","M","M","E","E","R","B",null,"M","$","?","?","E","E","E","R","E","R","M","M","E","M","R","B","B",null],"character_chosen":"The_Alterego","items_purchased":["Bronze Scales","alterego_mod:Valentines","alterego_mod:Birthday","alterego_mod:IndependentAction","alterego_mod:Belts","alterego_mod:Clones","InkBottle","Pen Nib","Calipers","AT_TimeSand","AT_BladeRuinedKing","AT_MibuBalloonWealth","AT_ImmortalShieldbow","alterego_mod:Bounce","Mango","ClockworkSouvenir","Bag of Preparation","alterego_mod:Palingenesis","alterego_mod:Bounce","alterego_mod:Rake","TheAbacus","Vajra","Ancient Tea Set","Peace Pipe","REME_PuzzleBoxRelic","REME_HandOfSuture","PreservedInsect","REME_HourglassOfDeath","CaptainsWheel","AT_GoldPhoenixTree","Turnip","REME_IWantAll","alterego_mod:BiFurious+1","alterego_mod:Punishment+1","Incense Burner"],"campfire_rested":2,"item_purchase_floors":[12,12,12,22,22,25,45,45,45,45,45,55,55,55,55,72,72,72,72,72,72,72,72,72,72,72,72,88,88,88,88,88,88,88,88],"current_hp_per_floor":[44,44,37,36,36,38,37,23,23,8,29,29,44,55,55,44,73,81,81,81,81,81,72,83,83,83,83,83,83,74,82,82,74,83,71,87,87,87,87,87,87,87,87,80,80,88,88,88,88,83,19,72,72,72,86,86,86,86,86,93,93,107,107,107,110,110,110,110,110,110,110,110,110,110,112,112,114,116,116,116,116,103,114,121,123,123,123,123,123,123,65,87,93,105,113,133,133,92,98,89,101,135,139,139,139],"gold":1876,"neow_bonus":"","is_daily":false,"chose_seed":false,"campfire_upgraded":8,"win_rate":0.0,"timestamp":1611476543,"path_taken":["M","M","?","M","?","E","M","E","T","?","R","$","M","M","R","BOSS","M","?","?","?","$","E","M","$","T","$","R","E","?","E","R","BOSS","M","?","?","?","M","E","R","E","T","E","$","M","R","$","R","BOSS","BOSS","M","?","$","M","M","R","E","M","T","E","M","?","E","M","R","BOSS","M","?","$","?","?","E","R","E","E","R","?","?","?","E","R","BOSS","M","$","?","?","?","?","?","R","E","R","M","M","?","M","R","BOSS","BOSS"],"items_purchased_type":["Relic","Card","Card","Card","Card","Card","Relic","Relic","Relic","Relic","Relic","Relic","Relic","Card","Relic","Relic","Relic","Card","Card","Card","Relic","Relic","Relic","Relic","Relic","Relic","Relic","Relic","Relic","Relic","Relic","Relic","Card","Card","Relic"],"build_version":"2020-12-22","purchased_purges":2,"victory":false,"max_hp_per_floor":[66,67,67,68,68,69,70,71,71,72,72,72,73,74,74,75,81,82,82,82,82,82,83,83,83,83,83,83,83,84,85,85,86,86,87,87,87,87,87,87,87,87,87,88,88,88,88,88,88,89,89,89,89,89,103,103,103,103,103,110,110,110,110,110,110,110,110,110,110,110,110,110,110,110,112,112,114,116,116,116,116,119,121,121,123,123,123,123,123,123,125,127,129,129,131,133,133,134,134,135,135,137,139,139,139],"card_choices":[{"not_picked":[],"picked":"AT_PowerWithin+1","floor":73},{"not_picked":["PanicButton"],"picked":"Singing Bowl","floor":75},{"not_picked":["Madness"],"picked":"Singing Bowl","floor":77},{"not_picked":["Master of Strategy"],"picked":"Singing Bowl","floor":78},{"not_picked":["REME_TheoryOfElimination"],"picked":"Singing Bowl","floor":82},{"not_picked":["REME_AllRoundStrike+1"],"picked":"Singing Bowl","floor":83},{"not_picked":["Transmutation"],"picked":"Singing Bowl","floor":85},{"not_picked":["REME_BattleFury+1"],"picked":"Singing Bowl","floor":91},{"not_picked":["REME_TwoStrings+1"],"picked":"Singing Bowl","floor":92},{"not_picked":["Metamorphosis"],"picked":"Singing Bowl","floor":93},{"not_picked":["Blind"],"picked":"Singing Bowl","floor":95},{"not_picked":["Magnetism+1"],"picked":"Singing Bowl","floor":96},{"not_picked":["AT_Homeward"],"picked":"SKIP","floor":99},{"not_picked":["Mayhem+1"],"picked":"Singing Bowl","floor":102},{"not_picked":["AT_CelerityRune+1"],"picked":"Singing Bowl","floor":103}],"player_experience":270714,"relics_obtained":[{"floor":1,"key":"Gremlin Horn"},{"floor":2,"key":"Oddly Smooth Stone"},{"floor":4,"key":"AT_Kusabimaru"},{"floor":5,"key":"Darkstone Periapt"},{"floor":6,"key":"Lizard Tail"},{"floor":7,"key":"Tiny Chest"},{"floor":8,"key":"AT_ForceNature"},{"floor":9,"key":"Bottled Flame"},{"floor":10,"key":"AT_RedTearstoneRing"},{"floor":13,"key":"Ginger"},{"floor":14,"key":"Orichalcum"},{"floor":17,"key":"Anchor"},{"floor":17,"key":"The Courier"},{"floor":17,"key":"Unceasing Top"},{"floor":18,"key":"Mummified Hand"},{"floor":21,"key":"Matryoshka"},{"floor":23,"key":"AT_TheCollector"},{"floor":24,"key":"Art of War"},{"floor":26,"key":"AT_SunfireAegis"},{"floor":26,"key":"Pocketwatch"},{"floor":29,"key":"AT_SpeedBoots"},{"floor":30,"key":"FossilizedHelix"},{"floor":31,"key":"Torii"},{"floor":35,"key":"Dead Branch"},{"floor":36,"key":"AT_LudenTempest"},{"floor":38,"key":"War Paint"},{"floor":38,"key":"Centennial Puzzle"},{"floor":39,"key":"Singing Bowl"},{"floor":40,"key":"AT_DeathDance"},{"floor":42,"key":"Bottled Lightning"},{"floor":43,"key":"Akabeko"},{"floor":44,"key":"AT_ChloranthyRing"},{"floor":46,"key":"CeramicFish"},{"floor":53,"key":"AT_SpeedBoots"},{"floor":56,"key":"Whetstone"},{"floor":57,"key":"AT_BellDemon"},{"floor":60,"key":"Letter Opener"},{"floor":60,"key":"Strawberry"},{"floor":61,"key":"AT_EbonyIvory"},{"floor":62,"key":"StoneCalendar"},{"floor":63,"key":"Dream Catcher"},{"floor":63,"key":"Nunchaku"},{"floor":65,"key":"Bottled Tornado"},{"floor":66,"key":"Happy Flower"},{"floor":66,"key":"Boot"},{"floor":68,"key":"Shuriken"},{"floor":69,"key":"Potion Belt"},{"floor":69,"key":"Bag of Marbles"},{"floor":70,"key":"Ornamental Fan"},{"floor":70,"key":"AT_BellowingDragoncrestRing"},{"floor":71,"key":"Blood Vial"},{"floor":71,"key":"Girya"},{"floor":73,"key":"StrikeDummy"},{"floor":75,"key":"HornCleat"},{"floor":77,"key":"Blue Candle"},{"floor":78,"key":"Frozen Egg 2"},{"floor":80,"key":"Eternal Feather"},{"floor":80,"key":"AT_SilvercatRing"},{"floor":81,"key":"Sundial"},{"floor":81,"key":"Kunai"},{"floor":82,"key":"Molten Egg 2"},{"floor":83,"key":"Pantograph"},{"floor":85,"key":"REME_LimitBreaker"},{"floor":87,"key":"Prayer Wheel"},{"floor":87,"key":"AT_SilverBalance"},{"floor":91,"key":"Bird Faced Urn"},{"floor":92,"key":"Ice Cream"},{"floor":93,"key":"Thread and Needle"},{"floor":95,"key":"TungstenRod"},{"floor":97,"key":"AT_Manta"},{"floor":97,"key":"Gambling Chip"},{"floor":98,"key":"Circlet"},{"floor":98,"key":"Circlet"},{"floor":99,"key":"Circlet"},{"floor":100,"key":"Circlet"},{"floor":100,"key":"Circlet"},{"floor":102,"key":"Circlet"},{"floor":103,"key":"Circlet"}],"event_choices":[{"cards_removed":["alterego_mod:Santa"],"damage_healed":0,"gold_gain":0,"player_choice":"Card Removal","damage_taken":7,"max_hp_gain":0,"max_hp_loss":0,"event_name":"Golden Wing","floor":3,"gold_loss":0},{"cards_removed":["alterego_mod:Skirt"],"damage_healed":0,"gold_gain":0,"player_choice":"Gave Gold","damage_taken":0,"max_hp_gain":0,"max_hp_loss":0,"event_name":"Beggar","floor":19,"gold_loss":75},{"damage_healed":0,"gold_gain":0,"player_choice":"Choice 2","damage_taken":0,"relics_obtained":["alterego_mod:SomeoneToFightFor"],"max_hp_gain":0,"max_hp_loss":0,"event_name":"°®µÄÉñÊ¥»¨Ô°","floor":20,"gold_loss":0},{"damage_healed":0,"gold_gain":0,"player_choice":"Fight","damage_taken":0,"max_hp_gain":0,"max_hp_loss":0,"event_name":"MindBloom","floor":36,"gold_loss":0},{"damage_healed":0,"gold_gain":0,"player_choice":"Memory 1","damage_taken":0,"max_hp_gain":0,"max_hp_loss":0,"event_name":"SensoryStone","floor":37,"gold_loss":0},{"damage_healed":0,"gold_gain":30,"player_choice":"Searched \u00273\u0027 times","damage_taken":0,"relics_obtained":["Omamori"],"max_hp_gain":0,"max_hp_loss":0,"event_name":"Dead Adventurer","floor":54,"gold_loss":0},{"damage_healed":0,"gold_gain":0,"player_choice":"Cursed","damage_taken":0,"max_hp_gain":0,"max_hp_loss":0,"event_name":"Wheel of Change","floor":64,"gold_loss":0,"cards_obtained":["Decay"]},{"damage_healed":0,"gold_gain":0,"player_choice":"Inject Mutagens","damage_taken":0,"relics_obtained":["MutagenicStrength"],"max_hp_gain":0,"max_hp_loss":0,"event_name":"Drug Dealer","floor":74,"gold_loss":0},{"damage_healed":0,"gold_gain":0,"player_choice":"Memory 1","damage_taken":0,"max_hp_gain":0,"max_hp_loss":0,"event_name":"SensoryStone","floor":89,"gold_loss":0},{"damage_healed":0,"gold_gain":0,"player_choice":"Upgraded","damage_taken":0,"max_hp_gain":0,"max_hp_loss":0,"event_name":"Upgrade Shrine","floor":90,"gold_loss":0,"cards_upgraded":["alterego_mod:Rake"]}],"is_beta":false,"boss_relics":[{"not_picked":["Runic Pyramid","Snecko Eye"],"picked":"Calling Bell"},{"not_picked":["Runic Dome","Fusion Hammer"],"picked":"Astrolabe"},{"not_picked":["AT_TrinityForce","Tiny House"],"picked":"AT_MortalBlade"},{"not_picked":["Snecko Eye","Runic Dome"],"picked":"REME_LowDesire"},{"not_picked":["Velvet Choker","Tiny House"],"picked":"SacredBark"},{"not_picked":["Runic Pyramid","Cursed Key"],"picked":"AT_TrinityForce"}],"items_purged_floors":[45,45],"is_endless":true,"potions_floor_spawned":[2,7,10,14,16,18,31,33,35,36,42,46,50,53,54,57,59,62,68,70,71,75,77,81,83,92,95,98,99,103],"ascension_level":20}}