{"host":"cjhtzh7tp54jdfyv","time":1611514250,"event":{"mods":["AchievementEnabler","BaseMod","Colored Map","Colored Powertips","Curses Come First","DeckTracker","Filter the Spire","Minty Spire (QoL Compilation)","RNG Fix","Relic Sorter","Relic Stats","StSLib","UnlockEverythingMod","ojb\u0027s Better Paths Mod","ojb\u0027s Info Mod"],"gold_per_floor":[12,32,32,52,52,85,146,146,146,146,160,160,193,193,193,193,193],"floor_reached":16,"language":"ENG","playtime":1177,"items_purged":[],"score":216,"play_id":"7616e511-6903-40f3-880b-a6497067a844","local_time":"20210124135050","is_ascension_mode":true,"campfire_choices":[{"data":"Crippling Poison","floor":8,"key":"SMITH"},{"floor":10,"key":"REST"},{"floor":12,"key":"REST"},{"floor":15,"key":"REST"}],"circlet_count":0,"master_deck":["AscendersBane","Strike_G","Strike_G","Strike_G","Strike_G","Defend_G","Defend_G","Defend_G+1","Survivor","Neutralize","Accuracy+1","Underhanded Strike","Endless Agony","Slice","Burst+1","Crippling Poison+1","Terror","Dagger Throw","Bullet Time"],"relics":["Ring of the Snake","Bag of Preparation","Question Card","Ginger"],"acts_visited":["Exordium"],"potions_floor_usage":[6,16],"damage_taken":[{"damage":0,"enemies":"Jaw Worm","floor":1,"turns":6},{"damage":0,"enemies":"2 Louse","floor":2,"turns":3},{"damage":0,"enemies":"Small Slimes","floor":4,"turns":3},{"damage":35,"enemies":"3 Sentries","floor":6,"turns":14},{"damage":19,"enemies":"Exordium Wildlife","floor":11,"turns":4},{"damage":13,"enemies":"Gremlin Nob","floor":13,"turns":3},{"damage":30,"enemies":"The Guardian","floor":16,"turns":8}],"seed_played":"-6762070764965899663","potions_obtained":[{"floor":1,"key":"Block Potion"},{"floor":13,"key":"Swift Potion"}],"is_trial":false,"path_per_floor":["M","M","?","M","?","E","?","R","T","R","M","R","E","?","R","B"],"character_chosen":"THE_SILENT","items_purchased":[],"campfire_rested":3,"item_purchase_floors":[],"current_hp_per_floor":[59,59,59,59,39,4,4,4,4,23,4,23,10,10,29,0,0],"gold":193,"neow_bonus":"TRANSFORM_TWO_CARDS","is_daily":false,"chose_seed":false,"campfire_upgraded":1,"win_rate":0.0,"timestamp":1611514250,"path_taken":["M","M","?","M","?","E","?","R","T","R","M","R","E","?","R","BOSS"],"items_purchased_type":[],"build_version":"2020-12-22","purchased_purges":0,"victory":false,"max_hp_per_floor":[66,66,66,66,66,66,66,66,66,66,66,66,66,66,66,66,66],"relic_stats":{"counters":[7,41],"Bag of Preparation":[6],"Ginger":[0],"Question Card":2,"obtain_stats":[{"Bag of Preparation":6,"Ginger":13,"Question Card":9,"Ring of the Snake":0},{"Bag of Preparation":4,"Ginger":6,"Question Card":4,"Ring of the Snake":0},{"Bag of Preparation":26,"Ginger":33,"Question Card":26,"Ring of the Snake":0}],"Ring of the Snake":[14]},"card_choices":[{"not_picked":["Deflect","All Out Attack"],"picked":"Endless Agony","floor":1},{"not_picked":["Dodge and Roll","Skewer"],"picked":"Slice","floor":2},{"not_picked":["Poisoned Stab","Flying Knee"],"picked":"Crippling Poison","floor":4},{"not_picked":["Leg Sweep","Escape Plan"],"picked":"Terror","floor":6},{"not_picked":["Slice","Acrobatics","PiercingWail"],"picked":"Dagger Throw","floor":11},{"not_picked":["Outmaneuver","Bouncing Flask","Poisoned Stab"],"picked":"Bullet Time","floor":13}],"player_experience":4510997,"relics_obtained":[{"floor":6,"key":"Bag of Preparation"},{"floor":9,"key":"Question Card"},{"floor":13,"key":"Ginger"}],"event_choices":[{"damage_healed":0,"gold_gain":0,"cards_transformed":["Defend_G"],"player_choice":"Change","damage_taken":0,"max_hp_gain":0,"max_hp_loss":0,"event_name":"Living Wall","floor":3,"gold_loss":0,"cards_obtained":["Burst"]},{"damage_healed":0,"gold_gain":0,"player_choice":"Entered Light","damage_taken":20,"max_hp_gain":0,"max_hp_loss":0,"event_name":"Shining Light","floor":5,"gold_loss":0,"cards_upgraded":["Defend_G","Accuracy"]},{"damage_healed":0,"gold_gain":61,"player_choice":"Gained Gold","damage_taken":0,"max_hp_gain":0,"max_hp_loss":0,"event_name":"Golden Wing","floor":7,"gold_loss":0},{"damage_healed":0,"gold_gain":0,"player_choice":"Forge","damage_taken":0,"max_hp_gain":0,"max_hp_loss":0,"event_name":"Accursed Blacksmith","floor":14,"gold_loss":0,"cards_upgraded":["Burst"]}],"is_beta":false,"boss_relics":[],"items_purged_floors":[],"is_endless":false,"potions_floor_spawned":[1,13],"killed_by":"The Guardian","ascension_level":20}}