{"host":"7k2a2omxz3voj5ax","time":1611471726,"event":{"mods":["BaseMod","Marisa£¨ìFÓê¡¡Ä§ÀíÉ³£©","Minty Spire (QoL Compilation)","Quick Restart","Spicy Shops","StSLib","Starting Relic: Pandora\u0027s Box","¡¾ÒÅÎï¿¨ÅÆ¡¿REMEMod","óô»ðÖ¸ÄÏ"],"gold_per_floor":[111,123,140,140,158,186,201,3165,3165,3199,3215,3215,3230,3230,3230,3326,3389,3407,2794,2815,2834,2850,2900,2900,2900],"floor_reached":24,"language":"ZHS","playtime":766,"items_purged":["MasterSpark"],"score":674,"play_id":"5cde792a-c9dc-4e80-8794-3d990f541089","local_time":"20210124160206","is_ascension_mode":true,"campfire_choices":[{"data":"Apotheosis","floor":15.0,"key":"SMITH"}],"circlet_count":0,"master_deck":["AscendersBane","UpSweep","WitchLeyline","Acceleration","ShootingEcho","PowerUp","SporeBomb+1","Acceleration","WitchLeyline","PowerUp","Double Tap+1","SuperPerseids","AlicesGift","GasGiant","6A","GasGiant","SuperNova","Apotheosis+1","UltimateShortwave"],"relics":["MiniHakkero","REME_ComplimentaryCards","NeowsBlessing","Pocketwatch","Orrery","REME_HourglassOfDeath","Golden Idol","Tiny House","AmplifyWand","Thread and Needle"],"acts_visited":["Exordium","TheCity"],"potions_floor_usage":[22],"damage_taken":[{"damage":8.0,"enemies":"2 Louse","floor":1.0,"turns":2.0},{"damage":0.0,"enemies":"Cultist","floor":2.0,"turns":1.0},{"damage":0.0,"enemies":"Jaw Worm","floor":3.0,"turns":1.0},{"damage":0.0,"enemies":"Large Slime","floor":5.0,"turns":1.0},{"damage":0.0,"enemies":"Gremlin Nob","floor":6.0,"turns":2.0},{"damage":16.0,"enemies":"Exordium Wildlife","floor":7.0,"turns":2.0},{"damage":0.0,"enemies":"Lagavulin","floor":10.0,"turns":3.0},{"damage":13.0,"enemies":"Blue Slaver","floor":11.0,"turns":2.0},{"damage":12.0,"enemies":"Lots of Slimes","floor":13.0,"turns":2.0},{"damage":0.0,"enemies":"Slime Boss","floor":16.0,"turns":2.0},{"damage":13.0,"enemies":"Chosen","floor":18.0,"turns":4.0},{"damage":7,"enemies":"2 Thieves","floor":20,"turns":3},{"damage":10,"enemies":"Snake Plant","floor":21,"turns":3},{"damage":14,"enemies":"Snecko","floor":22,"turns":3},{"damage":31,"enemies":"REME_1_Revenger","floor":24,"turns":3}],"seed_played":"8385764703924060872","potions_obtained":[{"floor":1.0,"key":"Ancient Potion"},{"floor":10.0,"key":"Dexterity Potion"},{"floor":22,"key":"CultistPotion"}],"is_trial":false,"path_per_floor":["M","M","M","?","M","E","M","$","T","E","M","?","M","?","R","B",null,"M","$","M","M","M","?","E"],"character_chosen":"MARISA","items_purchased":["Orrery","Apotheosis","AmplifyWand","Thread and Needle"],"campfire_rested":0,"item_purchase_floors":[8,8,19,19],"current_hp_per_floor":[55,55,55,55,55,55,39,39,39,39,26,26,14,14,14,14,56,43,43,36,26,12,12,0,0],"gold":2900,"neow_bonus":"THREE_ENEMY_KILL","is_daily":false,"chose_seed":false,"campfire_upgraded":1,"win_rate":0.0,"timestamp":1611471726,"path_taken":["M","M","M","?","?","E","M","$","T","E","M","?","M","?","R","BOSS","M","$","M","M","M","?","E"],"items_purchased_type":["Relic","Card","Relic","Relic"],"build_version":"2020-12-22","purchased_purges":1,"victory":false,"max_hp_per_floor":[70,70,70,70,70,70,70,70,70,70,70,63,63,63,63,63,68,68,68,68,68,68,68,68,68],"card_choices":[{"not_picked":["StarlightTyphoon","NonDirectionalLaser"],"picked":"SuperPerseids","floor":1.0},{"not_picked":["DarkMatter","Orbital","OpenUniverse"],"picked":"SKIP","floor":2.0},{"not_picked":["IllusionStar","GravityBeat","NonDirectionalLaser"],"picked":"SKIP","floor":3.0},{"not_picked":["SporeBomb","DoubleSpark"],"picked":"AlicesGift","floor":5.0},{"not_picked":["OrrerysSun","NonDirectionalLaser"],"picked":"GasGiant","floor":6.0},{"not_picked":["SporeBomb","FairyDestructionRay"],"picked":"6A","floor":7.0},{"not_picked":["NonDirectionalLaser","EventHorizon"],"picked":"GasGiant","floor":8.0},{"not_picked":["BlazeAway","OneTimeOff"],"picked":"SuperNova","floor":8.0},{"not_picked":["IllusionStar","FairyDestructionRay","Acceleration"],"picked":"SKIP","floor":10.0},{"not_picked":["GalacticHalo","GasGiant","DoubleSpark"],"picked":"SKIP","floor":11.0},{"not_picked":["PropBag","WitchLeyline","PowerUp"],"picked":"SKIP","floor":13.0},{"not_picked":["CollectingQuirk","BinaryStars"],"picked":"UltimateShortwave","floor":16.0},{"not_picked":["Acceleration+1","IllusionStar","Orbital"],"picked":"SKIP","floor":18.0},{"not_picked":["Robbery","ShootingEcho","SprinkleStarSeal"],"picked":"SKIP","floor":20},{"not_picked":["MysteriousBeam","DoubleSpark","WitchLeyline+1"],"picked":"SKIP","floor":21},{"not_picked":["NonDirectionalLaser","MysteriousBeam","Acceleration"],"picked":"SKIP","floor":22}],"player_experience":487429,"relics_obtained":[{"floor":6.0,"key":"Pocketwatch"},{"floor":10.0,"key":"REME_HourglassOfDeath"}],"event_choices":[{"damage_healed":0.0,"max_hp_gain":0.0,"max_hp_loss":0.0,"gold_gain":0.0,"event_name":"Upgrade Shrine","player_choice":"Upgraded","floor":4.0,"gold_loss":0.0,"damage_taken":0.0,"cards_upgraded":["Double Tap"]},{"damage_healed":0.0,"max_hp_gain":0.0,"max_hp_loss":7.0,"gold_gain":0.0,"event_name":"Golden Idol","player_choice":"Lose Max HP","floor":12.0,"gold_loss":0.0,"damage_taken":0.0,"relics_obtained":["Golden Idol"]},{"damage_healed":0.0,"max_hp_gain":0.0,"max_hp_loss":0.0,"gold_gain":0.0,"event_name":"Shining Light","player_choice":"Ignored","floor":14.0,"gold_loss":0.0,"damage_taken":0.0},{"damage_healed":0,"gold_gain":50,"player_choice":"Stole From Cult","damage_taken":0,"max_hp_gain":0,"max_hp_loss":0,"event_name":"Nest","floor":23,"gold_loss":0}],"is_beta":false,"boss_relics":[{"not_picked":["Astrolabe","BewitchedHakkero"],"picked":"Tiny House"}],"items_purged_floors":[8],"is_endless":false,"potions_floor_spawned":[1,10,11,16,21,22],"killed_by":"REME_1_Revenger","ascension_level":20}}