{"host":"nnt34ungdh9fkcmy","time":1611456473,"event":{"mods":["BaseMod","Downfall","Minty Spire (QoL Compilation)","StSLib","SuperFastMode"],"gold_per_floor":[99,112,132,143,163,163,163,194,208,220,109,9,44,44,62,162,162,62,72,72,72,82,82,82,114,130,30,15,47,64,98,109,204,204,204,214,233,233,247,247,247,8,8,229,260,260,260,290,308,308,308,308],"floor_reached":50,"language":"ENG","playtime":2905,"items_purged":["bronze:Defend","bronze:Philosophize+1"],"score":652,"play_id":"02bda963-dd59-4eec-be68-019e7454a04c","local_time":"20210123194753","is_ascension_mode":true,"campfire_choices":[{"floor":1.0,"key":"RECALL"},{"data":"bronze:Philosophize","floor":6.0,"key":"SMITH"},{"floor":12.0,"key":"REST"},{"data":"bronze:Hardcode","floor":18.0,"key":"SMITH"},{"data":"bronze:Mutator","floor":23.0,"key":"SMITH"},{"data":"expansioncontent:PolyBeam","floor":27.0,"key":"SMITH"},{"data":"bronze:Optimize","floor":35.0,"key":"SMITH"},{"data":"bronze:Iterate","floor":40.0,"key":"SMITH"},{"data":"bronze:Iterate","floor":43.0,"key":"SMITH"},{"data":"bronze:Terminator","floor":47.0,"key":"SMITH"}],"circlet_count":0,"master_deck":["bronze:Strike","bronze:Strike+1","bronze:Defend","bronze:Defend","bronze:Defend","bronze:Replicate","bronze:Goto","bronze:Iterate+1","bronze:Constructor","bronze:DelayedGuard","bronze:Iterate+1","bronze:CloningBeam+1","bronze:ClassDefault","expansioncontent:PolyBeam+1","bronze:Mutator+1","bronze:FunctionCard","bronze:ChosenStrike+1","bronze:Refactor","bronze:Constructor+1","bronze:OilSpill+1","bronze:Terminator+1","bronze:CleanCode","bronze:Deprecate+1","bronze:Fortify+1","bronze:Fortify+1","bronze:Terminator+1","bronze:OilSpill+1","expansioncontent:Chronoboost","expansioncontent:Chronoboost","expansioncontent:Chronoboost"],"relics":["bronze:BronzeCore","Eternal Feather","downfall:HeartBlessingRed","Whetstone","Philosopher\u0027s Stone","downfall:HeartBlessingGreen","Molten Egg 2","Art of War","downfall:HeartBlessingBlue","Sundial","Darkstone Periapt","Runic Pyramid","bronze:DecasWashers","Bronze Scales","Juzu Bracelet","Pen Nib"],"acts_visited":["Exordium","TheCity","TheBeyond"],"potions_floor_usage":[],"damage_taken":[{"damage":1.0,"enemies":"Cultist","floor":2.0,"turns":4.0},{"damage":6.0,"enemies":"Jaw Worm","floor":3.0,"turns":3.0},{"damage":0.0,"enemies":"Small Slimes","floor":4.0,"turns":3.0},{"damage":8.0,"enemies":"Blue Slaver","floor":5.0,"turns":4.0},{"damage":16.0,"enemies":"Lagavulin","floor":8.0,"turns":7.0},{"damage":0.0,"enemies":"Large Slime","floor":9.0,"turns":4.0},{"damage":12.0,"enemies":"Exordium Thugs","floor":10.0,"turns":5.0},{"damage":10.0,"enemies":"downfall:FleeingMerchant","floor":11.0,"turns":4.0},{"damage":9.0,"enemies":"3 Sentries","floor":13.0,"turns":7.0},{"damage":15.0,"enemies":"Gremlin Gang","floor":15.0,"turns":7.0},{"damage":16.0,"enemies":"DF_ARCHETYPE_STREAMLINE","floor":16.0,"turns":9.0},{"damage":6.0,"enemies":"Chosen","floor":19.0,"turns":4.0},{"damage":12.0,"enemies":"Snake Plant","floor":22.0,"turns":4.0},{"damage":23.0,"enemies":"Book of Stabbing","floor":25.0,"turns":5.0},{"damage":0.0,"enemies":"Snecko","floor":26.0,"turns":5.0},{"damage":0.0,"enemies":"downfall:FleeingMerchant","floor":28.0,"turns":4.0},{"damage":0.0,"enemies":"Gremlin Leader","floor":29.0,"turns":5.0},{"damage":11.0,"enemies":"Sentry and Sphere","floor":30.0,"turns":5.0},{"damage":15.0,"enemies":"Slavers","floor":31.0,"turns":6.0},{"damage":0.0,"enemies":"Snake Plant","floor":32.0,"turns":2.0},{"damage":22.0,"enemies":"SI_MIRROR_ARCHETYPE","floor":33.0,"turns":8.0},{"damage":0.0,"enemies":"Orb Walker","floor":36.0,"turns":2.0},{"damage":0.0,"enemies":"3 Shapes","floor":37.0,"turns":2.0},{"damage":0.0,"enemies":"Maw","floor":39.0,"turns":7.0},{"damage":0.0,"enemies":"downfall:FleeingMerchant","floor":42.0,"turns":4.0},{"damage":0.0,"enemies":"downfall:FleeingMerchant","floor":44.0,"turns":1.0},{"damage":1.0,"enemies":"Nemesis","floor":45.0,"turns":7.0},{"damage":26.0,"enemies":"Reptomancer","floor":48.0,"turns":6.0},{"damage":19.0,"enemies":"Sphere and 2 Shapes","floor":49.0,"turns":5.0},{"damage":59,"enemies":"IC_BLOCK_ARCHETYPE","floor":50,"turns":10}],"seed_played":"-1403610764381604297","potions_obtained":[{"floor":3.0,"key":"LiquidBronze"},{"floor":4.0,"key":"bronze:BurnAndBuffPotion"},{"floor":8.0,"key":"FearPotion"},{"floor":10.0,"key":"Strength Potion"},{"floor":25.0,"key":"Swift Potion"},{"floor":31.0,"key":"Swift Potion"},{"floor":32.0,"key":"Guardian:BlockOnCardUsePotion"},{"floor":37.0,"key":"champ:CounterPotion"},{"floor":48.0,"key":"PowerPotion"},{"floor":49.0,"key":"Fruit Juice"}],"is_trial":false,"path_per_floor":["R","M","M","M","M","R","T","E","M","M","$","R","E","?","M","B",null,"R","M","?","?","M","R","T","E","M","R","$","E","M","E","M","B",null,"R","M","M","?","M","R","T","$","R","$","E","?","R","E","M","B"],"character_chosen":"THE_AUTOMATON","items_purchased":["expansioncontent:PolyBeam","Bronze Scales","bronze:OilSpill+1"],"campfire_rested":1,"item_purchase_floors":[11,42,44],"current_hp_per_floor":[70,69,63,63,55,55,55,39,39,27,17,47,38,38,23,7,70,70,64,64,64,52,64,64,41,41,63,63,63,52,37,37,15,80,80,80,80,80,80,80,80,80,80,80,79,69,80,54,40,0,0,0],"gold":308,"neow_bonus":"REMOVE_CARD","is_daily":false,"chose_seed":false,"campfire_upgraded":8,"win_rate":0.0,"timestamp":1611456473,"path_taken":["R","M","M","M","?","R","T","E","M","M","$","R","E","?","M","BOSS","R","M","?","?","M","R","T","E","M","R","$","E","M","E","M","BOSS","R","M","M","?","M","R","T","$","R","$","E","?","R","E","M","BOSS"],"items_purchased_type":["Card","Relic","Card"],"build_version":"2020-12-22","purchased_purges":2,"victory":false,"max_hp_per_floor":[70,70,70,70,70,70,70,70,70,70,70,70,70,70,70,70,70,70,70,70,70,70,70,70,70,70,80,80,80,80,80,80,80,80,80,80,80,80,80,80,80,80,80,80,80,80,80,80,85,85,85,85],"card_choices":[{"not_picked":["bronze:BugBarrage","bronze:WildBeam"],"picked":"bronze:Iterate","floor":2.0},{"not_picked":["bronze:Boost","bronze:Branch"],"picked":"bronze:Constructor","floor":3.0},{"not_picked":["bronze:Constructor","bronze:BugBarrage"],"picked":"bronze:Philosophize","floor":4.0},{"not_picked":["bronze:DigitalCarnage","bronze:Iterate"],"picked":"bronze:DelayedGuard","floor":5.0},{"not_picked":["bronze:BuggyMess","bronze:Overload"],"picked":"bronze:Iterate","floor":8.0},{"not_picked":["bronze:DelayedSlice","bronze:FineTuning"],"picked":"bronze:CloningBeam","floor":9.0},{"not_picked":["bronze:DigitalCarnage","bronze:ItsAFeature"],"picked":"bronze:Optimize","floor":10.0},{"not_picked":["bronze:Iterate","bronze:FollowUp"],"picked":"bronze:ClassDefault","floor":11.0},{"not_picked":["bronze:Iterate","bronze:DelayedSlice"],"picked":"bronze:Mutator","floor":13.0},{"not_picked":["bronze:CutThrough","bronze:Overheat","bronze:NullPointer"],"picked":"SKIP","floor":15.0},{"not_picked":["bronze:BurnOut","bronze:SpaghettiCode"],"picked":"bronze:Hardcode","floor":16.0},{"not_picked":["bronze:BuggyMess","bronze:BugBarrage+1"],"picked":"bronze:ChosenStrike+1","floor":19.0},{"not_picked":["bronze:OilSpill+1","bronze:NullPointer+1","bronze:BronzeArmor"],"picked":"SKIP","floor":22.0},{"not_picked":["bronze:FineTuning","bronze:Format"],"picked":"bronze:Refactor","floor":25.0},{"not_picked":["bronze:DarkDash+1","bronze:Separator+1"],"picked":"bronze:Constructor+1","floor":26.0},{"not_picked":["bronze:BronzeOrb+1","bronze:BitShift+1"],"picked":"bronze:OilSpill+1","floor":28.0},{"not_picked":["bronze:BugBarrage+1","bronze:BitShift+1","bronze:WildBeam+1"],"picked":"SKIP","floor":29.0},{"not_picked":["bronze:OilSpill+1","bronze:BronzeOrb+1","bronze:Return"],"picked":"SKIP","floor":30.0},{"not_picked":["bronze:FollowUp+1","bronze:DarkDash+1","bronze:ShipIt+1"],"picked":"SKIP","floor":31.0},{"not_picked":["bronze:Boost","bronze:Overheat+1"],"picked":"bronze:Terminator","floor":32.0},{"not_picked":["bronze:Format","bronze:Mutator"],"picked":"bronze:CleanCode","floor":33.0},{"not_picked":["bronze:DelayedSlice+1","bronze:Iterate+1"],"picked":"bronze:Deprecate+1","floor":36.0},{"not_picked":["bronze:Deprecate+1","bronze:Branch+1"],"picked":"bronze:Fortify+1","floor":37.0},{"not_picked":["bronze:ChildClass+1","bronze:Fortify+1","bronze:Shield+1"],"picked":"SKIP","floor":39.0},{"not_picked":["bronze:WildBeam+1","bronze:CutThrough+1"],"picked":"bronze:Fortify+1","floor":42.0},{"not_picked":["bronze:Philosophize+1","bronze:BronzeOrb+1"],"picked":"bronze:Terminator+1","floor":44.0},{"not_picked":["bronze:AlphaBuild+1","bronze:DigitalCarnage+1","bronze:DarkDash+1"],"picked":"SKIP","floor":45.0},{"not_picked":["expansioncontent:YouAreMine","expansioncontent:LastStand"],"picked":"expansioncontent:Chronoboost","floor":46.0},{"not_picked":["expansioncontent:PolyBeam+1","expansioncontent:Hexaburn"],"picked":"expansioncontent:Chronoboost","floor":46.0},{"not_picked":["expansioncontent:PolyBeam+1","expansioncontent:LastStand"],"picked":"expansioncontent:Chronoboost","floor":46.0},{"not_picked":["bronze:Fortify+1","bronze:FollowUp+1","bronze:Shell"],"picked":"SKIP","floor":48.0},{"not_picked":["bronze:DelayedGuard+1","bronze:Frontload","bronze:Branch+1"],"picked":"SKIP","floor":49.0}],"player_experience":246827,"relics_obtained":[{"floor":8.0,"key":"Eternal Feather"},{"floor":13.0,"key":"Whetstone"},{"floor":24.0,"key":"Molten Egg 2"},{"floor":25.0,"key":"Art of War"},{"floor":29.0,"key":"Sundial"},{"floor":31.0,"key":"Darkstone Periapt"},{"floor":41.0,"key":"bronze:DecasWashers"},{"floor":45.0,"key":"Juzu Bracelet"},{"floor":48.0,"key":"Pen Nib"}],"event_choices":[{"cards_removed":["bronze:Strike"],"damage_healed":0.0,"max_hp_gain":0.0,"max_hp_loss":0.0,"gold_gain":0.0,"event_name":"The Cleric","player_choice":"Card Removal","floor":14.0,"gold_loss":0.0,"damage_taken":0.0},{"damage_healed":0.0,"max_hp_gain":0.0,"max_hp_loss":0.0,"gold_gain":0.0,"event_name":"Ghosts","player_choice":"Ignored","floor":21.0,"gold_loss":0.0,"damage_taken":0.0},{"cards_removed":["bronze:Optimize"],"damage_healed":0.0,"max_hp_gain":0.0,"max_hp_loss":0.0,"gold_gain":0.0,"event_name":"Falling","player_choice":"Removed Power","floor":38.0,"gold_loss":0.0,"damage_taken":0.0}],"is_beta":false,"boss_relics":[{"not_picked":["Snecko Eye","Fusion Hammer"],"picked":"Philosopher\u0027s Stone"},{"not_picked":["Pandora\u0027s Box","Busted Crown"],"picked":"Runic Pyramid"}],"items_purged_floors":[42,44],"is_endless":false,"potions_floor_spawned":[3,4,8,9,10,25,26,30,31,32,37,48,49],"killed_by":"IC_BLOCK_ARCHETYPE","ascension_level":1}}