{"host":"qhn6g0owdgjb77rz","time":1611481679,"event":{"mods":["BaseMod","BetterRewards","Colored Map","Downfall","Minty Spire (QoL Compilation)","Relic Sorter","StSLib"],"gold_per_floor":[99,109,109,109,284,184,184,5,5,5,22,47,67,98,113,113,113,113],"floor_reached":16,"language":"ENG","playtime":749,"items_purged":[],"score":108,"play_id":"00c8f096-f6f7-484a-81f2-0d75981f2deb","local_time":"20210124184759","is_ascension_mode":false,"campfire_choices":[{"floor":1.0,"key":"RECALL"},{"data":"bronze:DelayedSlice","floor":6.0,"key":"SMITH"}],"circlet_count":0,"master_deck":["bronze:Strike","bronze:Strike","bronze:Strike","bronze:Strike","bronze:Defend+1","bronze:Defend","bronze:Defend","bronze:Defend","bronze:Replicate+1","bronze:Goto+1","bronze:BronzeArmor","bronze:DelayedSlice+1","downfall:Malfunctioning","Regret","Doubt","bronze:ChosenStrike","expansioncontent:DashGenerateEvil+1","bronze:Repulsor","bronze:GetLatest","bronze:DelayedGuard","bronze:Boost","bronze:Overheat","bronze:FineTuning","bronze:Frontload"],"relics":["bronze:BronzeCore","Prayer Wheel","Bag of Marbles","downfall:HeartBlessingRed","hexamod:BolsterEngine","Bottled Lightning","Mercury Hourglass","Blood Vial"],"acts_visited":["Exordium"],"potions_floor_usage":[12,16,16],"damage_taken":[{"damage":1.0,"enemies":"Jaw Worm","floor":2.0,"turns":3.0},{"damage":9,"enemies":"downfall:FleeingMerchant","floor":8,"turns":4},{"damage":0,"enemies":"Small Slimes","floor":11,"turns":2},{"damage":25,"enemies":"Lagavulin","floor":12,"turns":5},{"damage":0,"enemies":"2 Louse","floor":13,"turns":1},{"damage":10,"enemies":"3 Sentries","floor":14,"turns":5},{"damage":0,"enemies":"Large Slime","floor":15,"turns":2},{"damage":20,"enemies":"WA_ARCHETYPE_RETAIN","floor":16,"turns":4}],"seed_played":"1552879896339653782","potions_obtained":[{"floor":11,"key":"ColorlessPotion"},{"floor":12,"key":"SteroidPotion"},{"floor":14,"key":"Ancient Potion"}],"is_trial":false,"path_per_floor":["R","M","?","?","?","R","T","$","?","T","M","E","M","E","M","B"],"character_chosen":"THE_AUTOMATON","items_purchased":["expansioncontent:DashGenerateEvil+1"],"campfire_rested":0,"item_purchase_floors":[8],"current_hp_per_floor":[63,62,62,62,62,62,62,53,46,46,46,21,21,11,13,0,0,0],"gold":113,"neow_bonus":"ONE_RARE_RELIC","is_daily":false,"chose_seed":false,"campfire_upgraded":1,"win_rate":0.0,"timestamp":1611481679,"path_taken":["R","M","?","?","?","R","T","$","?","?","?","E","M","E","M","BOSS"],"items_purchased_type":["Card"],"build_version":"2020-12-22","purchased_purges":0,"victory":false,"max_hp_per_floor":[63,63,63,63,63,63,63,63,63,63,63,63,63,63,63,63,63,63],"card_choices":[{"not_picked":["bronze:Shield","bronze:ChildClass"],"picked":"bronze:BronzeArmor","floor":2.0},{"not_picked":["bronze:Turbo","bronze:Shell"],"picked":"bronze:DelayedSlice","floor":2.0},{"not_picked":["bronze:ForceShield","bronze:WildBeam"],"picked":"bronze:ChosenStrike","floor":8},{"not_picked":["bronze:ItsAFeature","bronze:CloningBeam"],"picked":"bronze:Repulsor","floor":11},{"not_picked":["bronze:WildBeam","bronze:ForceShield"],"picked":"bronze:GetLatest","floor":11},{"not_picked":["bronze:Allocate","bronze:Iterate"],"picked":"bronze:DelayedGuard","floor":12},{"not_picked":["bronze:Shield","bronze:Safeguard"],"picked":"bronze:Boost","floor":13},{"not_picked":["bronze:Turbo","bronze:ForLoop"],"picked":"bronze:Overheat","floor":13},{"not_picked":["bronze:Overheat","bronze:Deprecate"],"picked":"bronze:FineTuning","floor":14},{"not_picked":["bronze:CutThrough","bronze:DelayedGuard"],"picked":"bronze:Frontload","floor":15},{"not_picked":["bronze:Overheat","bronze:BurnOut","bronze:BitShift"],"picked":"SKIP","floor":15}],"player_experience":637308,"relics_obtained":[{"floor":10,"key":"Bottled Lightning"},{"floor":12,"key":"Mercury Hourglass"},{"floor":14,"key":"Blood Vial"}],"event_choices":[{"damage_healed":0.0,"max_hp_gain":0.0,"max_hp_loss":0.0,"gold_gain":0.0,"event_name":"Big Fish","player_choice":"Box","floor":4.0,"gold_loss":0.0,"damage_taken":0.0,"relics_obtained":["Bag of Marbles"],"cards_obtained":["Regret"]},{"damage_healed":0,"gold_gain":0,"player_choice":"Success","damage_taken":7,"relics_obtained":["hexamod:BolsterEngine"],"max_hp_gain":0,"max_hp_loss":0,"event_name":"Scrap Ooze","floor":9,"gold_loss":0}],"is_beta":false,"boss_relics":[],"items_purged_floors":[],"is_endless":false,"potions_floor_spawned":[11,12,14],"killed_by":"WA_ARCHETYPE_RETAIN","ascension_level":0}}