{"host":"18wi9kpcl4eah7pe","time":1611527509,"event":{"mods":["BaseMod","Colored Powertips","Downfall","Minty Spire (QoL Compilation)","StSLib"],"gold_per_floor":[99,58,233,233,233,313,313,343,343,678,828,841,541,556,573,573,573,573],"floor_reached":16,"language":"ENG","playtime":455,"items_purged":[],"score":106,"play_id":"fdef56ae-db83-41e1-ac94-7793da9f811b","local_time":"20210124163149","is_ascension_mode":false,"campfire_choices":[{"floor":1,"key":"RECALL"},{"floor":13,"key":"REST"}],"circlet_count":0,"master_deck":["sneckomod:Strike","sneckomod:Strike","sneckomod:Strike","sneckomod:Defend","sneckomod:Defend","sneckomod:Defend","sneckomod:TailWhip","sneckomod:SnekBite","sneckomod:Unknown","sneckomod:Unknown","sneckomod:UnknownCommonAttack","sneckomod:SnakeSap","sneckomod:UnknownWeak","sneckomod:UnknownDexterity","sneckomod:UnknownDexterity","sneckomod:Unknown1Cost","sneckomod:UnknownStrength","sneckomod:DangerNoodle","sneckomod:UnknownCommonAttack"],"relics":["sneckomod:SneckoSoul","downfall:HeartsMalice","Sundial","Omamori","Old Coin","downfall:HeartBlessingGreen","downfall:HeartBlessingBlue","downfall:HeartBlessingRed"],"acts_visited":["Exordium"],"potions_floor_usage":[14,14],"damage_taken":[{"damage":0,"enemies":"downfall:FleeingMerchant","floor":2,"turns":1},{"damage":0,"enemies":"Cultist","floor":4,"turns":1},{"damage":0,"enemies":"Jaw Worm","floor":5,"turns":1},{"damage":35,"enemies":"Gremlin Nob","floor":8,"turns":5},{"damage":39,"enemies":"3 Sentries","floor":10,"turns":6},{"damage":4,"enemies":"Small Slimes","floor":12,"turns":5},{"damage":4,"enemies":"Exordium Wildlife","floor":14,"turns":3},{"damage":17,"enemies":"Blue Slaver","floor":15,"turns":4},{"damage":65,"enemies":"SI_SHIV_ARCHETYPE","floor":16,"turns":10}],"seed_played":"1872426446945119834","potions_obtained":[{"floor":8,"key":"FairyPotion"},{"floor":10,"key":"PowerPotion"},{"floor":12,"key":"Energy Potion"}],"is_trial":false,"path_per_floor":["R","$","?","M","M","T","T","E","?","E","?","M","R","M","M","B"],"character_chosen":"THE_SNECKO","items_purchased":["sneckomod:SnakeSap"],"campfire_rested":1,"item_purchase_floors":[2],"current_hp_per_floor":[90,90,90,90,90,90,90,55,55,16,16,12,52,48,31,0,0,0],"gold":573,"neow_bonus":"THREE_ENEMY_KILL","is_daily":false,"chose_seed":false,"campfire_upgraded":0,"win_rate":0.0,"timestamp":1611527509,"path_taken":["R","$","?","M","M","?","T","E","?","E","?","?","R","M","M","BOSS"],"items_purchased_type":["Card"],"build_version":"2020-12-22","purchased_purges":0,"victory":false,"max_hp_per_floor":[90,90,90,90,90,90,90,90,90,90,90,90,100,100,100,100,100,100],"card_choices":[{"not_picked":["sneckomod:UnknownDraw","sneckomod:UnknownWeak"],"picked":"sneckomod:UnknownCommonAttack","floor":2},{"not_picked":["sneckomod:RainOfDice","sneckomod:UnknownX"],"picked":"sneckomod:UnknownWeak","floor":4},{"not_picked":["sneckomod:ImprovisedGuard","sneckomod:QuickBite"],"picked":"sneckomod:UnknownDexterity","floor":5},{"not_picked":["sneckomod:TrashToTreasure","sneckomod:DiceBoulder"],"picked":"sneckomod:UnknownDexterity","floor":8},{"not_picked":["sneckomod:PureSnecko","sneckomod:Nope"],"picked":"sneckomod:Unknown1Cost","floor":10},{"not_picked":["sneckomod:UnknownUncommonPower","sneckomod:SoulCleanse"],"picked":"sneckomod:UnknownStrength","floor":12},{"not_picked":["sneckomod:DiceBlock","sneckomod:UnknownWeak"],"picked":"sneckomod:DangerNoodle","floor":14},{"not_picked":["sneckomod:QuickBite","sneckomod:IronFang"],"picked":"sneckomod:UnknownCommonAttack","floor":15}],"player_experience":952336,"relics_obtained":[{"floor":7,"key":"Sundial"},{"floor":8,"key":"Omamori"},{"floor":10,"key":"Old Coin"}],"event_choices":[{"cards_removed":["Doubt"],"damage_healed":0,"gold_gain":0,"player_choice":"Forget","damage_taken":0,"max_hp_gain":0,"max_hp_loss":0,"event_name":"Living Wall","floor":9,"gold_loss":0}],"is_beta":false,"boss_relics":[],"items_purged_floors":[],"is_endless":false,"potions_floor_spawned":[8,10,12],"killed_by":"SI_SHIV_ARCHETYPE","ascension_level":0}}