{"host":"zekcc3vicrep0och","time":1611518004,"event":{"mods":["AchievementEnabler","BaseMod","Colored Map","Colored Powertips","Displayed Cursed Tome","Highlight Path","Minty Spire (QoL Compilation)","Quick Restart","Relic Stats","StSLib","The Cursed"],"gold_per_floor":[112,1,20,20,20,20,49,49,73,102,177,204,217,44,44,116,116,127,127,127],"floor_reached":19,"language":"ENG","playtime":729,"items_purged":[],"score":357,"play_id":"bf243ef1-d0a5-4768-ae63-d318ec3171b2","local_time":"20210124225324","is_ascension_mode":true,"campfire_choices":[{"data":"Armaments","floor":6.0,"key":"SMITH"},{"floor":8.0,"key":"REST"},{"data":"Flame Barrier","floor":15.0,"key":"SMITH"}],"circlet_count":0,"master_deck":["AscendersBane","Strike_R","Strike_R+1","Strike_R","Strike_R","Strike_R","Defend_R","Defend_R","Defend_R","Defend_R","Bash","Parasite","Armaments+1","Heavy Blade","Flame Barrier+1","Headbutt","Cleave+1","Uppercut","Barricade","Entrench"],"relics":["Black Blood","Charon\u0027s Ashes","Dead Branch","Bag of Marbles","Whetstone","StrikeDummy","Strawberry","HandDrill"],"acts_visited":["Exordium","TheCity"],"potions_floor_usage":[18],"damage_taken":[{"damage":8.0,"enemies":"2 Louse","floor":1.0,"turns":5.0},{"damage":1.0,"enemies":"Small Slimes","floor":3.0,"turns":4.0},{"damage":35.0,"enemies":"Lagavulin","floor":7.0,"turns":8.0},{"damage":14.0,"enemies":"3 Sentries","floor":10.0,"turns":6.0},{"damage":30.0,"enemies":"Lagavulin","floor":12.0,"turns":5.0},{"damage":2.0,"enemies":"Jaw Worm","floor":13.0,"turns":4.0},{"damage":33.0,"enemies":"The Guardian","floor":16.0,"turns":15.0},{"damage":25,"enemies":"Shell Parasite","floor":18,"turns":4},{"damage":33,"enemies":"Spheric Guardian","floor":19,"turns":5}],"seed_played":"-5507190542093450800","potions_obtained":[{"floor":7.0,"key":"BloodPotion"},{"floor":16.0,"key":"ColorlessPotion"}],"is_trial":false,"path_per_floor":["M","$","M","?","?","R","E","R","T","E","?","E","M","$","R","B",null,"M","M"],"character_chosen":"IRONCLAD","items_purchased":["Heavy Blade","Flame Barrier","HandDrill"],"campfire_rested":1,"item_purchase_floors":[2,2,14],"current_hp_per_floor":[66,66,71,60,60,60,31,53,53,60,49,32,36,36,36,9,64,51,18,18],"gold":127,"neow_bonus":"ONE_RARE_RELIC","is_daily":false,"chose_seed":false,"campfire_upgraded":2,"win_rate":0.0,"timestamp":1611518004,"path_taken":["M","$","M","?","?","R","E","R","T","E","?","E","M","?","R","BOSS","M","M"],"items_purchased_type":["Card","Card","Relic"],"build_version":"2020-12-22","purchased_purges":0,"victory":false,"max_hp_per_floor":[75,75,75,75,75,75,75,75,75,75,75,82,82,82,82,82,82,82,82,82],"relic_stats":{"counters":[9,56],"Dead Branch":[16],"Black Blood":54,"Charon\u0027s Ashes":[62],"HandDrill":[10],"Whetstone":["Strike_R","Cleave"],"obtain_stats":[{"Dead Branch":4,"Strawberry":12,"Black Blood":17,"Charon\u0027s Ashes":0,"Bag of Marbles":7,"HandDrill":14,"Whetstone":9,"StrikeDummy":10,"Burning Blood":0},{"Dead Branch":2,"Strawberry":5,"Black Blood":7,"Charon\u0027s Ashes":0,"Bag of Marbles":3,"HandDrill":6,"Whetstone":3,"StrikeDummy":4,"Burning Blood":0},{"Dead Branch":9,"Strawberry":28,"Black Blood":47,"Charon\u0027s Ashes":0,"Bag of Marbles":17,"HandDrill":32,"Whetstone":17,"StrikeDummy":23,"Burning Blood":0}]},"card_choices":[{"not_picked":["Evolve","Wild Strike"],"picked":"Armaments","floor":1.0},{"not_picked":["Armaments","Thunderclap"],"picked":"Headbutt","floor":3.0},{"not_picked":["Metallicize","Second Wind"],"picked":"Cleave","floor":7.0},{"not_picked":["Headbutt","Flame Barrier","Warcry"],"picked":"SKIP","floor":10.0},{"not_picked":["Flame Barrier","Armaments"],"picked":"Uppercut","floor":12.0},{"not_picked":["Pommel Strike","Headbutt","True Grit"],"picked":"SKIP","floor":13.0},{"not_picked":["Immolate","Brutality"],"picked":"Barricade","floor":16.0},{"not_picked":["Fire Breathing","Sword Boomerang"],"picked":"Entrench","floor":18}],"player_experience":552859,"relics_obtained":[{"floor":7.0,"key":"Bag of Marbles"},{"floor":9.0,"key":"Whetstone"},{"floor":10.0,"key":"StrikeDummy"},{"floor":12.0,"key":"Strawberry"}],"event_choices":[{"damage_healed":0.0,"max_hp_gain":0.0,"max_hp_loss":0.0,"gold_gain":0.0,"event_name":"Scrap Ooze","player_choice":"Success","floor":4.0,"gold_loss":0.0,"damage_taken":11.0,"relics_obtained":["Dead Branch"]},{"damage_healed":0.0,"max_hp_gain":0.0,"max_hp_loss":0.0,"gold_gain":0.0,"event_name":"Liars Game","player_choice":"Ignored","floor":5.0,"gold_loss":0.0,"damage_taken":0.0},{"damage_healed":0.0,"max_hp_gain":0.0,"max_hp_loss":0.0,"gold_gain":75.0,"event_name":"World of Goop","player_choice":"Gather Gold","floor":11.0,"gold_loss":0.0,"damage_taken":11.0}],"is_beta":false,"boss_relics":[{"not_picked":["SacredBark","SlaversCollar"],"picked":"Black Blood"}],"items_purged_floors":[],"is_endless":false,"potions_floor_spawned":[7,16],"killed_by":"Spheric Guardian","ascension_level":19}}