{"host":"5i902d4kyq17lzic","time":1611470405,"event":{"mods":["BaseMod","BetterRewards","Colored Powertips","Dio Mod","Duelist Mod","Hermit","Minty Spire (QoL Compilation)","Shop Mod","StSLib","Td1madao Mod","The Cursed","The Marked","The Problem Sleuth","The Sage","The Servant 0.9.4"],"gold_per_floor":[119,119,67,85,260,260,273,297,322,272,297,297,297,30,30,30,30],"floor_reached":16,"language":"ENG","playtime":770,"items_purged":[],"score":90,"play_id":"560bbb90-a612-4799-b2eb-e93629c62f27","local_time":"20210123224005","is_ascension_mode":false,"campfire_choices":[{"data":"Bite","floor":6,"key":"SMITH"},{"data":"dioMod:LaserVision","floor":12,"key":"SMITH"},{"floor":15,"key":"REST"}],"circlet_count":0,"master_deck":["dioMod:Strike","dioMod:Strike","dioMod:Strike","dioMod:Strike","Bite+1","dioMod:Defend","dioMod:Defend","dioMod:Defend","dioMod:Defend","dioMod:Donut","dioMod:LaserVision+1","dioMod:TripleThreat","dioMod:BlendIn","dioMod:Freeze","dioMod:DominatingPresence","dioMod:VengefulMuda","dioMod:GoodbyeJojo"],"relics":["dioMod:VampireBlood","Golden Idol","MerchantsRug"],"acts_visited":["Exordium"],"potions_floor_usage":[11,11,16],"damage_taken":[{"damage":10,"enemies":"2 Louse","floor":1,"turns":3},{"damage":3,"enemies":"Small Slimes","floor":4,"turns":3},{"damage":18,"enemies":"Jaw Worm","floor":7,"turns":4},{"damage":17,"enemies":"Looter","floor":8,"turns":4},{"damage":21,"enemies":"Large Slime","floor":11,"turns":10},{"damage":77,"enemies":"The Guardian","floor":16,"turns":10}],"seed_played":"-7171128213144441578","potions_obtained":[{"floor":1,"key":"LiquidMemories"},{"floor":8,"key":"Weak Potion"},{"floor":11,"key":"LiquidBronze"}],"is_trial":false,"path_per_floor":["M","?","$","M","?","R","M","M","T","?","M","R","?","$","R","B"],"character_chosen":"THE_DEFAULT","items_purchased":["dioMod:LaserVision","MerchantsRug","dioMod:VengefulMuda","dioMod:GoodbyeJojo"],"campfire_rested":1,"item_purchase_floors":[3,14,14,14],"current_hp_per_floor":[80,60,60,65,65,65,56,48,48,48,45,45,45,45,69,0,0],"gold":30,"neow_bonus":"TEN_PERCENT_HP_BONUS","is_daily":false,"chose_seed":false,"campfire_upgraded":2,"win_rate":0.0,"timestamp":1611470405,"path_taken":["M","?","$","M","?","R","M","M","T","?","M","R","?","?","R","BOSS"],"items_purchased_type":["Card","Relic","Card","Card"],"build_version":"2020-12-22","purchased_purges":0,"victory":false,"max_hp_per_floor":[82,82,82,82,82,82,82,82,82,82,82,82,82,82,82,82,82],"card_choices":[{"not_picked":["dioMod:GoodbyeJojo","dioMod:DominatingPresence"],"picked":"dioMod:Donut","floor":1},{"not_picked":["dioMod:LaserVision","dioMod:Hiss"],"picked":"dioMod:TripleThreat","floor":4},{"not_picked":["dioMod:Minions","dioMod:CautiousMuda"],"picked":"dioMod:BlendIn","floor":7},{"not_picked":["dioMod:Muda","dioMod:DoubleTime"],"picked":"dioMod:Freeze","floor":8},{"not_picked":["dioMod:SadisticLaugh","dioMod:Hiss"],"picked":"dioMod:DominatingPresence","floor":11}],"player_experience":32869,"relics_obtained":[],"event_choices":[{"damage_healed":0,"gold_gain":0,"player_choice":"Take Damage","damage_taken":20,"relics_obtained":["Golden Idol"],"max_hp_gain":0,"max_hp_loss":0,"event_name":"Golden Idol","floor":2,"gold_loss":0},{"damage_healed":0,"gold_gain":175,"player_choice":"AGREE","damage_taken":0,"max_hp_gain":0,"max_hp_loss":0,"event_name":"Liars Game","floor":5,"gold_loss":0,"cards_obtained":["Doubt"]},{"cards_removed":["Doubt"],"damage_healed":0,"gold_gain":0,"player_choice":"Card Removal","damage_taken":0,"max_hp_gain":0,"max_hp_loss":0,"event_name":"The Cleric","floor":10,"gold_loss":50},{"damage_healed":0,"gold_gain":0,"player_choice":"Fled","damage_taken":0,"max_hp_gain":0,"max_hp_loss":0,"event_name":"Scrap Ooze","floor":13,"gold_loss":0}],"is_beta":false,"boss_relics":[],"items_purged_floors":[],"is_endless":false,"potions_floor_spawned":[1,8,11],"killed_by":"The Guardian","ascension_level":0}}