{"host":"2se5dq1do2gp0x9k","time":1611460349,"event":{"mods":["AchievementEnabler","BaseMod","Block Reminder","Colored Map","Colored Powertips","Minty Spire (QoL Compilation)","Relic Stats","StSLib","SuperFastMode"],"gold_per_floor":[115,128,140,215,229,229,229],"floor_reached":6,"language":"ENG","playtime":243,"items_purged":[],"score":76,"play_id":"698b12d8-9b57-42d2-a43a-8f659d51b5f4","local_time":"20210123195229","is_ascension_mode":true,"campfire_choices":[],"circlet_count":0,"master_deck":["AscendersBane","Strike_G","Strike_G","Strike_G","Strike_G","Strike_G","Defend_G","Defend_G","Defend_G","Defend_G","Defend_G","Survivor","Neutralize","Flying Knee","Noxious Fumes","Backstab","Bane"],"relics":["Coffee Dripper"],"acts_visited":["Exordium"],"potions_floor_usage":[5],"damage_taken":[{"damage":0,"enemies":"Jaw Worm","floor":1,"turns":4},{"damage":4,"enemies":"2 Louse","floor":2,"turns":2},{"damage":8,"enemies":"Small Slimes","floor":3,"turns":4},{"damage":10,"enemies":"Gremlin Gang","floor":5,"turns":7},{"damage":27,"enemies":"3 Sentries","floor":6,"turns":8}],"seed_played":"7012600121866531339","potions_obtained":[{"floor":3,"key":"GamblersBrew"},{"floor":5,"key":"SteroidPotion"}],"is_trial":false,"path_per_floor":["M","M","M","?","M","E"],"character_chosen":"THE_SILENT","items_purchased":[],"campfire_rested":0,"item_purchase_floors":[],"current_hp_per_floor":[59,55,47,36,26,0,0],"gold":229,"neow_bonus":"BOSS_RELIC","is_daily":false,"chose_seed":false,"campfire_upgraded":0,"win_rate":0.0,"timestamp":1611460349,"path_taken":["M","M","M","?","M","E"],"items_purchased_type":[],"build_version":"2020-12-22","purchased_purges":0,"victory":false,"max_hp_per_floor":[66,66,66,66,66,66,66],"relic_stats":{"counters":[5,25],"obtain_stats":[{"Coffee Dripper":0,"Ring of the Snake":0},{"Coffee Dripper":0,"Ring of the Snake":0},{"Coffee Dripper":0,"Ring of the Snake":0}]},"card_choices":[{"not_picked":["Expertise","Terror"],"picked":"Flying Knee","floor":1},{"not_picked":["Terror","Slice"],"picked":"Noxious Fumes","floor":2},{"not_picked":["Blade Dance","Underhanded Strike"],"picked":"Backstab","floor":3},{"not_picked":["Dodge and Roll","Accuracy"],"picked":"Bane","floor":5}],"player_experience":3943377,"relics_obtained":[],"event_choices":[{"damage_healed":0,"gold_gain":75,"player_choice":"Gather Gold","damage_taken":11,"max_hp_gain":0,"max_hp_loss":0,"event_name":"World of Goop","floor":4,"gold_loss":0}],"is_beta":false,"boss_relics":[],"items_purged_floors":[],"is_endless":false,"potions_floor_spawned":[3,5],"killed_by":"3 Sentries","ascension_level":20}}