{"host":"mep2b6vzdxhg46zq","time":1611508419,"event":{"mods":["Aspiration","Bard","BaseMod","Hermit","Hubris","Minty Spire (QoL Compilation)","READ ME - Guardian Mod","Random Character Button","Shade Mod","StSLib","The Animator","The Blackbeard","The Bladedancer","The Clintock","The Cursed","The Disciple","The Exalted","The Forsaken","The Judge","The Runesmith","vexMod"],"gold_per_floor":[116,135,148,148,161,161,10,28,79,79,114,37,37,55,55,150,150,167,46,49,49,2,2,2,2],"floor_reached":24,"language":"ENG","playtime":2263,"items_purged":[],"score":246,"play_id":"03a49c89-43c9-47b6-82b3-4abbf0062cbc","local_time":"20210124171339","is_ascension_mode":false,"campfire_choices":[{"floor":10,"key":"REST"},{"floor":15,"key":"REST"},{"floor":23,"key":"REST"}],"circlet_count":0,"master_deck":["Strike_Br","Strike_Br","Strike_Br","Strike_Br","Defend_Br","Defend_Br","Defend_Br","Defend_Br","SecondHand","PatternShift","ReapSow+8","VestedLegacy","LockedAnchor","BiteCommand","Chronoelasticity","Allegro","AlternateTimeline","Goo","ReapSow","LockedFlame","LockedBlood+1","Accruing","PrimeTime","BiteCommand","Good Instincts","CrunchTime"],"relics":["Chronometer","hubris:ToyBattleship","Question Card","vexMod:BigBerry"],"acts_visited":["Exordium","TheCity"],"potions_floor_usage":[11,16,16,24,24],"damage_taken":[{"damage":9,"enemies":"Jaw Worm","floor":1,"turns":7},{"damage":0,"enemies":"2 Louse","floor":2,"turns":3},{"damage":1,"enemies":"Small Slimes","floor":3,"turns":7},{"damage":19,"enemies":"Gremlin Gang","floor":5,"turns":5},{"damage":10,"enemies":"Looter","floor":8,"turns":4},{"damage":18,"enemies":"3 Sentries","floor":11,"turns":9},{"damage":9,"enemies":"Blue Slaver","floor":14,"turns":5},{"damage":13,"enemies":"Slime Boss","floor":16,"turns":12},{"damage":58,"enemies":"3 Byrds","floor":18,"turns":9},{"damage":26,"enemies":"2 Thieves","floor":20,"turns":5},{"damage":63,"enemies":"Gremlin Leader","floor":24,"turns":6}],"seed_played":"3328300150455244226","potions_obtained":[{"floor":2,"key":"SteroidPotion"},{"floor":11,"key":"Regen Potion"},{"floor":14,"key":"EssenceOfSteel"},{"floor":16,"key":"ColorlessPotion"},{"floor":20,"key":"Fruit Juice"}],"is_trial":false,"path_per_floor":["M","M","M","?","M","?","$","M","T","R","E","$","?","M","R","B",null,"M","$","M","?","$","R","E"],"character_chosen":"CHRONO_CLASS","items_purchased":["Chronoelasticity","Goo","Accruing","PrimeTime","CrunchTime"],"campfire_rested":3,"item_purchase_floors":[7,12,19,19,22],"current_hp_per_floor":[62,62,61,66,47,47,47,37,37,59,41,41,41,32,54,56,106,48,48,31,13,13,44,0,0],"gold":2,"neow_bonus":"TEN_PERCENT_HP_BONUS","is_daily":false,"chose_seed":false,"campfire_upgraded":0,"win_rate":0.0,"timestamp":1611508419,"path_taken":["M","M","M","?","M","?","$","M","T","R","E","$","?","?","R","BOSS","M","$","M","?","$","R","E"],"items_purchased_type":["Card","Card","Card","Card","Card"],"build_version":"2020-12-22","purchased_purges":0,"victory":false,"max_hp_per_floor":[71,71,71,76,76,76,76,76,76,76,76,76,76,76,76,76,106,106,106,106,106,106,106,111,111],"card_choices":[{"not_picked":["BlueShift","Engulf"],"picked":"ReapSow","floor":1},{"not_picked":["Echoward","HandsUpB"],"picked":"VestedLegacy","floor":2},{"not_picked":["LockedBlood","LockedUrn"],"picked":"LockedAnchor","floor":3},{"not_picked":["BlueShift","Echoward"],"picked":"BiteCommand","floor":5},{"not_picked":["ExoVibe","LockedCalendar"],"picked":"Tempo","floor":8},{"not_picked":["FormalWear","HandsUpB"],"picked":"AlternateTimeline","floor":11},{"not_picked":["LockedUrn","Parity","ExoVibe"],"picked":"ReapSow","floor":14},{"not_picked":["Echonomics","MasterKey","OracleForm"],"picked":"LockedFlame","floor":16},{"not_picked":["CrunchTime","Recurrance","HandsUpB"],"picked":"LockedBlood+1","floor":18},{"not_picked":["LockedScales","LockedAnchor","AlternateTimeline"],"picked":"BiteCommand","floor":20}],"player_experience":33563,"relics_obtained":[{"floor":9,"key":"hubris:ToyBattleship"},{"floor":11,"key":"Question Card"}],"event_choices":[{"damage_healed":0,"gold_gain":0,"player_choice":"Donut","damage_taken":0,"max_hp_gain":5,"max_hp_loss":0,"event_name":"Big Fish","floor":4,"gold_loss":0},{"damage_healed":0,"gold_gain":0,"player_choice":"Ignored","damage_taken":0,"max_hp_gain":0,"max_hp_loss":0,"event_name":"Liars Game","floor":13,"gold_loss":0},{"damage_healed":0,"gold_gain":0,"player_choice":"CARD POTION ","damage_taken":18,"max_hp_gain":0,"max_hp_loss":0,"event_name":"Knowing Skull","floor":21,"potions_obtained":["Strength Potion"],"gold_loss":0,"cards_obtained":["Good Instincts"]}],"is_beta":false,"boss_relics":[{"not_picked":["Snecko Eye","Cursed Key"],"picked":"vexMod:BigBerry"}],"items_purged_floors":[],"is_endless":false,"potions_floor_spawned":[2,11,14,16,20],"killed_by":"Gremlin Leader","ascension_level":0}}