{"host":"ebj6lkgm8suah319","time":1611502948,"event":{"mods":["2.2 Compatiblity","AchievementEnabler","BaseMod","Block Reminder","Colored Map","Colored Powertips","Minty Spire (QoL Compilation)","Quick Restart","Rare Cards Sparkle","Relic Stats","SuperFastMode"],"gold_per_floor":[112,37,37,49,49,81,97,3,3,3,3,36,56,88,88,88,88],"floor_reached":16,"language":"ENG","playtime":351,"items_purged":["Regret"],"score":230,"play_id":"778e4150-9781-4c11-82ae-2b51d33c340a","local_time":"20210124104228","is_ascension_mode":true,"campfire_choices":[{"data":"Apotheosis","floor":11.0,"key":"SMITH"},{"data":"Inflame","floor":15.0,"key":"SMITH"}],"circlet_count":0,"master_deck":["AscendersBane","Strike_R","Strike_R","Strike_R","Strike_R","Strike_R","Defend_R","Defend_R","Defend_R","Defend_R","Bash","Apotheosis+1","Body Slam","Entrench","Pummel","Carnage","Inflame+1","Pommel Strike","Battle Trance","Dark Embrace","Whirlwind"],"relics":["Burning Blood","Charon\u0027s Ashes","Meat on the Bone","Mercury Hourglass","Question Card","Toy Ornithopter"],"acts_visited":["Exordium"],"potions_floor_usage":[16],"damage_taken":[{"damage":22.0,"enemies":"Jaw Worm","floor":1.0,"turns":5.0},{"damage":6.0,"enemies":"Small Slimes","floor":4.0,"turns":4.0},{"damage":12.0,"enemies":"Lagavulin","floor":6.0,"turns":7.0},{"damage":1.0,"enemies":"Cultist","floor":7.0,"turns":3.0},{"damage":1.0,"enemies":"3 Sentries","floor":12.0,"turns":4.0},{"damage":0.0,"enemies":"3 Louse","floor":13.0,"turns":2.0},{"damage":32.0,"enemies":"Lagavulin","floor":14.0,"turns":4.0},{"damage":72,"enemies":"Hexaghost","floor":16,"turns":11}],"seed_played":"-8692062796247924556","potions_obtained":[{"floor":1.0,"key":"Explosive Potion"},{"floor":7.0,"key":"SkillPotion"},{"floor":13.0,"key":"BloodPotion"}],"is_trial":false,"path_per_floor":["M","$","?","M","?","E","M","$","T","?","R","E","M","E","R","B"],"character_chosen":"IRONCLAD","items_purchased":["Inflame","Pommel Strike"],"campfire_rested":0,"item_purchase_floors":[8,8],"current_hp_per_floor":[52,52,52,52,57,51,56,56,56,51,51,56,62,48,48,0,0],"gold":88,"neow_bonus":"RANDOM_COLORLESS_2","is_daily":false,"chose_seed":false,"campfire_upgraded":2,"win_rate":0.0,"timestamp":1611502948,"path_taken":["M","$","?","M","?","E","M","?","T","?","R","E","M","E","R","BOSS"],"items_purchased_type":["Card","Card"],"build_version":"2020-12-22","purchased_purges":1,"victory":false,"max_hp_per_floor":[75,75,75,75,80,80,80,80,80,80,80,80,80,80,80,80,80],"relic_stats":{"counters":[8,40],"Charon\u0027s Ashes":[58],"Question Card":2,"obtain_stats":[{"Charon\u0027s Ashes":6,"Question Card":12,"Burning Blood":0,"Toy Ornithopter":14,"Meat on the Bone":9,"Mercury Hourglass":10},{"Charon\u0027s Ashes":3,"Question Card":5,"Burning Blood":0,"Toy Ornithopter":7,"Meat on the Bone":4,"Mercury Hourglass":4},{"Charon\u0027s Ashes":16,"Question Card":23,"Burning Blood":0,"Toy Ornithopter":29,"Meat on the Bone":19,"Mercury Hourglass":19}],"Burning Blood":42,"Toy Ornithopter":5,"Meat on the Bone":12,"Mercury Hourglass":[81]},"card_choices":[{"not_picked":["Secret Technique","Mayhem"],"picked":"Apotheosis","floor":0.0},{"not_picked":["Evolve","Burning Pact"],"picked":"Body Slam","floor":1.0},{"not_picked":["Wild Strike","Rupture"],"picked":"Entrench","floor":4.0},{"not_picked":["Infernal Blade","Second Wind"],"picked":"Pummel","floor":6.0},{"not_picked":["Cleave","Flex"],"picked":"Carnage","floor":7.0},{"not_picked":["Havoc","Anger"],"picked":"Battle Trance","floor":12.0},{"not_picked":["Shrug It Off","Flex","Headbutt"],"picked":"Dark Embrace","floor":13.0},{"not_picked":["Bloodletting","Perfected Strike","Combust"],"picked":"Whirlwind","floor":14.0}],"player_experience":63809,"relics_obtained":[{"floor":6.0,"key":"Charon\u0027s Ashes"},{"floor":9.0,"key":"Meat on the Bone"},{"floor":12.0,"key":"Question Card"},{"floor":14.0,"key":"Toy Ornithopter"}],"event_choices":[{"damage_healed":0.0,"max_hp_gain":0.0,"max_hp_loss":0.0,"gold_gain":0.0,"event_name":"Shining Light","player_choice":"Ignored","floor":3.0,"gold_loss":0.0,"damage_taken":0.0},{"damage_healed":0.0,"max_hp_gain":5.0,"max_hp_loss":0.0,"gold_gain":0.0,"event_name":"Big Fish","player_choice":"Donut","floor":5.0,"gold_loss":0.0,"damage_taken":0.0},{"damage_healed":0.0,"max_hp_gain":0.0,"max_hp_loss":0.0,"gold_gain":0.0,"event_name":"Scrap Ooze","player_choice":"Success","floor":10.0,"gold_loss":0.0,"damage_taken":5.0,"relics_obtained":["Mercury Hourglass"]}],"is_beta":false,"boss_relics":[],"items_purged_floors":[2],"is_endless":false,"potions_floor_spawned":[1,7,13],"killed_by":"Hexaghost","ascension_level":19}}