{"host":"clf2hd4adhiiw0zf","time":1611475255,"event":{"mods":["AchievementEnabler","BaseMod","Beaked The Cultist","Bestiary","Dark Map","Downfall","Gremlin Mod","Hermit","Jorbs\u0027s Wanderer Trilogy","Marisa????????","Minty Spire (QoL Compilation)","Shop Mod","StSLib","The Cursed","The Servant 0.9.4","UnlockEverythingMod"],"gold_per_floor":[99,99,274,274,274,74,74,74,74,74,104,89,89,89,107,107,107,107],"floor_reached":16,"language":"ENG","playtime":930,"items_purged":[],"score":101,"play_id":"529ed85a-9452-4352-a40c-4840ff8b9aa4","local_time":"20210124010055","is_ascension_mode":true,"campfire_choices":[{"floor":1,"key":"RECALL"},{"data":"champ:Taunt","floor":6,"key":"SMITH"},{"data":"champ:Execute","floor":9,"key":"SMITH"},{"data":"champ:VampiricStrike","floor":13,"key":"SMITH"}],"circlet_count":0,"master_deck":["champ:Strike","champ:Strike","champ:Strike","champ:Strike","champ:Defend","champ:Defend","champ:Defend","champ:Defend","champ:Execute+1","champ:Taunt+1","champ:BerserkersShout","Doubt","champ:Execute","champ:BladeFlurry","champ:DefensiveStyle","champ:CrookedStrike","champ:VampiricStrike+1","champ:Encircle"],"relics":["champ:ChampionCrown","downfall:HeartsMalice","downfall:HeartBlessingRed","downfall:HeartBlessingBlue","Thread and Needle","Mummified Hand","WingedGreaves"],"acts_visited":["Exordium"],"potions_floor_usage":[12],"damage_taken":[{"damage":0,"enemies":"Jaw Worm","floor":2,"turns":1},{"damage":0,"enemies":"Small Slimes","floor":8,"turns":1},{"damage":0,"enemies":"downfall:FleeingMerchant","floor":10,"turns":1},{"damage":72,"enemies":"3 Sentries","floor":11,"turns":9},{"damage":26,"enemies":"downfall:FleeingMerchant","floor":12,"turns":4},{"damage":20,"enemies":"Cultist","floor":15,"turns":3},{"damage":89,"enemies":"WA_ARCHETYPE_RETAIN","floor":16,"turns":7}],"seed_played":"-7174538716028182176","potions_obtained":[{"floor":11,"key":"PowerPotion"}],"is_trial":false,"path_per_floor":["R","M","?","T","?","R","T","M","R","$","E","$","R","?","M","B"],"character_chosen":"THE_CHAMP","items_purchased":[],"campfire_rested":0,"item_purchase_floors":[],"current_hp_per_floor":[90,90,90,90,90,100,100,100,100,100,88,87,87,80,80,0,0,0],"gold":107,"neow_bonus":"THREE_ENEMY_KILL","is_daily":false,"chose_seed":false,"campfire_upgraded":3,"win_rate":0.0,"timestamp":1611475255,"path_taken":["R","M","?","?","?","R","T","?","R","?","E","$","R","?","M","BOSS"],"items_purchased_type":[],"build_version":"2020-12-22","purchased_purges":0,"victory":false,"max_hp_per_floor":[90,90,90,90,90,100,100,100,100,100,100,100,100,100,100,100,100,100],"card_choices":[{"not_picked":["champ:DefensiveShout","champ:Shatter"],"picked":"champ:BerserkersShout","floor":2},{"not_picked":["champ:TornadoPunch","champ:Shatter"],"picked":"champ:BladeFlurry","floor":8},{"not_picked":["champ:ShieldSigil","champ:RageSigil"],"picked":"champ:DefensiveStyle","floor":10},{"not_picked":["champ:BladeFlurry","champ:PreciseThrust"],"picked":"champ:CrookedStrike","floor":11},{"not_picked":["champ:BerserkersShout","champ:Endure"],"picked":"champ:VampiricStrike","floor":12},{"not_picked":["champ:BerserkersShout","champ:FocusedDefense"],"picked":"champ:Encircle","floor":15}],"player_experience":97407,"relics_obtained":[{"floor":7,"key":"Thread and Needle"},{"floor":11,"key":"Mummified Hand"}],"event_choices":[{"damage_healed":0,"gold_gain":0,"player_choice":"Success","damage_taken":7,"relics_obtained":["WingedGreaves"],"max_hp_gain":0,"max_hp_loss":0,"event_name":"Scrap Ooze","floor":14,"gold_loss":0}],"is_beta":false,"boss_relics":[],"items_purged_floors":[],"is_endless":false,"potions_floor_spawned":[11],"killed_by":"WA_ARCHETYPE_RETAIN","ascension_level":2}}