{"host":"rb2p2z6v6vieend5","time":1611522296,"event":{"mods":["BaseMod","Block Reminder","Colored Map","DeckTracker","Highlight Path","Minty Spire (QoL Compilation)","Random Character Button","Relic Stats"],"gold_per_floor":[119,23,33,49,63,88,36,36,36,65,82,82,94,125,125,227,227,243,168,93,103,122,122,135,135,135,135,170,170,170],"floor_reached":29,"language":"ENG","playtime":2023,"items_purged":["Strike_P"],"score":292,"play_id":"34c4d17b-b7bd-4099-b288-f3d68ac2d214","local_time":"20210124220456","is_ascension_mode":true,"campfire_choices":[{"data":"PathToVictory","floor":8,"key":"SMITH"},{"floor":12,"key":"REST"},{"floor":15,"key":"REST"},{"floor":23,"key":"REST"},{"floor":25,"key":"REST"},{"floor":27,"key":"REST"}],"circlet_count":0,"master_deck":["Defend_P","Defend_P","Defend_P","Eruption","Vigilance","PathToVictory","ThirdEye","MentalFortress","Study","Brilliance","PathToVictory+1","LikeWater+1","Prostrate","Devotion+1","PathToVictory","CutThroughFate","JustLucky"],"relics":["PureWater","Orichalcum","Frozen Egg 2","Darkstone Periapt","Empty Cage","Girya","Dream Catcher"],"acts_visited":["Exordium","TheCity"],"potions_floor_usage":[21,28,29],"damage_taken":[{"damage":0,"enemies":"Cultist","floor":1,"turns":4},{"damage":6,"enemies":"Small Slimes","floor":3,"turns":3},{"damage":1,"enemies":"2 Louse","floor":4,"turns":2},{"damage":1,"enemies":"Exordium Thugs","floor":5,"turns":4},{"damage":8,"enemies":"Lagavulin","floor":6,"turns":7},{"damage":27,"enemies":"3 Sentries","floor":10,"turns":10},{"damage":6,"enemies":"Looter","floor":11,"turns":3},{"damage":3,"enemies":"Red Slaver","floor":13,"turns":4},{"damage":4,"enemies":"Lagavulin","floor":14,"turns":6},{"damage":16,"enemies":"The Guardian","floor":16,"turns":7},{"damage":18,"enemies":"Spheric Guardian","floor":18,"turns":6},{"damage":22,"enemies":"3 Byrds","floor":21,"turns":4},{"damage":20,"enemies":"Shelled Parasite and Fungi","floor":22,"turns":6},{"damage":24,"enemies":"Snecko","floor":24,"turns":8},{"damage":33,"enemies":"Book of Stabbing","floor":28,"turns":6},{"damage":19,"enemies":"3 Cultists","floor":29,"turns":4}],"seed_played":"-9188971029065169993","potions_obtained":[{"floor":3,"key":"Weak Potion"},{"floor":4,"key":"AttackPotion"},{"floor":5,"key":"FearPotion"},{"floor":14,"key":"LiquidBronze"},{"floor":28,"key":"AttackPotion"}],"is_trial":false,"path_per_floor":["M","$","M","M","M","E","$","R","T","E","M","R","M","E","R","B",null,"M","$","?","M","M","R","M","R","T","R","E","M"],"character_chosen":"WATCHER","items_purchased":["ThirdEye","MentalFortress","PathToVictory"],"campfire_rested":5,"item_purchase_floors":[2,2,7],"current_hp_per_floor":[72,72,66,65,64,56,56,56,56,29,23,44,41,37,58,42,72,54,54,54,32,12,33,9,30,30,51,18,0,0],"gold":170,"neow_bonus":"REMOVE_CARD","is_daily":false,"chose_seed":false,"campfire_upgraded":1,"win_rate":0.0,"timestamp":1611522296,"path_taken":["M","?","M","M","M","E","$","R","T","E","M","R","M","E","R","BOSS","M","$","?","M","M","R","M","R","T","R","E","M"],"items_purchased_type":["Card","Card","Card"],"build_version":"2020-12-22","purchased_purges":1,"victory":false,"max_hp_per_floor":[72,72,72,72,72,72,72,72,72,72,72,72,72,72,72,72,72,72,72,72,72,72,72,72,72,72,72,72,72,72],"relic_stats":{"Darkstone Periapt":0,"Dream Catcher":0,"counters":[16,84],"Orichalcum":[96],"obtain_stats":[{"Darkstone Periapt":14,"Girya":26,"Dream Catcher":28,"PureWater":0,"Orichalcum":6,"Frozen Egg 2":9,"Empty Cage":17},{"Darkstone Periapt":9,"Girya":14,"Dream Catcher":15,"PureWater":0,"Orichalcum":5,"Frozen Egg 2":5,"Empty Cage":10},{"Darkstone Periapt":43,"Girya":74,"Dream Catcher":80,"PureWater":0,"Orichalcum":20,"Frozen Egg 2":20,"Empty Cage":50}]},"card_choices":[{"not_picked":["FollowUp","BowlingBash"],"picked":"PathToVictory","floor":1},{"not_picked":["Tantrum","EmptyFist","SandsOfTime"],"picked":"SKIP","floor":3},{"not_picked":["Crescendo","CutThroughFate","EmptyFist"],"picked":"SKIP","floor":4},{"not_picked":["ThirdEye","FlyingSleeves"],"picked":"Study","floor":5},{"not_picked":["FlurryOfBlows","FollowUp"],"picked":"Brilliance","floor":6},{"not_picked":["CrushJoints","EmptyFist","ThirdEye"],"picked":"SKIP","floor":10},{"not_picked":["Halt","Consecrate"],"picked":"LikeWater+1","floor":11},{"not_picked":["Evaluate","BowlingBash"],"picked":"Prostrate","floor":13},{"not_picked":["FearNoEvil","FlurryOfBlows","WindmillStrike"],"picked":"SKIP","floor":14},{"not_picked":["Brilliance","Blasphemy"],"picked":"Devotion+1","floor":16},{"not_picked":["BowlingBash","EmptyBody","FearNoEvil+1"],"picked":"SKIP","floor":18},{"not_picked":["SandsOfTime","Establishment+1"],"picked":"PathToVictory","floor":21},{"not_picked":["Protect","BowlingBash"],"picked":"CutThroughFate","floor":22},{"not_picked":["Protect","EmptyBody"],"picked":"JustLucky","floor":24},{"not_picked":["CrushJoints","ClearTheMind+1","Evaluate"],"picked":"SKIP","floor":28}],"player_experience":604415,"relics_obtained":[{"floor":6,"key":"Orichalcum"},{"floor":9,"key":"Frozen Egg 2"},{"floor":14,"key":"Darkstone Periapt"},{"floor":26,"key":"Girya"},{"floor":28,"key":"Dream Catcher"}],"event_choices":[{"cards_removed":["Defend_P"],"damage_healed":0,"gold_gain":0,"player_choice":"Gave Gold","damage_taken":0,"max_hp_gain":0,"max_hp_loss":0,"event_name":"Beggar","floor":20,"gold_loss":75}],"is_beta":false,"boss_relics":[{"not_picked":["Tiny House","Coffee Dripper"],"picked":"Empty Cage"}],"items_purged_floors":[19],"is_endless":false,"potions_floor_spawned":[3,4,5,10,14,18,28],"killed_by":"3 Cultists","ascension_level":2}}