{"host":"5fpb1gzflhq9886n","time":1611530934,"event":{"mods":["AchievementEnabler","BaseMod","Colored Map","Colored Powertips","Minty Spire (QoL Compilation)","Permanent Neow"],"gold_per_floor":[117,117,137,87,162,162,162,162,162,162,177,206,206,59,59,158,158,174,174,174,193,203,203,231,231,231,249,284,284,304,324,324,324,324],"floor_reached":33,"language":"ENG","playtime":2237,"items_purged":[],"score":316,"play_id":"4b930b61-fadc-400f-b1cb-79b503acd6df","local_time":"20210124182854","is_ascension_mode":true,"campfire_choices":[{"data":"Blade Dance","floor":6,"key":"SMITH"},{"data":"Dash","floor":8,"key":"SMITH"},{"floor":10,"key":"RECALL"},{"floor":15,"key":"REST"},{"floor":23,"key":"REST"},{"floor":25,"key":"REST"},{"data":"Catalyst","floor":32,"key":"SMITH"}],"circlet_count":0,"master_deck":["Strike_G","Strike_G","Strike_G","Defend_G","Defend_G","Defend_G","Defend_G","Defend_G","Survivor","Neutralize","Blade Dance+1","Dash+1","Skewer+1","Crippling Poison","Grand Finale","Blade Dance+1","Decay","Bouncing Flask","Backstab","Sucker Punch+1","Slice","Caltrops+1","Catalyst+1","Dodge and Roll"],"relics":["Philosopher\u0027s Stone","Snake Skull","Tough Bandages","Gremlin Horn","OrangePellets","Runic Pyramid","MutagenicStrength","Red Mask","Unceasing Top","Frozen Egg 2"],"acts_visited":["Exordium","TheCity"],"potions_floor_usage":[16,18,28,30,33],"damage_taken":[{"damage":3,"enemies":"Jaw Worm","floor":1,"turns":4},{"damage":0,"enemies":"Small Slimes","floor":3,"turns":3},{"damage":0,"enemies":"2 Louse","floor":11,"turns":2},{"damage":17,"enemies":"3 Sentries","floor":12,"turns":8},{"damage":7,"enemies":"The Guardian","floor":16,"turns":14},{"damage":1,"enemies":"2 Thieves","floor":18,"turns":3},{"damage":0,"enemies":"Chosen","floor":21,"turns":3},{"damage":35,"enemies":"Snake Plant","floor":22,"turns":4},{"damage":20,"enemies":"Masked Bandits","floor":24,"turns":4},{"damage":0,"enemies":"Cultist and Chosen","floor":27,"turns":4},{"damage":2,"enemies":"Slavers","floor":28,"turns":4},{"damage":3,"enemies":"Snecko","floor":30,"turns":3},{"damage":9,"enemies":"Centurion and Healer","floor":31,"turns":5},{"damage":46,"enemies":"Automaton","floor":33,"turns":4}],"seed_played":"2088915098664087254","potions_obtained":[{"floor":3,"key":"EssenceOfSteel"},{"floor":16,"key":"FearPotion"},{"floor":18,"key":"SpeedPotion"},{"floor":24,"key":"SteroidPotion"},{"floor":28,"key":"CunningPotion"},{"floor":31,"key":"SteroidPotion"}],"is_trial":false,"path_per_floor":["M","?","M","?","?","R","T","R","T","R","M","E","?","$","R","B",null,"M","?","?","M","M","R","?","R","T","M","E","?","M","M","R","B"],"character_chosen":"THE_SILENT","items_purchased":["OrangePellets"],"campfire_rested":3,"item_purchase_floors":[14],"current_hp_per_floor":[67,64,64,64,53,53,53,53,53,53,53,36,36,36,57,50,70,69,69,69,69,34,55,35,56,56,56,54,54,51,42,42,0,0],"gold":324,"neow_bonus":"BOSS_RELIC","is_daily":false,"chose_seed":false,"campfire_upgraded":3,"win_rate":0.0,"timestamp":1611530934,"path_taken":["M","?","M","?","?","R","?","R","T","R","M","E","?","$","R","BOSS","M","?","?","M","M","R","?","R","T","M","E","?","M","M","R","BOSS"],"items_purchased_type":["Relic"],"build_version":"2020-12-22","purchased_purges":0,"victory":false,"max_hp_per_floor":[70,70,70,70,70,70,70,70,70,70,70,70,70,70,70,70,70,70,70,70,70,70,70,70,70,70,70,70,70,70,70,70,70,70],"card_choices":[{"not_picked":["Flying Knee","Backflip"],"picked":"Blade Dance","floor":1},{"not_picked":["Flying Knee","Prepared"],"picked":"Dash","floor":3},{"not_picked":["Blur","Concentrate"],"picked":"Skewer","floor":11},{"not_picked":["Dagger Spray","Setup"],"picked":"Crippling Poison","floor":12},{"not_picked":["Unload","Storm of Steel"],"picked":"Grand Finale","floor":16},{"not_picked":["Flying Knee","Quick Slash"],"picked":"Blade Dance+1","floor":18},{"not_picked":["Sucker Punch","Slice"],"picked":"Bouncing Flask","floor":21},{"not_picked":["Sucker Punch","Dagger Spray"],"picked":"Backstab","floor":22},{"not_picked":["Terror","Endless Agony"],"picked":"Sucker Punch+1","floor":24},{"not_picked":["Predator","Heel Hook"],"picked":"Slice","floor":27},{"not_picked":["Prepared","Blade Dance"],"picked":"Caltrops+1","floor":28},{"not_picked":["Deflect+1","Dodge and Roll+1"],"picked":"Catalyst","floor":30},{"not_picked":["Cloak And Dagger","Skewer+1"],"picked":"Dodge and Roll","floor":31}],"player_experience":760881,"relics_obtained":[{"floor":7,"key":"Tough Bandages"},{"floor":12,"key":"Gremlin Horn"},{"floor":24,"key":"Red Mask"},{"floor":26,"key":"Unceasing Top"},{"floor":28,"key":"Frozen Egg 2"}],"event_choices":[{"damage_healed":0,"gold_gain":0,"player_choice":"Success","damage_taken":3,"relics_obtained":["Snake Skull"],"max_hp_gain":0,"max_hp_loss":0,"event_name":"Scrap Ooze","floor":2,"gold_loss":0},{"cards_removed":["Strike_G"],"damage_healed":0,"gold_gain":0,"player_choice":"Card Removal","damage_taken":0,"max_hp_gain":0,"max_hp_loss":0,"event_name":"The Cleric","floor":4,"gold_loss":50},{"damage_healed":0,"gold_gain":75,"player_choice":"Gather Gold","damage_taken":11,"max_hp_gain":0,"max_hp_loss":0,"event_name":"World of Goop","floor":5,"gold_loss":0},{"damage_healed":0,"gold_gain":0,"player_choice":"Grow","damage_taken":0,"max_hp_gain":0,"max_hp_loss":0,"event_name":"Living Wall","floor":13,"gold_loss":0,"cards_upgraded":["Skewer"]},{"damage_healed":0,"gold_gain":0,"player_choice":"Inject Mutagens","damage_taken":0,"relics_obtained":["MutagenicStrength"],"max_hp_gain":0,"max_hp_loss":0,"event_name":"Drug Dealer","floor":19,"gold_loss":0},{"damage_healed":0,"gold_gain":0,"player_choice":"Smashed Altar","damage_taken":0,"max_hp_gain":0,"max_hp_loss":0,"event_name":"Forgotten Altar","floor":20,"gold_loss":0,"cards_obtained":["Decay"]},{"damage_healed":0,"gold_gain":0,"player_choice":"Fought Bandits","damage_taken":0,"max_hp_gain":0,"max_hp_loss":0,"event_name":"Masked Bandits","floor":24,"gold_loss":0},{"cards_removed":["Strike_G"],"damage_healed":0,"gold_gain":0,"player_choice":"Purged","damage_taken":0,"max_hp_gain":0,"max_hp_loss":0,"event_name":"Purifier","floor":29,"gold_loss":0}],"is_beta":false,"boss_relics":[{"not_picked":["Busted Crown","Calling Bell"],"picked":"Runic Pyramid"}],"items_purged_floors":[],"is_endless":false,"potions_floor_spawned":[3,16,18,24,28,31],"killed_by":"Automaton","ascension_level":4}}