{"host":"tknto047uabgu3zm","time":1611462769,"event":{"mods":["AchievementEnabler","BaseMod","Bestiary","Block Reminder","Colored Map","Colored Powertips","Highlight Path","Minty Spire (QoL Compilation)","MonsterHotkey","Permanent Neow","Random Character Button","Rare Cards Sparkle","Relic Sorter","Relic Stats","StSLib"],"gold_per_floor":[99,99,99,99,24,24,24,24,24,24,24,24,24,24,24,24,24,24,24,24,24,24,24],"floor_reached":22,"language":"ENG","playtime":565,"items_purged":[],"score":355,"play_id":"8a9fc209-4b07-4546-87e9-05f01b17e423","local_time":"20210123203249","is_ascension_mode":true,"campfire_choices":[{"data":"Sweeping Beam","floor":6,"key":"SMITH"},{"data":"Zap","floor":8,"key":"SMITH"},{"floor":15,"key":"REST"}],"circlet_count":0,"master_deck":["AscendersBane","Strike_B","Strike_B","Strike_B","Strike_B","Defend_B","Defend_B","Defend_B","Zap+1","Dualcast","Sweeping Beam+1","Cold Snap","Reinforced Body","Gash","Ball Lightning","Static Discharge","Buffer","Compile Driver","Auto Shields"],"relics":["Ectoplasm","Ancient Tea Set","Darkstone Periapt","Odd Mushroom","Omamori","Cursed Key"],"acts_visited":["Exordium","TheCity"],"potions_floor_usage":[12,14,14],"damage_taken":[{"damage":7.0,"enemies":"Small Slimes","floor":1.0,"turns":2.0},{"damage":2,"enemies":"Jaw Worm","floor":4,"turns":3},{"damage":0,"enemies":"2 Louse","floor":10,"turns":2},{"damage":0,"enemies":"Exordium Wildlife","floor":11,"turns":4},{"damage":8,"enemies":"The Mushroom Lair","floor":12,"turns":3},{"damage":13,"enemies":"Lagavulin","floor":14,"turns":4},{"damage":42,"enemies":"Slime Boss","floor":16,"turns":9},{"damage":27,"enemies":"Shell Parasite","floor":18,"turns":4},{"damage":15,"enemies":"3 Byrds","floor":19,"turns":6},{"damage":17,"enemies":"Snecko","floor":22,"turns":4}],"seed_played":"2732165692733224339","potions_obtained":[{"floor":1.0,"key":"Strength Potion"},{"floor":10,"key":"Block Potion"},{"floor":12,"key":"Weak Potion"},{"floor":19,"key":"BlessingOfTheForge"}],"is_trial":false,"path_per_floor":["M","$","?","M","?","R","?","R","T","M","M","?","$","E","R","B",null,"M","M","$","$","M"],"character_chosen":"DEFECT","items_purchased":[],"campfire_rested":1,"item_purchase_floors":[],"current_hp_per_floor":[57,57,57,55,55,55,44,44,44,44,44,36,36,23,44,2,54,27,12,12,12,0,0],"gold":24,"neow_bonus":"BOSS_RELIC","is_daily":false,"chose_seed":false,"campfire_upgraded":2,"win_rate":0.0,"timestamp":1611462769,"path_taken":["M","$","?","M","?","R","?","R","T","M","?","?","?","E","R","BOSS","M","?","?","$","M"],"items_purchased_type":[],"build_version":"2020-12-22","purchased_purges":0,"victory":false,"max_hp_per_floor":[71,71,71,71,71,71,71,71,71,71,71,71,71,71,71,71,71,71,71,71,71,71,71],"relic_stats":{"Darkstone Periapt":0,"counters":[10,41],"Ectoplasm":241,"Cursed Key":0,"obtain_stats":[{"Darkstone Periapt":9,"Ectoplasm":0,"Omamori":14,"Odd Mushroom":12,"Cracked Core":0,"Ancient Tea Set":7,"Cursed Key":17},{"Darkstone Periapt":2,"Ectoplasm":0,"Omamori":6,"Odd Mushroom":5,"Cracked Core":0,"Ancient Tea Set":2,"Cursed Key":7},{"Darkstone Periapt":5,"Ectoplasm":0,"Omamori":18,"Odd Mushroom":14,"Cracked Core":0,"Ancient Tea Set":5,"Cursed Key":27}]},"card_choices":[{"not_picked":["Heatsinks","Streamline"],"picked":"Sweeping Beam","floor":1.0},{"not_picked":["Gash","Doom and Gloom"],"picked":"Cold Snap","floor":4},{"not_picked":["Beam Cell","Redo"],"picked":"Reinforced Body","floor":10},{"not_picked":["Stack","Reprogram"],"picked":"Gash","floor":11},{"not_picked":["Conserve Battery","Steam"],"picked":"Ball Lightning","floor":12},{"not_picked":["Recycle","Sweeping Beam"],"picked":"Static Discharge","floor":14},{"not_picked":["Reboot","Electrodynamics"],"picked":"Buffer","floor":16},{"not_picked":["Go for the Eyes","Force Field"],"picked":"Compile Driver","floor":18},{"not_picked":["Redo","Stack"],"picked":"Auto Shields","floor":19}],"player_experience":499450,"relics_obtained":[{"floor":9,"key":"Darkstone Periapt"},{"floor":12,"key":"Odd Mushroom"},{"floor":14,"key":"Omamori"}],"event_choices":[{"damage_healed":0,"gold_gain":0,"player_choice":"Ignored","damage_taken":0,"max_hp_gain":0,"max_hp_loss":0,"event_name":"Golden Idol","floor":3,"gold_loss":0},{"cards_removed":["Defend_B"],"damage_healed":0,"gold_gain":0,"player_choice":"Card Removal","damage_taken":0,"max_hp_gain":0,"max_hp_loss":0,"event_name":"The Cleric","floor":5,"gold_loss":75},{"damage_healed":0,"gold_gain":0,"player_choice":"Success","damage_taken":11,"relics_obtained":["Ancient Tea Set"],"max_hp_gain":0,"max_hp_loss":0,"event_name":"Scrap Ooze","floor":7,"gold_loss":0},{"damage_healed":0,"gold_gain":0,"player_choice":"Fought Mushrooms","damage_taken":0,"max_hp_gain":0,"max_hp_loss":0,"event_name":"Mushrooms","floor":12,"gold_loss":0}],"is_beta":false,"boss_relics":[{"not_picked":["Busted Crown","Velvet Choker"],"picked":"Cursed Key"}],"items_purged_floors":[],"is_endless":false,"potions_floor_spawned":[1,10,11,12,19],"killed_by":"Snecko","ascension_level":19}}