{"host":"78zdngn0u28jm0pp","time":1611527075,"event":{"mods":["BaseMod","Jorbs\u0027s Wanderer Trilogy","Minty Spire (QoL Compilation)","Permanent Neow","Quick Restart","Relic Stats","StSLib","Unceasing Turn Reminder"],"gold_per_floor":[114,57,76,90,90,90,100,132,132,160,170,190,190,209,209,283,283,295,315,338,338,206,232,147,178,205,215,215,215,215,246,246,246,246],"floor_reached":33,"language":"ENG","playtime":1321,"items_purged":["Strike_G"],"score":680,"play_id":"9f81bfdb-53e8-4e16-a1f2-703b83185792","local_time":"20210124152435","is_ascension_mode":true,"campfire_choices":[{"data":"Cloak And Dagger","floor":6,"key":"SMITH"},{"floor":15,"key":"REST"},{"floor":28,"key":"REST"},{"data":"Tools of the Trade","floor":32,"key":"SMITH"}],"circlet_count":0,"master_deck":["AscendersBane","Strike_G","Strike_G","Strike_G","Strike_G","Defend_G","Defend_G","Defend_G","Defend_G","Defend_G","Survivor","Neutralize","CurseOfTheBell","Cloak And Dagger+1","Blade Dance","Tools of the Trade+1","Deflect","Skewer","All Out Attack+1","Finisher+1","Underhanded Strike+1","Unload+1","Blade Dance","Dagger Spray+1","Tools of the Trade","PiercingWail","Leg Sweep"],"relics":["Calling Bell","Omamori","Mercury Hourglass","Du-Vu Doll","MealTicket","Bottled Tornado","Sundial","Molten Egg 2","WristBlade","Bronze Scales","White Beast Statue","Paper Crane","Incense Burner","Lantern","Eternal Feather","PreservedInsect","Happy Flower"],"acts_visited":["Exordium","TheCity"],"potions_floor_usage":[8,10,10,16,16,23,25,27,31,33],"damage_taken":[{"damage":0,"enemies":"Cultist","floor":1,"turns":3},{"damage":0,"enemies":"Small Slimes","floor":3,"turns":2},{"damage":2,"enemies":"2 Louse","floor":4,"turns":2},{"damage":2,"enemies":"Blue Slaver","floor":7,"turns":3},{"damage":23,"enemies":"3 Sentries","floor":8,"turns":7},{"damage":0,"enemies":"Gremlin Nob","floor":10,"turns":2},{"damage":8,"enemies":"Exordium Wildlife","floor":11,"turns":4},{"damage":0,"enemies":"Looter","floor":12,"turns":2},{"damage":3,"enemies":"Blue Slaver","floor":14,"turns":4},{"damage":1,"enemies":"Hexaghost","floor":16,"turns":7},{"damage":14,"enemies":"2 Thieves","floor":18,"turns":3},{"damage":15,"enemies":"3 Byrds","floor":19,"turns":3},{"damage":27,"enemies":"Slavers","floor":23,"turns":3},{"damage":10,"enemies":"Gremlin Leader","floor":25,"turns":2},{"damage":1,"enemies":"3 Cultists","floor":27,"turns":4},{"damage":2,"enemies":"Book of Stabbing","floor":31,"turns":2},{"damage":49,"enemies":"Champ","floor":33,"turns":10}],"seed_played":"5792396205312252789","potions_obtained":[{"floor":1,"key":"ColorlessPotion"},{"floor":8,"key":"AttackPotion"},{"floor":10,"key":"EssenceOfSteel"},{"floor":12,"key":"LiquidBronze"},{"floor":14,"key":"ColorlessPotion"},{"floor":23,"key":"SteroidPotion"},{"floor":25,"key":"Fire Potion"},{"floor":27,"key":"FearPotion"},{"floor":31,"key":"SteroidPotion"}],"is_trial":false,"path_per_floor":["M","$","M","M","?","R","M","E","T","E","M","M","?","M","R","B",null,"M","M","T","?","$","E","?","E","T","M","R","?","T","E","R","B"],"character_chosen":"THE_SILENT","items_purchased":["FearPotion","FearPotion"],"campfire_rested":2,"item_purchase_floors":[2,22],"current_hp_per_floor":[59,59,59,57,52,52,50,27,27,27,19,19,10,7,26,25,56,42,27,27,40,55,28,28,18,18,17,36,36,36,34,49,0,0],"gold":246,"neow_bonus":"BOSS_RELIC","is_daily":false,"chose_seed":false,"campfire_upgraded":2,"win_rate":0.0,"timestamp":1611527075,"path_taken":["M","?","?","M","?","R","M","E","T","E","M","M","?","M","R","BOSS","M","M","?","?","$","E","?","E","T","?","R","?","?","E","R","BOSS"],"items_purchased_type":["Potion","Potion"],"build_version":"2020-12-22","purchased_purges":1,"victory":false,"max_hp_per_floor":[66,66,66,66,66,66,66,66,66,66,66,66,66,66,66,66,66,66,66,66,66,66,66,66,66,66,66,66,66,66,66,66,66,66],"relic_stats":{"Happy Flower":[3],"counters":[17,63],"Sundial":[4],"Bronze Scales":[42],"MealTicket":15,"Eternal Feather":15,"PreservedInsect":43,"obtain_stats":[{"Lantern":26,"Happy Flower":31,"Eternal Feather":29,"PreservedInsect":30,"Omamori":0,"Incense Burner":25,"Bottled Tornado":8,"Paper Crane":24,"White Beast Statue":23,"Mercury Hourglass":0,"Calling Bell":0,"Du-Vu Doll":0,"WristBlade":17,"Sundial":9,"Bronze Scales":20,"MealTicket":5,"Molten Egg 2":10,"Ring of the Snake":0},{"Lantern":14,"Happy Flower":16,"Eternal Feather":15,"PreservedInsect":15,"Omamori":0,"Incense Burner":14,"Bottled Tornado":5,"Paper Crane":13,"White Beast Statue":13,"Mercury Hourglass":0,"Calling Bell":0,"Du-Vu Doll":0,"WristBlade":10,"Sundial":5,"Bronze Scales":12,"MealTicket":3,"Molten Egg 2":6,"Ring of the Snake":0},{"Lantern":47,"Happy Flower":53,"Eternal Feather":51,"PreservedInsect":51,"Omamori":0,"Incense Burner":47,"Bottled Tornado":17,"Paper Crane":45,"White Beast Statue":45,"Mercury Hourglass":0,"Calling Bell":0,"Du-Vu Doll":0,"WristBlade":36,"Sundial":17,"Bronze Scales":42,"MealTicket":7,"Molten Egg 2":19,"Ring of the Snake":0}],"Mercury Hourglass":[248]},"card_choices":[{"not_picked":["PiercingWail","Distraction"],"picked":"Cloak And Dagger","floor":1},{"not_picked":["Acrobatics","Prepared"],"picked":"Blade Dance","floor":3},{"not_picked":["Catalyst","Slice"],"picked":"Tools of the Trade","floor":4},{"not_picked":["Acrobatics","Prepared"],"picked":"Deflect","floor":7},{"not_picked":["Eviscerate","Choke","Infinite Blades"],"picked":"SKIP","floor":8},{"not_picked":["Deflect","Prepared"],"picked":"Skewer","floor":10},{"not_picked":["Cloak And Dagger","Deadly Poison"],"picked":"All Out Attack+1","floor":11},{"not_picked":["Dagger Throw+1","Deadly Poison"],"picked":"Finisher+1","floor":12},{"not_picked":["Acrobatics","Poisoned Stab+1"],"picked":"Underhanded Strike+1","floor":14},{"not_picked":["Envenom","Bullet Time"],"picked":"Unload+1","floor":16},{"not_picked":["Prepared","Poisoned Stab+1"],"picked":"Blade Dance","floor":18},{"not_picked":["Poisoned Stab+1","Bane+1"],"picked":"Dagger Spray+1","floor":19},{"not_picked":["Sucker Punch+1","Bouncing Flask"],"picked":"Tools of the Trade","floor":23},{"not_picked":["Acrobatics","Choke+1","Outmaneuver"],"picked":"SKIP","floor":25},{"not_picked":["Sucker Punch+1","Flying Knee+1"],"picked":"PiercingWail","floor":27},{"not_picked":["Dagger Spray+1","Quick Slash+1"],"picked":"Leg Sweep","floor":31}],"player_experience":797391,"relics_obtained":[{"floor":0,"key":"Omamori"},{"floor":0,"key":"Mercury Hourglass"},{"floor":0,"key":"Du-Vu Doll"},{"floor":8,"key":"Bottled Tornado"},{"floor":9,"key":"Sundial"},{"floor":10,"key":"Molten Egg 2"},{"floor":20,"key":"Bronze Scales"},{"floor":23,"key":"White Beast Statue"},{"floor":25,"key":"Incense Burner"},{"floor":26,"key":"Lantern"},{"floor":30,"key":"PreservedInsect"},{"floor":31,"key":"Happy Flower"}],"event_choices":[{"damage_healed":0,"gold_gain":0,"player_choice":"Success","damage_taken":5,"relics_obtained":["MealTicket"],"max_hp_gain":0,"max_hp_loss":0,"event_name":"Scrap Ooze","floor":5,"gold_loss":0},{"damage_healed":0,"gold_gain":0,"player_choice":"Damaged","damage_taken":9,"max_hp_gain":0,"max_hp_loss":0,"event_name":"Wheel of Change","floor":13,"gold_loss":0},{"damage_healed":13,"gold_gain":0,"player_choice":"Heal","damage_taken":0,"max_hp_gain":0,"max_hp_loss":0,"event_name":"The Library","floor":21,"gold_loss":0},{"damage_healed":0,"gold_gain":0,"player_choice":"Obtained Relic","damage_taken":0,"relics_obtained":["Paper Crane"],"max_hp_gain":0,"max_hp_loss":0,"event_name":"Addict","floor":24,"gold_loss":85},{"damage_healed":0,"gold_gain":0,"player_choice":"Opened","damage_taken":0,"relics_obtained":["Eternal Feather"],"max_hp_gain":0,"max_hp_loss":0,"event_name":"The Mausoleum","floor":29,"gold_loss":0,"cards_obtained":["Writhe"]}],"is_beta":false,"boss_relics":[{"not_picked":["Snecko Eye","Pandora\u0027s Box"],"picked":"WristBlade"}],"items_purged_floors":[22],"is_endless":false,"potions_floor_spawned":[1,8,10,12,14,23,25,27,31],"killed_by":"Champ","ascension_level":20}}