{"host":"Jinnai","time":1611512575,"event":{"mods":["BaseMod","Bestiary","Block Reminder","Colored Map","Colored Powertips","Highlight Path","Minty Spire (QoL Compilation)","Quick Restart","Relic Stats","StSLib"],"gold_per_floor":[113,113,38,50,50,50,76,76,76,76,94,106,106,140,140,140,140],"floor_reached":16,"language":"ENG","playtime":710,"items_purged":[],"score":259,"play_id":"e79b7d36-b73d-4626-bc45-7cee450da3ad","local_time":"20210124132255","is_ascension_mode":true,"campfire_choices":[{"data":"Poisoned Stab","floor":6.0,"key":"SMITH"},{"data":"Underhanded Strike","floor":8.0,"key":"SMITH"},{"data":"Neutralize","floor":10.0,"key":"SMITH"},{"data":"Cloak And Dagger","floor":15,"key":"SMITH"}],"circlet_count":0,"master_deck":["AscendersBane","Strike_G","Strike_G","Strike_G","Strike_G","Strike_G","Defend_G","Defend_G","Defend_G","Defend_G","Survivor","Neutralize+1","Poisoned Stab+1","Underhanded Strike+1","Underhanded Strike+1","Dagger Spray+1","Distraction","Cloak And Dagger+1"],"relics":["Ring of the Snake","NeowsBlessing","StrikeDummy","Matryoshka","Molten Egg 2","Gremlin Horn","Pear"],"acts_visited":["Exordium"],"potions_floor_usage":[14,16],"damage_taken":[{"damage":0.0,"enemies":"2 Louse","floor":1.0,"turns":1.0},{"damage":0.0,"enemies":"Jaw Worm","floor":4.0,"turns":1.0},{"damage":0.0,"enemies":"Lagavulin","floor":7.0,"turns":1.0},{"damage":0.0,"enemies":"Small Slimes","floor":11.0,"turns":2.0},{"damage":0.0,"enemies":"2 Fungi Beasts","floor":12.0,"turns":2.0},{"damage":6,"enemies":"3 Sentries","floor":14,"turns":4},{"damage":63,"enemies":"Hexaghost","floor":16,"turns":9}],"seed_played":"6511330974122406306","potions_obtained":[{"floor":4.0,"key":"SkillPotion"},{"floor":12.0,"key":"Poison Potion"}],"is_trial":false,"path_per_floor":["M","?","?","M","?","R","E","R","T","R","M","M","?","E","R","B"],"character_chosen":"THE_SILENT","items_purchased":[],"campfire_rested":0,"item_purchase_floors":[],"current_hp_per_floor":[59,54,54,54,59,59,59,59,59,59,59,59,59,63,63,0,0],"gold":140,"neow_bonus":"THREE_ENEMY_KILL","is_daily":false,"chose_seed":false,"campfire_upgraded":4,"win_rate":0.0,"timestamp":1611512575,"path_taken":["M","?","?","M","?","R","E","R","T","R","M","M","?","E","R","BOSS"],"items_purchased_type":[],"build_version":"2020-12-18","purchased_purges":0,"victory":false,"max_hp_per_floor":[66,66,66,66,71,71,71,71,71,71,71,71,71,81,81,81,81],"relic_stats":{"Gremlin Horn":[4,4],"counters":[7,20],"obtain_stats":[{"Matryoshka":7,"Pear":14,"NeowsBlessing":0,"Gremlin Horn":9,"Molten Egg 2":9,"StrikeDummy":2,"Ring of the Snake":0},{"Matryoshka":3,"Pear":6,"NeowsBlessing":0,"Gremlin Horn":3,"Molten Egg 2":3,"StrikeDummy":1,"Ring of the Snake":0},{"Matryoshka":3,"Pear":11,"NeowsBlessing":0,"Gremlin Horn":3,"Molten Egg 2":3,"StrikeDummy":1,"Ring of the Snake":0}],"Ring of the Snake":[14]},"card_choices":[{"not_picked":["Cloak And Dagger","Dodge and Roll"],"picked":"Flechettes","floor":1.0},{"not_picked":["Crippling Poison","Tactician"],"picked":"Poisoned Stab","floor":4.0},{"not_picked":["Cloak And Dagger","Acrobatics"],"picked":"Underhanded Strike","floor":7.0},{"not_picked":["Well Laid Plans","Outmaneuver"],"picked":"Underhanded Strike+1","floor":11.0},{"not_picked":["Bane+1","Expertise"],"picked":"Dagger Spray+1","floor":12.0},{"not_picked":["Poisoned Stab+1","Deflect"],"picked":"Cloak And Dagger","floor":14}],"player_experience":1552297,"relics_obtained":[{"floor":7.0,"key":"Matryoshka"},{"floor":9.0,"key":"Molten Egg 2"},{"floor":9.0,"key":"Gremlin Horn"},{"floor":14,"key":"Pear"}],"event_choices":[{"damage_healed":0.0,"max_hp_gain":0.0,"max_hp_loss":0.0,"gold_gain":0.0,"event_name":"Scrap Ooze","player_choice":"Success","floor":2.0,"gold_loss":0.0,"damage_taken":5.0,"relics_obtained":["StrikeDummy"]},{"cards_removed":["Defend_G"],"damage_healed":0.0,"max_hp_gain":0.0,"max_hp_loss":0.0,"gold_gain":0.0,"event_name":"The Cleric","player_choice":"Card Removal","floor":3.0,"gold_loss":75.0,"damage_taken":0.0},{"damage_healed":0.0,"max_hp_gain":5.0,"max_hp_loss":0.0,"gold_gain":0.0,"event_name":"Big Fish","player_choice":"Donut","floor":5.0,"gold_loss":0.0,"damage_taken":0.0},{"damage_healed":0.0,"max_hp_gain":0.0,"max_hp_loss":0.0,"gold_gain":0.0,"cards_transformed":["Flechettes"],"event_name":"Living Wall","player_choice":"Change","floor":13.0,"gold_loss":0.0,"damage_taken":0.0,"cards_obtained":["Distraction"]}],"is_beta":true,"boss_relics":[],"items_purged_floors":[],"is_endless":false,"potions_floor_spawned":[4,12],"killed_by":"Hexaghost","ascension_level":19}}