{"host":"8rqsnaeml9gxb0kp","time":1611466574,"event":{"mods":["AchievementEnabler","BaseMod","Dark Map","Minty Spire (QoL Compilation)","StSLib"],"gold_per_floor":[119,138,138,16,28,60,77,77,77,77,77,91,108,141,141,236,236,251,251,166,166,17,17,17,46,71,96,113,148,148,163,163,163,163],"floor_reached":33,"language":"ENG","playtime":1729,"items_purged":["Pain"],"score":495,"play_id":"e4d7809b-a978-4b67-a915-dc45f69a4c08","local_time":"20210123213614","is_ascension_mode":true,"campfire_choices":[{"floor":8,"key":"REST"},{"floor":11,"key":"REST"},{"data":"Fire Breathing","floor":15,"key":"SMITH"},{"data":"Demon Form","floor":23,"key":"SMITH"},{"floor":32,"key":"REST"}],"circlet_count":0,"master_deck":["AscendersBane","Defend_R","Defend_R","Defend_R","Bash+1","Seeing Red+1","Battle Trance+1","Second Wind+1","Rupture+1","Pummel","Armaments","Uppercut","Shrug It Off","Fire Breathing+1","Twin Strike","Cleave+1","Cleave","Demon Form+1","Bite","Bite","Bite","Bite","Bite","Decay","Reaper","Havoc+1","Sentinel+1","Decay","Pommel Strike+1"],"relics":["Astrolabe","WarpedTongs","Potion Belt","Gremlin Horn","Lizard Tail","Velvet Choker","Juzu Bracelet","Toy Ornithopter","Ancient Tea Set","Vajra","Red Skull","Whetstone"],"acts_visited":["Exordium","TheCity"],"potions_floor_usage":[25,25,25,27,28,31],"damage_taken":[{"damage":14,"enemies":"Cultist","floor":1,"turns":5},{"damage":2,"enemies":"Jaw Worm","floor":2,"turns":4},{"damage":0,"enemies":"2 Louse","floor":5,"turns":2},{"damage":38,"enemies":"Lagavulin","floor":6,"turns":7},{"damage":8,"enemies":"2 Fungi Beasts","floor":7,"turns":4},{"damage":5,"enemies":"Blue Slaver","floor":12,"turns":5},{"damage":7,"enemies":"Gremlin Gang","floor":13,"turns":7},{"damage":9,"enemies":"3 Sentries","floor":14,"turns":5},{"damage":12,"enemies":"Slime Boss","floor":16,"turns":6},{"damage":10,"enemies":"3 Byrds","floor":18,"turns":4},{"damage":51,"enemies":"Gremlin Leader","floor":25,"turns":6},{"damage":32,"enemies":"Book of Stabbing","floor":27,"turns":3},{"damage":6,"enemies":"2 Thieves","floor":28,"turns":2},{"damage":51,"enemies":"Gremlin Leader","floor":29,"turns":8},{"damage":16,"enemies":"Snake Plant","floor":31,"turns":4},{"damage":84,"enemies":"Champ","floor":33,"turns":8}],"seed_played":"6046817400586461585","potions_obtained":[{"floor":1,"key":"Fire Potion"},{"floor":2,"key":"Fire Potion"},{"floor":5,"key":"BloodPotion"},{"floor":12,"key":"Explosive Potion"},{"floor":16,"key":"Energy Potion"},{"floor":25,"key":"DuplicationPotion"},{"floor":29,"key":"EssenceOfSteel"},{"floor":31,"key":"Dexterity Potion"}],"is_trial":false,"path_per_floor":["M","M","?","$","M","E","M","R","T","?","R","M","M","E","R","B",null,"M","?","?","?","$","R","$","E","T","E","M","E","?","M","R","B"],"character_chosen":"IRONCLAD","items_purchased":["Armaments","Toy Ornithopter"],"campfire_rested":3,"item_purchase_floors":[4,22],"current_hp_per_floor":[58,56,56,56,56,18,10,34,34,34,58,53,46,37,37,25,66,56,56,56,56,56,56,56,29,29,9,18,9,9,33,49,0,0],"gold":163,"neow_bonus":"BOSS_RELIC","is_daily":false,"chose_seed":false,"campfire_upgraded":2,"win_rate":0.0,"timestamp":1611466574,"path_taken":["M","M","?","$","M","E","?","R","T","?","R","M","M","E","R","BOSS","M","?","?","?","?","R","$","E","T","E","M","E","?","M","R","BOSS"],"items_purchased_type":["Card","Relic"],"build_version":"2020-12-22","purchased_purges":1,"victory":false,"max_hp_per_floor":[80,80,80,80,80,80,80,80,80,80,80,80,80,80,80,80,80,80,56,56,56,56,56,56,56,56,56,56,56,56,56,56,56,56],"card_choices":[{"not_picked":["Spot Weakness","Evolve"],"picked":"Rupture","floor":1},{"not_picked":["Perfected Strike","Anger"],"picked":"Pummel","floor":2},{"not_picked":["Thunderclap","Perfected Strike"],"picked":"Uppercut","floor":5},{"not_picked":["Sever Soul","Evolve"],"picked":"Shrug It Off","floor":6},{"not_picked":["Heavy Blade","Headbutt"],"picked":"Fire Breathing","floor":7},{"not_picked":["Sword Boomerang","Disarm"],"picked":"Twin Strike","floor":12},{"not_picked":["Rupture","Shockwave"],"picked":"Cleave","floor":13},{"not_picked":["Dark Embrace","Impervious"],"picked":"Cleave","floor":14},{"not_picked":["Immolate","Feed"],"picked":"Demon Form","floor":16},{"not_picked":["Rage","Havoc+1","True Grit"],"picked":"SKIP","floor":18},{"not_picked":["Pommel Strike","Shrug It Off"],"picked":"Reaper","floor":25},{"not_picked":["Sever Soul","Demon Form"],"picked":"Havoc+1","floor":27},{"not_picked":["Inflame","Blood for Blood"],"picked":"Sentinel+1","floor":28},{"not_picked":["Infernal Blade","Dark Embrace+1","Perfected Strike+1"],"picked":"SKIP","floor":29},{"not_picked":["Shrug It Off","Body Slam+1"],"picked":"Pommel Strike+1","floor":31}],"player_experience":133150,"relics_obtained":[{"floor":6,"key":"Potion Belt"},{"floor":9,"key":"Gremlin Horn"},{"floor":14,"key":"Lizard Tail"},{"floor":25,"key":"Ancient Tea Set"},{"floor":26,"key":"Vajra"},{"floor":27,"key":"Red Skull"},{"floor":29,"key":"Whetstone"}],"event_choices":[{"damage_healed":0,"gold_gain":0,"player_choice":"Rummage","damage_taken":0,"relics_obtained":["WarpedTongs"],"max_hp_gain":0,"max_hp_loss":0,"event_name":"Accursed Blacksmith","floor":3,"gold_loss":0,"cards_obtained":["Pain"]},{"damage_healed":0,"gold_gain":0,"player_choice":"Grow","damage_taken":0,"max_hp_gain":0,"max_hp_loss":0,"event_name":"Living Wall","floor":10,"gold_loss":0,"cards_upgraded":["Rupture"]},{"damage_healed":0,"gold_gain":0,"player_choice":"Became a vampire","damage_taken":0,"max_hp_gain":0,"max_hp_loss":24,"event_name":"Vampires","floor":19,"gold_loss":0,"cards_obtained":["Bite","Bite","Bite","Bite","Bite"]},{"damage_healed":0,"gold_gain":0,"player_choice":"Obtained Relic","damage_taken":0,"relics_obtained":["Juzu Bracelet"],"max_hp_gain":0,"max_hp_loss":0,"event_name":"Addict","floor":20,"gold_loss":85},{"damage_healed":0,"gold_gain":0,"player_choice":"Smashed Altar","damage_taken":0,"max_hp_gain":0,"max_hp_loss":0,"event_name":"Forgotten Altar","floor":21,"gold_loss":0,"cards_obtained":["Decay"]},{"damage_healed":0,"gold_gain":0,"player_choice":"Cursed","damage_taken":0,"max_hp_gain":0,"max_hp_loss":0,"event_name":"Wheel of Change","floor":30,"gold_loss":0,"cards_obtained":["Decay"]}],"is_beta":false,"boss_relics":[{"not_picked":["Empty Cage","Coffee Dripper"],"picked":"Velvet Choker"}],"items_purged_floors":[4],"is_endless":false,"potions_floor_spawned":[1,2,5,12,16,18,25,29,31],"killed_by":"Champ","ascension_level":10}}