{"host":"usru02jcpe2a942d","time":1611494713,"event":{"mods":["Act Like it!","BaseMod","Colored Powertips","Downfall","GifTheSpireLib","Highlight Path","HololiveMod","Hubris","Minty Spire (QoL Compilation)","MostiFishMod","Quick Restart","Relic Stats","RumiaBox-露米娅的神秘盒子","StSLib","Waifu the Spire","noobMod","【遗物卡牌】REMEMod","篝火指南"],"gold_per_floor":[99,141,171,171,171,1,1,1,88,7,7,7,97,172,220,508,508,508,565,865,966,1016,1117,1142,1237,1419,1521,940,172,92,241,301,608,608,316,361,406,765,911,1001,1001,1078,1227,410,460,618,735,459,507,501,501,621,127,50,50,50,50],"floor_reached":55,"language":"ZHS","playtime":3369,"items_purged":["sneckomod:SoulCleanse","sneckomod:UnknownUncommonSkill","sneckomod:IronFang","sneckomod:Nope","sneckomod:IronFang","Shame","sneckomod:WideSting+1"],"score":1487,"play_id":"9839f098-d956-4ff1-80e6-13e91f76a391","local_time":"20210124212513","daily_mods":["Draft","Vintage","Heirloom","Time Dilation","Flight","DeadlyEvents","Binary","Elite Swarm","Midas","Night Terrors","Binary"],"is_ascension_mode":false,"campfire_choices":[{"floor":12.0,"key":"RECALL"}],"circlet_count":0,"master_deck":["sneckomod:TrashToTreasure","sneckomod:Unknown1Cost+1","sneckomod:SoulDraw","sneckomod:SoulDraw","MostiFishMod:UltimateDefense","sneckomod:UnknownUncommonPower+1","MostiFishMod:DarkDeal+1","Shrug It Off+1","expansioncontent:DashGenerateEvil+1","sneckomod:SnakeSap+1","expansioncontent:DashGenerateEvil+1","hubris:DuctTapeCard"],"relics":["sneckomod:SneckoSoul","Busted Crown","DaveBox","ice","REME_ComplimentaryCards","champ:DuelingGlove","HereWithMe","hubris:ToyBattleship","Strawberry","hubris:Towel","REME_CardOfGreed","Akabeko","hexamod:CandleOfCauterizing","hubris:DuctTape","hubris:Teleporter","Bag of Preparation","Boot","Empty Cage","hubris:SlimyHat","downfall:CloakOfManyFaces","CultistMask","FaceOfCleric","NlothsMask","GremlinMask","SsserpentHead","War Paint","hubris:Icosahedron","Shuriken","REME_ArchaeologicalTools","Guardian:PocketSentry","REME_IWantAll","REME_OnlineShoppingPlatform","sneckomod:BlankCard","downfall:HeartBlessingRed","downfall:HeartBlessingBlue","ChiLing","Chi","Ling","sneckomod:ConfusingCodex","Gambling Chip","Slimebound:PreparedRelic","Hololive_Finger","Membership Card","Oddly Smooth Stone","HornCleat","Orichalcum","Nunchaku","Potion Belt","Ginger","hubris:SphereOfDissonance","Slimebound:StickyStick","MagicDraw2","BirthdayGift-Tetrahedron","hubris:MedicalManual","Hololive_LightStick","MagicDraw4","downfall:HeartBlessingGreen","REME_PuzzleBoxRelic","Whetstone","REME_LimitBreaker","Mango","FossilizedHelix","Technique"],"acts_visited":["Exordium","TheCity","TheBeyond","TheEnding"],"potions_floor_usage":[],"damage_taken":[{"damage":1.0,"enemies":"Jaw Worm","floor":2.0,"turns":2.0},{"damage":0.0,"enemies":"Cultist","floor":3.0,"turns":3.0},{"damage":0.0,"enemies":"downfall:FleeingMerchant","floor":6.0,"turns":4.0},{"damage":0.0,"enemies":"Gremlin Nob","floor":9.0,"turns":1.0},{"damage":33.0,"enemies":"downfall:FleeingMerchant","floor":10.0,"turns":3.0},{"damage":0.0,"enemies":"3 Sentries","floor":13.0,"turns":2.0},{"damage":0.0,"enemies":"Gremlin Nob","floor":14.0,"turns":2.0},{"damage":0.0,"enemies":"2 Louse","floor":15.0,"turns":1.0},{"damage":1.0,"enemies":"SI_SHIV_ARCHETYPE","floor":16.0,"turns":1.0},{"damage":0.0,"enemies":"Chosen","floor":19.0,"turns":2.0},{"damage":0.0,"enemies":"downfall:FaceTrader","floor":20.0,"turns":1.0},{"damage":0.0,"enemies":"Snake Plant","floor":21.0,"turns":1.0},{"damage":0.0,"enemies":"Chosen and Byrds","floor":23.0,"turns":1.0},{"damage":0.0,"enemies":"Centurion and Healer","floor":25.0,"turns":1.0},{"damage":0.0,"enemies":"Slavers","floor":26.0,"turns":1.0},{"damage":0.0,"enemies":"REME_1_Revenger","floor":27.0,"turns":1.0},{"damage":2.0,"enemies":"Gremlin Leader","floor":31.0,"turns":1.0},{"damage":2.0,"enemies":"Cultist and Chosen","floor":32.0,"turns":2.0},{"damage":3.0,"enemies":"IC_MUSHROOM_ARCHETYPE","floor":33.0,"turns":1.0},{"damage":1.0,"enemies":"Orb Walker","floor":36.0,"turns":1.0},{"damage":3.0,"enemies":"3 Shapes","floor":37.0,"turns":1.0},{"damage":2.0,"enemies":"downfall:LadyInBlue","floor":38.0,"turns":1.0},{"damage":3.0,"enemies":"Reptomancer","floor":39.0,"turns":1.0},{"damage":3.0,"enemies":"Nemesis","floor":40.0,"turns":3.0},{"damage":2.0,"enemies":"Reptomancer","floor":43.0,"turns":1.0},{"damage":0.0,"enemies":"Giant Head","floor":46.0,"turns":1.0},{"damage":0.0,"enemies":"Nemesis","floor":47.0,"turns":1.0},{"damage":0.0,"enemies":"Jaw Worm Horde","floor":49.0,"turns":1.0},{"damage":0.0,"enemies":"WA_ARCHETYPE_DIVINITY","floor":50.0,"turns":1.0},{"damage":0.0,"enemies":"downfall:CharBossMerchant","floor":52.0,"turns":1.0},{"damage":0,"enemies":"downfall:NeowBoss","floor":55,"turns":1}],"seed_played":"2682557427650942166","potions_obtained":[{"floor":3.0,"key":"Weak Potion"},{"floor":13.0,"key":"PowerPotion"},{"floor":15.0,"key":"SmokeBomb"},{"floor":23.0,"key":"Fire Potion"},{"floor":47.0,"key":"Strength Potion"},{"floor":49.0,"key":"Slimebound:ThreeZeroPotion"}],"is_trial":true,"path_per_floor":["R","M","M","?","?","$","T","R","E","$","R","R","E","E","M","B",null,"R","M","?","M","?","M","T","M","E","E","$","R","R","E","M","B",null,"R","M","M","?","E","E","T","T","E","$","?","E","E","R","M","B",null,"E","$","R","B"],"character_chosen":"THE_SNECKO","items_purchased":["REME_CardOfGreed","hubris:DuctTape","sneckomod:UnknownUncommonPower","REME_OnlineShoppingPlatform","sneckomod:BlankCard","sneckomod:IronFang","expansioncontent:DashGenerateEvil","ChiLing","sneckomod:ConfusingCodex","sneckomod:WideSting","sneckomod:SnakeSap","Membership Card","Oddly Smooth Stone","BirthdayGift-Tetrahedron","hubris:MedicalManual","REME_PuzzleBoxRelic","Mango","FossilizedHelix","expansioncontent:DashGenerateEvil","Technique"],"campfire_rested":0,"item_purchase_floors":[6,10,10,28,28,28,28,29,29,29,30,35,35,44,44,48,53,53,53,54],"current_hp_per_floor":[90,89,96,96,97,97,97,97,97,64,64,64,64,73,73,72,97,97,97,97,98,98,99,99,100,101,102,102,112,112,111,110,108,115,115,115,113,112,110,108,108,108,107,107,107,108,109,109,116,123,125,126,140,140,140,140,140],"gold":50,"neow_bonus":"","is_daily":false,"chose_seed":false,"campfire_upgraded":0,"win_rate":0.0,"timestamp":1611494713,"path_taken":["R","M","M","?","?","$","T","R","?","?","R","R","?","?","M","BOSS","R","M","?","?","?","?","T","?","?","E","?","R","R","?","M","BOSS","R","M","M","?","?","E","T","?","?","$","?","?","E","R","M","BOSS","E","$","R","BOSS"],"items_purchased_type":["Relic","Relic","Card","Relic","Relic","Card","Card","Relic","Relic","Card","Card","Relic","Relic","Relic","Relic","Relic","Relic","Relic","Card","Relic"],"build_version":"2020-12-22","purchased_purges":7,"victory":false,"max_hp_per_floor":[90,90,97,97,97,97,97,97,97,97,97,97,97,97,97,97,97,97,97,97,98,98,99,99,100,101,102,102,112,112,113,114,115,115,115,116,117,118,119,120,120,120,121,121,121,122,123,123,124,125,125,126,140,140,140,140,140],"relic_stats":{"counters":[30,43],"Bag of Preparation":[44],"Ginger":[6],"Whetstone":["sneckomod:SnakeSap","sneckomod:WideSting"],"War Paint":["Shrug It Off","MostiFishMod:DarkDeal"],"Orichalcum":[0],"Boot":[22],"SsserpentHead":650,"Nunchaku":[2],"Busted Crown":130,"FaceOfCleric":19,"Shuriken":[12],"Gambling Chip":[19],"obtain_stats":[{"champ:DuelingGlove":0,"Chi":29,"downfall:HeartBlessingGreen":48,"ice":0,"Ginger":40,"Whetstone":49,"MagicDraw4":47,"sneckomod:SneckoSoul":0,"Boot":15,"REME_IWantAll":27,"MagicDraw2":43,"HornCleat":36,"FaceOfCleric":20,"sneckomod:ConfusingCodex":29,"Strawberry":3,"HereWithMe":0,"REME_ArchaeologicalTools":25,"Hololive_Finger":34,"REME_OnlineShoppingPlatform":28,"hubris:Teleporter":13,"hubris:DuctTape":10,"Oddly Smooth Stone":35,"hubris:SphereOfDissonance":41,"Guardian:PocketSentry":26,"War Paint":21,"REME_LimitBreaker":52,"Akabeko":7,"Ling":29,"Shuriken":23,"CultistMask":20,"Slimebound:PreparedRelic":32,"hubris:ToyBattleship":2,"Technique":54,"NlothsMask":20,"ChiLing":29,"DaveBox":0,"sneckomod:BlankCard":28,"GremlinMask":20,"Mango":53,"Bag of Preparation":14,"hubris:SlimyHat":19,"Empty Cage":17,"SsserpentHead":20,"Nunchaku":38,"hubris:Icosahedron":22,"downfall:HeartBlessingBlue":29,"Slimebound:StickyStick":42,"Gambling Chip":31,"downfall:CloakOfManyFaces":20,"BirthdayGift-Tetrahedron":44,"Potion Belt":39,"hexamod:CandleOfCauterizing":9,"downfall:HeartBlessingRed":29,"hubris:MedicalManual":44,"hubris:Towel":4,"Orichalcum":37,"Hololive_LightStick":46,"Busted Crown":0,"REME_CardOfGreed":6,"Membership Card":35,"REME_PuzzleBoxRelic":48,"FossilizedHelix":53,"REME_ComplimentaryCards":0},{"champ:DuelingGlove":0,"Chi":16,"downfall:HeartBlessingGreen":27,"ice":0,"Ginger":24,"Whetstone":28,"MagicDraw4":27,"sneckomod:SneckoSoul":0,"Boot":8,"REME_IWantAll":16,"MagicDraw2":25,"HornCleat":20,"FaceOfCleric":11,"sneckomod:ConfusingCodex":16,"Strawberry":2,"HereWithMe":0,"REME_ArchaeologicalTools":14,"Hololive_Finger":19,"REME_OnlineShoppingPlatform":16,"hubris:Teleporter":6,"hubris:DuctTape":5,"Oddly Smooth Stone":19,"hubris:SphereOfDissonance":24,"Guardian:PocketSentry":15,"War Paint":12,"REME_LimitBreaker":30,"Akabeko":3,"Ling":16,"Shuriken":13,"CultistMask":11,"Slimebound:PreparedRelic":18,"hubris:ToyBattleship":1,"Technique":30,"NlothsMask":11,"ChiLing":16,"DaveBox":0,"sneckomod:BlankCard":16,"GremlinMask":11,"Mango":30,"Bag of Preparation":7,"hubris:SlimyHat":10,"Empty Cage":9,"SsserpentHead":11,"Nunchaku":22,"hubris:Icosahedron":12,"downfall:HeartBlessingBlue":16,"Slimebound:StickyStick":24,"Gambling Chip":17,"downfall:CloakOfManyFaces":11,"BirthdayGift-Tetrahedron":25,"Potion Belt":23,"hexamod:CandleOfCauterizing":4,"downfall:HeartBlessingRed":16,"hubris:MedicalManual":25,"hubris:Towel":2,"Orichalcum":21,"Hololive_LightStick":26,"Busted Crown":0,"REME_CardOfGreed":3,"Membership Card":19,"REME_PuzzleBoxRelic":27,"FossilizedHelix":30,"REME_ComplimentaryCards":0},{"champ:DuelingGlove":0,"Chi":27,"downfall:HeartBlessingGreen":40,"ice":0,"Ginger":37,"Whetstone":41,"MagicDraw4":40,"sneckomod:SneckoSoul":0,"Boot":18,"REME_IWantAll":27,"MagicDraw2":38,"HornCleat":31,"FaceOfCleric":22,"sneckomod:ConfusingCodex":27,"Strawberry":5,"HereWithMe":0,"REME_ArchaeologicalTools":25,"Hololive_Finger":30,"REME_OnlineShoppingPlatform":27,"hubris:Teleporter":15,"hubris:DuctTape":13,"Oddly Smooth Stone":30,"hubris:SphereOfDissonance":37,"Guardian:PocketSentry":26,"War Paint":23,"REME_LimitBreaker":43,"Akabeko":9,"Ling":27,"Shuriken":24,"CultistMask":22,"Slimebound:PreparedRelic":29,"hubris:ToyBattleship":2,"Technique":43,"NlothsMask":22,"ChiLing":27,"DaveBox":0,"sneckomod:BlankCard":27,"GremlinMask":22,"Mango":43,"Bag of Preparation":17,"hubris:SlimyHat":21,"Empty Cage":19,"SsserpentHead":22,"Nunchaku":33,"hubris:Icosahedron":23,"downfall:HeartBlessingBlue":27,"Slimebound:StickyStick":37,"Gambling Chip":28,"downfall:CloakOfManyFaces":22,"BirthdayGift-Tetrahedron":38,"Potion Belt":34,"hexamod:CandleOfCauterizing":10,"downfall:HeartBlessingRed":27,"hubris:MedicalManual":38,"hubris:Towel":5,"Orichalcum":32,"Hololive_LightStick":39,"Busted Crown":0,"REME_CardOfGreed":9,"Membership Card":30,"REME_PuzzleBoxRelic":40,"FossilizedHelix":43,"REME_ComplimentaryCards":0}]},"card_choices":[{"not_picked":["sneckomod:UnknownStrike","sneckomod:MixItUp"],"picked":"sneckomod:Unknown1Cost","floor":0.0},{"not_picked":["sneckomod:SoulRoll","sneckomod:Unknown1Cost"],"picked":"sneckomod:UnknownDraw","floor":0.0},{"not_picked":["sneckomod:SlitherStrike","sneckomod:UnknownX"],"picked":"sneckomod:SoulCleanse","floor":0.0},{"not_picked":["sneckomod:WideSting","sneckomod:UnknownUncommonPower"],"picked":"sneckomod:UnknownUncommonSkill","floor":0.0},{"not_picked":["sneckomod:ImprovisedAttack","sneckomod:QuickMove"],"picked":"sneckomod:TrashToTreasure","floor":0.0},{"not_picked":["sneckomod:RainOfDice","sneckomod:MasterEye"],"picked":"sneckomod:TrashToTreasure","floor":0.0},{"not_picked":["sneckomod:SoulRoll","sneckomod:Nope"],"picked":"sneckomod:UnknownDraw","floor":0.0},{"not_picked":["sneckomod:SoulRoll","sneckomod:UnknownBlock"],"picked":"sneckomod:Unknown1Cost","floor":0.0},{"not_picked":["sneckomod:RainOfDice","sneckomod:UnknownWeak"],"picked":"sneckomod:SoulDraw","floor":0.0},{"not_picked":["sneckomod:SoulDraw","sneckomod:SoulRoll"],"picked":"sneckomod:IronFang","floor":0.0},{"not_picked":["sneckomod:MasterEye","sneckomod:RainOfDice"],"picked":"sneckomod:SoulDraw","floor":0.0},{"not_picked":["sneckomod:PureSnecko","sneckomod:UnknownWeak"],"picked":"sneckomod:UnknownCommonSkill","floor":0.0},{"not_picked":["sneckomod:TrashToTreasure","sneckomod:IronFang"],"picked":"sneckomod:Unknown0Cost","floor":0.0},{"not_picked":["sneckomod:CheapStock","sneckomod:UnendingSupply"],"picked":"sneckomod:Unknown1Cost","floor":0.0},{"not_picked":["sneckomod:SoulRoll","sneckomod:SoulDraw"],"picked":"sneckomod:Nope","floor":0.0}],"player_experience":401169,"relics_obtained":[{"floor":2.0,"key":"hubris:ToyBattleship"},{"floor":3.0,"key":"Strawberry"},{"floor":7.0,"key":"Akabeko"},{"floor":9.0,"key":"hexamod:CandleOfCauterizing"},{"floor":13.0,"key":"hubris:Teleporter"},{"floor":14.0,"key":"Bag of Preparation"},{"floor":15.0,"key":"Boot"},{"floor":19.0,"key":"hubris:SlimyHat"},{"floor":20.0,"key":"downfall:CloakOfManyFaces"},{"floor":21.0,"key":"War Paint"},{"floor":23.0,"key":"Shuriken"},{"floor":25.0,"key":"REME_ArchaeologicalTools"},{"floor":26.0,"key":"Guardian:PocketSentry"},{"floor":27.0,"key":"REME_IWantAll"},{"floor":31.0,"key":"Gambling Chip"},{"floor":32.0,"key":"Slimebound:PreparedRelic"},{"floor":36.0,"key":"HornCleat"},{"floor":37.0,"key":"Orichalcum"},{"floor":38.0,"key":"Nunchaku"},{"floor":39.0,"key":"Potion Belt"},{"floor":40.0,"key":"Ginger"},{"floor":41.0,"key":"hubris:SphereOfDissonance"},{"floor":42.0,"key":"Slimebound:StickyStick"},{"floor":43.0,"key":"MagicDraw2"},{"floor":46.0,"key":"Hololive_LightStick"},{"floor":47.0,"key":"MagicDraw4"},{"floor":49.0,"key":"Whetstone"},{"floor":52.0,"key":"REME_LimitBreaker"}],"event_choices":[{"cards_removed":["sneckomod:TrashToTreasure"],"damage_healed":1.0,"max_hp_gain":0.0,"max_hp_loss":0.0,"gold_gain":0.0,"event_name":"Bonfire Elementals","player_choice":"Offered Uncommon","floor":5.0,"gold_loss":0.0,"damage_taken":0.0}],"is_beta":false,"boss_relics":[{"not_picked":["hubris:Stopwatch","Sozu"],"picked":"Empty Cage"},{"not_picked":["xbg","Astrolabe"],"picked":"Hololive_Finger"}],"items_purged_floors":[10,28,29,35,44,48,53],"is_endless":false,"potions_floor_spawned":[3,13,15,23,25,33,36,38,39,47,49,52],"killed_by":"downfall:NeowBoss","ascension_level":0}}