{"host":"srk2drlvga69hbot","time":1611475345,"event":{"mods":["BaseMod","Bestiary","Block Reminder","Colored Map","Colored Powertips","Dark Map","DeckTracker","Highlight Path","Minty Spire (QoL Compilation)","Quick Restart","Rare Cards Sparkle","Relic Stats","SuperFastMode","Unceasing Turn Reminder"],"gold_per_floor":[110,129,129,142,152,178,192,192,271,271,271,271,291,310,310,414,414,425,425,438,456,119,146,146,159,212,212,226,226,241,260,260,355,355,371,371,371,381,181,181,192,65,90,90,90],"floor_reached":44,"language":"ZHS","playtime":2292,"items_purged":["Strike_G","Defend_G","Strike_G"],"score":499,"play_id":"4ea6c915-f139-43f1-808a-c44a9a6ad964","local_time":"20210124160225","is_ascension_mode":true,"campfire_choices":[{"floor":10.0,"key":"REST"},{"floor":12.0,"key":"REST"},{"data":"Neutralize","floor":15.0,"key":"SMITH"},{"floor":24.0,"key":"REST"},{"data":"Strike_G","floor":27.0,"key":"PURGE"},{"floor":29.0,"key":"REST"},{"floor":32.0,"key":"REST"},{"floor":40.0,"key":"REST"}],"circlet_count":0,"master_deck":["Defend_G","Defend_G","Defend_G","Defend_G","Survivor","Neutralize+1","Flechettes+1","Acrobatics","Acrobatics","Phantasmal Killer","Underhanded Strike","Calculated Gamble","Adrenaline","Prepared+1","Concentrate","Setup+1","Escape Plan"],"relics":["Ring of the Snake","NeowsBlessing","Bottled Flame","HoveringKite","Nloth\u0027s Gift","Matryoshka","Peace Pipe","Happy Flower","Smiling Mask","Nunchaku","Frozen Egg 2","Bag of Marbles"],"acts_visited":["Exordium","TheCity","TheBeyond"],"potions_floor_usage":[],"damage_taken":[{"damage":0.0,"enemies":"Small Slimes","floor":1.0,"turns":1.0},{"damage":0.0,"enemies":"Cultist","floor":2.0,"turns":1.0},{"damage":0.0,"enemies":"Jaw Worm","floor":4.0,"turns":1.0},{"damage":10.0,"enemies":"Exordium Wildlife","floor":5.0,"turns":5.0},{"damage":34.0,"enemies":"Gremlin Nob","floor":6.0,"turns":5.0},{"damage":3.0,"enemies":"Red Slaver","floor":7.0,"turns":3.0},{"damage":1.0,"enemies":"3 Louse","floor":13.0,"turns":4.0},{"damage":0.0,"enemies":"2 Fungi Beasts","floor":14.0,"turns":3.0},{"damage":36.0,"enemies":"Hexaghost","floor":16.0,"turns":16.0},{"damage":11.0,"enemies":"Chosen","floor":18.0,"turns":7.0},{"damage":17.0,"enemies":"3 Byrds","floor":20.0,"turns":7.0},{"damage":10.0,"enemies":"Snake Plant","floor":21.0,"turns":3.0},{"damage":22.0,"enemies":"Slavers","floor":23.0,"turns":6.0},{"damage":11.0,"enemies":"Centurion and Healer","floor":25.0,"turns":5.0},{"damage":11.0,"enemies":"Shelled Parasite and Fungi","floor":28.0,"turns":3.0},{"damage":3.0,"enemies":"Snecko","floor":30.0,"turns":3.0},{"damage":2.0,"enemies":"Centurion and Healer","floor":31.0,"turns":4.0},{"damage":47.0,"enemies":"Champ","floor":33.0,"turns":10.0},{"damage":52.0,"enemies":"3 Darklings","floor":35.0,"turns":13.0},{"damage":42.0,"enemies":"3 Shapes","floor":38.0,"turns":4.0},{"damage":24.0,"enemies":"3 Darklings","floor":41.0,"turns":4.0},{"damage":0,"enemies":"Transient","floor":44,"turns":1}],"seed_played":"-4271424921220820406","potions_obtained":[{"floor":2.0,"key":"LiquidMemories"},{"floor":5.0,"key":"GamblersBrew"},{"floor":6.0,"key":"SkillPotion"},{"floor":16.0,"key":"Energy Potion"},{"floor":18.0,"key":"CunningPotion"},{"floor":28.0,"key":"GhostInAJar"},{"floor":31.0,"key":"Regen Potion"},{"floor":33.0,"key":"PowerPotion"},{"floor":37.0,"key":"GhostInAJar"},{"floor":37.0,"key":"CultistPotion"},{"floor":41.0,"key":"BlessingOfTheForge"}],"is_trial":false,"path_per_floor":["M","M","?","M","M","E","M","?","T","R","?","R","M","M","R","B",null,"M","?","M","M","$","E","R","M","T","R","M","R","M","M","R","B",null,"M","?","?","M","$","R","M","$","T","M"],"character_chosen":"THE_SILENT","items_purchased":["Matryoshka","Nunchaku","Escape Plan"],"campfire_rested":6,"item_purchase_floors":[22,39,42],"current_hp_per_floor":[70,70,70,70,60,26,23,16,16,37,37,58,57,57,57,21,70,59,59,42,32,32,10,31,20,20,20,9,30,27,25,46,14,70,18,61,61,19,19,37,13,13,13,13,13],"gold":90,"neow_bonus":"THREE_ENEMY_KILL","is_daily":false,"chose_seed":false,"campfire_upgraded":1,"win_rate":0.0,"timestamp":1611475345,"path_taken":["M","M","?","?","M","E","?","?","T","R","?","R","M","?","R","BOSS","M","?","M","?","$","E","R","M","T","R","M","R","M","M","R","BOSS","M","?","?","?","$","R","M","$","T","M"],"items_purchased_type":["Relic","Relic","Card"],"build_version":"2020-12-22","purchased_purges":3,"victory":false,"max_hp_per_floor":[70,70,70,70,70,70,70,70,70,70,70,70,70,70,70,70,70,70,70,70,70,70,70,70,70,70,70,70,70,70,70,70,70,70,70,61,61,61,61,61,61,61,61,61,61],"relic_stats":{"Peace Pipe":1,"Nunchaku":[1],"Happy Flower":[14],"counters":[22,109],"HoveringKite":[53],"Nloth\u0027s Gift":1,"Smiling Mask":125,"obtain_stats":[{"NeowsBlessing":0,"Happy Flower":26,"HoveringKite":17,"Frozen Egg 2":43,"Smiling Mask":26,"White Beast Statue":9,"Peace Pipe":23,"Bottled Flame":6,"Nunchaku":39,"Matryoshka":22,"Nloth\u0027s Gift":19,"Bag of Marbles":43,"Ring of the Snake":0},{"NeowsBlessing":0,"Happy Flower":14,"HoveringKite":9,"Frozen Egg 2":21,"Smiling Mask":14,"White Beast Statue":6,"Peace Pipe":13,"Bottled Flame":5,"Nunchaku":20,"Matryoshka":12,"Nloth\u0027s Gift":10,"Bag of Marbles":21,"Ring of the Snake":0},{"NeowsBlessing":0,"Happy Flower":67,"HoveringKite":39,"Frozen Egg 2":108,"Smiling Mask":67,"White Beast Statue":16,"Peace Pipe":62,"Bottled Flame":13,"Nunchaku":104,"Matryoshka":56,"Nloth\u0027s Gift":46,"Bag of Marbles":108,"Ring of the Snake":0}],"Ring of the Snake":[44]},"card_choices":[{"not_picked":["Outmaneuver","Blade Dance"],"picked":"Flechettes","floor":1.0},{"not_picked":["Underhanded Strike","Catalyst"],"picked":"Acrobatics","floor":2.0},{"not_picked":["Expertise","Poisoned Stab","Dash"],"picked":"SKIP","floor":4.0},{"not_picked":["Cloak And Dagger","Outmaneuver","Dodge and Roll"],"picked":"SKIP","floor":5.0},{"not_picked":["Deflect","Slice","PiercingWail"],"picked":"SKIP","floor":6.0},{"not_picked":["Bane","Dodge and Roll"],"picked":"Acrobatics","floor":7.0},{"not_picked":["All Out Attack","Riddle With Holes","Dagger Spray"],"picked":"SKIP","floor":13.0},{"not_picked":["Poisoned Stab","Blade Dance","Wraith Form v2"],"picked":"SKIP","floor":14.0},{"not_picked":["Unload","Night Terror"],"picked":"Phantasmal Killer","floor":16.0},{"not_picked":["Quick Slash","Backflip"],"picked":"Underhanded Strike","floor":18.0},{"not_picked":["Deadly Poison","Bane","Noxious Fumes+1"],"picked":"SKIP","floor":20.0},{"not_picked":["Sucker Punch","Terror","Cloak And Dagger"],"picked":"SKIP","floor":21.0},{"not_picked":["Flying Knee","Footwork+1","Deadly Poison"],"picked":"SKIP","floor":23.0},{"not_picked":["Masterful Stab","Slice","A Thousand Cuts"],"picked":"SKIP","floor":25.0},{"not_picked":["Riddle With Holes","Dodge and Roll","Deadly Poison"],"picked":"SKIP","floor":28.0},{"not_picked":["Poisoned Stab","Acrobatics","Dodge and Roll"],"picked":"SKIP","floor":30.0},{"not_picked":["Escape Plan","Dodge and Roll+1"],"picked":"Calculated Gamble","floor":31.0},{"not_picked":["Corpse Explosion","Die Die Die"],"picked":"Adrenaline","floor":33.0},{"not_picked":["Malaise","Flechettes"],"picked":"Prepared+1","floor":35.0},{"not_picked":["Skewer","Acrobatics+1"],"picked":"Concentrate","floor":38.0},{"not_picked":["Caltrops","Heel Hook"],"picked":"Setup+1","floor":41.0}],"player_experience":193434,"relics_obtained":[{"floor":6.0,"key":"Bottled Flame"},{"floor":9.0,"key":"White Beast Statue"},{"floor":23.0,"key":"Peace Pipe"},{"floor":26.0,"key":"Happy Flower"},{"floor":26.0,"key":"Smiling Mask"},{"floor":43.0,"key":"Frozen Egg 2"},{"floor":43.0,"key":"Bag of Marbles"}],"event_choices":[{"damage_healed":0.0,"max_hp_gain":0.0,"max_hp_loss":0.0,"gold_gain":0.0,"event_name":"Upgrade Shrine","player_choice":"Upgraded","floor":3.0,"gold_loss":0.0,"damage_taken":0.0,"cards_upgraded":["Flechettes"]},{"cards_removed":["Strike_G"],"damage_healed":0.0,"max_hp_gain":0.0,"max_hp_loss":0.0,"gold_gain":0.0,"event_name":"Golden Wing","player_choice":"Card Removal","floor":8.0,"gold_loss":0.0,"damage_taken":7.0},{"cards_removed":["Strike_G"],"damage_healed":0.0,"max_hp_gain":0.0,"max_hp_loss":0.0,"gold_gain":0.0,"event_name":"Living Wall","player_choice":"Forget","floor":11.0,"gold_loss":0.0,"damage_taken":0.0},{"damage_healed":0.0,"max_hp_gain":0.0,"max_hp_loss":0.0,"gold_gain":0.0,"event_name":"N\u0027loth","player_choice":"Traded Relic","floor":19.0,"relics_lost":["White Beast Statue"],"gold_loss":0.0,"damage_taken":0.0,"relics_obtained":["Nloth\u0027s Gift"]},{"damage_healed":61.0,"max_hp_gain":0.0,"max_hp_loss":9.0,"gold_gain":0.0,"event_name":"The Moai Head","player_choice":"Heal","floor":36.0,"gold_loss":0.0,"damage_taken":0.0},{"damage_healed":0.0,"max_hp_gain":0.0,"max_hp_loss":0.0,"gold_gain":0.0,"event_name":"Lab","player_choice":"Got Potions","floor":37.0,"gold_loss":0.0,"damage_taken":0.0}],"is_beta":false,"boss_relics":[{"not_picked":["WristBlade","SacredBark"],"picked":"HoveringKite"},{"not_picked":["Velvet Choker","Snecko Eye","Coffee Dripper"]}],"items_purged_floors":[22,39,42],"is_endless":false,"potions_floor_spawned":[2,5,6,13,14,16,18,28,31,33,41],"killed_by":"Transient","ascension_level":3}}