{"host":"nh70f3bv2bgakzh3","time":1611479529,"event":{"mods":["BaseMod","Downfall","Minty Spire (QoL Compilation)","StSLib","The Construct","The Mystic"],"gold_per_floor":[0,15,32,47,47,67,67,80,80,114,126,160,170,170,187,187,187,187],"floor_reached":16,"language":"ENG","playtime":1421,"items_purged":[],"score":118,"play_id":"7ca148ad-e238-4528-a9df-f1ef2a333906","local_time":"20210124041209","is_ascension_mode":false,"campfire_choices":[{"data":"bronze:AlphaBuild","floor":1,"key":"SMITH"}],"circlet_count":0,"master_deck":["bronze:Strike","bronze:Defend","bronze:Defend","bronze:Defend","bronze:Defend","bronze:Replicate","bronze:Goto","bronze:AlphaBuild+1","bronze:BronzeArmor","bronze:BronzeOrb","bronze:DigitalCarnage","bronze:Turbo","bronze:BuggyMess","downfall:Haunted","bronze:CloningBeam","bronze:Boost","bronze:Branch","bronze:ChosenStrike","bronze:ChosenStrike","bronze:FineTuning","bronze:ForLoop","bronze:Return"],"relics":["bronze:BronzeCore","Lantern","Shuriken","Meat on the Bone","Lizard Tail"],"acts_visited":["Exordium"],"potions_floor_usage":[11,16],"damage_taken":[{"damage":3,"enemies":"Jaw Worm","floor":2,"turns":3},{"damage":0,"enemies":"Cultist","floor":3,"turns":2},{"damage":2,"enemies":"Small Slimes","floor":4,"turns":3},{"damage":0,"enemies":"3 Louse","floor":6,"turns":3},{"damage":0,"enemies":"2 Fungi Beasts","floor":8,"turns":2},{"damage":10,"enemies":"Large Slime","floor":9,"turns":4},{"damage":7,"enemies":"3 Sentries","floor":10,"turns":6},{"damage":0,"enemies":"3 Louse","floor":11,"turns":1},{"damage":25,"enemies":"Lagavulin","floor":12,"turns":6},{"damage":0,"enemies":"Exordium Wildlife","floor":13,"turns":2},{"damage":1,"enemies":"3 Louse","floor":15,"turns":5},{"damage":99,"enemies":"DF_ARCHETYPE_STREAMLINE","floor":16,"turns":12}],"seed_played":"-2192849860233479874","potions_obtained":[{"floor":2,"key":"SpeedPotion"},{"floor":4,"key":"SkillPotion"},{"floor":8,"key":"bronze:BurnAndBuffPotion"},{"floor":10,"key":"Regen Potion"},{"floor":13,"key":"PowerPotion"}],"is_trial":false,"path_per_floor":["R","M","M","M","?","M","T","M","M","E","M","E","M","T","M","B"],"character_chosen":"THE_AUTOMATON","items_purchased":[],"campfire_rested":0,"item_purchase_floors":[],"current_hp_per_floor":[70,67,67,65,65,65,65,65,55,48,48,23,35,35,46,0,0,0],"gold":187,"neow_bonus":"THREE_RARE_CARDS","is_daily":false,"chose_seed":false,"campfire_upgraded":1,"win_rate":0.0,"timestamp":1611479529,"path_taken":["R","M","M","M","?","M","T","?","M","E","?","E","?","?","M","BOSS"],"items_purchased_type":[],"build_version":"2020-12-22","purchased_purges":0,"victory":false,"max_hp_per_floor":[70,70,70,70,70,70,70,70,70,70,70,70,70,70,70,70,70,70],"card_choices":[{"not_picked":["bronze:SpaghettiCode","bronze:FindAndReplace"],"picked":"bronze:AlphaBuild","floor":0},{"not_picked":["bronze:DarkDash","bronze:Shell"],"picked":"bronze:BronzeArmor","floor":2},{"not_picked":["bronze:Iterate","bronze:WhirlingStrike"],"picked":"bronze:BronzeOrb","floor":3},{"not_picked":["bronze:Repair","bronze:FineTuning"],"picked":"bronze:DigitalCarnage","floor":4},{"not_picked":["bronze:Iterate","bronze:Repulsor"],"picked":"bronze:Boost","floor":6},{"not_picked":["bronze:DelayedSlice","bronze:MaxOutput"],"picked":"bronze:Branch","floor":8},{"not_picked":["bronze:Safeguard","bronze:DelayedSlice"],"picked":"bronze:ChosenStrike","floor":9},{"not_picked":["bronze:CloningBeam","bronze:OilSpill"],"picked":"bronze:ChosenStrike","floor":10},{"not_picked":["bronze:Turbo","bronze:Iterate"],"picked":"bronze:FineTuning","floor":11},{"not_picked":["bronze:GetLatest","bronze:Invalidate"],"picked":"bronze:ForLoop","floor":12},{"not_picked":["bronze:ItsAFeature","bronze:Deprecate"],"picked":"bronze:Return","floor":13},{"not_picked":["bronze:WhirlingStrike","bronze:RecursiveStrike","bronze:Frontload"],"picked":"SKIP","floor":15}],"player_experience":59931,"relics_obtained":[{"floor":7,"key":"Lantern"},{"floor":10,"key":"Shuriken"},{"floor":12,"key":"Meat on the Bone"},{"floor":14,"key":"Lizard Tail"}],"event_choices":[],"is_beta":false,"boss_relics":[],"items_purged_floors":[],"is_endless":false,"potions_floor_spawned":[2,4,8,10,13,15],"killed_by":"DF_ARCHETYPE_STREAMLINE","ascension_level":0}}