{"host":"c3lc60y5x60jlt1y","time":1611474179,"event":{"mods":["AchievementEnabler","BaseMod","Bestiary","Colored Map","Minty Spire (QoL Compilation)","Quick Restart","StSLib","ojb\u0027s Info Mod"],"gold_per_floor":[110,121,121,121,42,42,54,83,83,96,96,21,41,72,72,72,72],"floor_reached":16,"language":"ENG","playtime":31539,"items_purged":["Strike_B"],"score":209,"play_id":"d5d65fc5-b4aa-436d-8dd8-2c630033e755","local_time":"20210124094259","is_ascension_mode":true,"campfire_choices":[{"data":"Genetic Algorithm","floor":6.0,"key":"SMITH"},{"floor":11.0,"key":"REST"},{"data":"Streamline","floor":15,"key":"SMITH"}],"circlet_count":0,"master_deck":["AscendersBane","Strike_B","Strike_B","Strike_B","Defend_B","Defend_B","Defend_B","Defend_B","Zap","Dualcast","Capacitor","Genetic Algorithm+1","Streamline+1","Rainbow","Hologram","Fusion","Undo","Chill"],"relics":["Cracked Core","Torii","Prayer Wheel","Mango","Bottled Lightning"],"acts_visited":["Exordium"],"potions_floor_usage":[],"damage_taken":[{"damage":1.0,"enemies":"Small Slimes","floor":1.0,"turns":3.0},{"damage":7.0,"enemies":"Jaw Worm","floor":2.0,"turns":3.0},{"damage":1.0,"enemies":"Cultist","floor":7.0,"turns":4.0},{"damage":44.0,"enemies":"Gremlin Nob","floor":8.0,"turns":4.0},{"damage":15.0,"enemies":"Large Slime","floor":10.0,"turns":6.0},{"damage":7.0,"enemies":"2 Fungi Beasts","floor":13.0,"turns":4.0},{"damage":13.0,"enemies":"Lagavulin","floor":14.0,"turns":6.0},{"damage":1,"enemies":"Hexaghost","floor":16,"turns":9}],"seed_played":"-276197625624256895","potions_obtained":[{"floor":2.0,"key":"Dexterity Potion"},{"floor":8.0,"key":"AttackPotion"}],"is_trial":false,"path_per_floor":["M","M","?","?","$","R","M","E","T","M","R","$","M","E","R","B"],"character_chosen":"DEFECT","items_purchased":["DistilledChaos"],"campfire_rested":1,"item_purchase_floors":[5],"current_hp_per_floor":[63,56,56,49,49,49,48,4,18,3,28,28,21,8,8,7,7],"gold":72,"neow_bonus":"ONE_RARE_RELIC","is_daily":false,"chose_seed":false,"campfire_upgraded":2,"win_rate":0.0,"timestamp":1611474179,"path_taken":["M","M","?","?","?","R","M","E","T","M","R","$","?","E","R","BOSS"],"items_purchased_type":["Potion"],"build_version":"2020-12-22","purchased_purges":1,"victory":false,"max_hp_per_floor":[71,71,71,71,71,71,71,71,85,85,85,85,85,85,85,85,85],"card_choices":[{"not_picked":["Chill","Compile Driver"],"picked":"Capacitor","floor":1.0},{"not_picked":["Conserve Battery","Turbo"],"picked":"Genetic Algorithm","floor":2.0},{"not_picked":["Redo","Reinforced Body"],"picked":"Streamline","floor":7.0},{"not_picked":["Aggregate","Fission"],"picked":"Rainbow","floor":8.0},{"not_picked":["Streamline","Force Field"],"picked":"Hologram","floor":10.0},{"not_picked":["Gash","Hologram"],"picked":"Fusion","floor":10.0},{"not_picked":["Steam Power","Scrape"],"picked":"Undo","floor":13.0},{"not_picked":["Ball Lightning","Streamline","Aggregate"],"picked":"SKIP","floor":13.0},{"not_picked":["Recycle","BootSequence"],"picked":"Chill","floor":14.0}],"player_experience":8444508,"relics_obtained":[{"floor":8.0,"key":"Prayer Wheel"},{"floor":9.0,"key":"Mango"},{"floor":14.0,"key":"Bottled Lightning"}],"event_choices":[{"damage_healed":0.0,"max_hp_gain":0.0,"max_hp_loss":0.0,"gold_gain":0.0,"event_name":"Liars Game","player_choice":"Ignored","floor":3.0,"gold_loss":0.0,"damage_taken":0.0},{"cards_removed":["Normality"],"damage_healed":0.0,"max_hp_gain":0.0,"max_hp_loss":0.0,"gold_gain":0.0,"event_name":"Golden Wing","player_choice":"Card Removal","floor":4.0,"gold_loss":0.0,"damage_taken":7.0}],"is_beta":false,"boss_relics":[],"items_purged_floors":[12],"is_endless":false,"potions_floor_spawned":[2,7,8],"killed_by":"Hexaghost","ascension_level":18}}