{"host":"h1qktzcccqnez8tx","time":1611447840,"event":{"mods":["BaseMod","Block Reminder","Colored Map","Colored Powertips","Curses Come First","Highlight Path","Infinite Spire","Minty Spire (QoL Compilation)","Permanent Neow","Quick Restart","Replay The Spire","StSLib","The Jungle"],"gold_per_floor":[118,135,34,45,57,57,88,106,106,31,42,70,85,114,114,217,217,236,54,71,82,117,148,148,178,202,216,227,243,243,243,243,345,345,363,363,377,396,409,409,442,30,30,42,42,92,92,103,103,103,103,103,36,67,67,67],"floor_reached":55,"language":"ENG","playtime":2110,"items_purged":["Hallucinations","Strike_R","Pain"],"score":862,"play_id":"f90b63d4-275a-4de3-9bb2-d2bc0bc7db69","local_time":"20210124012400","is_ascension_mode":true,"campfire_choices":[{"data":"Whirlwind","floor":6,"key":"SMITH"},{"data":"Spot Weakness","floor":15,"key":"SMITH"},{"floor":30,"key":"REST"},{"data":"Inflame","floor":32,"key":"SMITH"},{"data":"Demon Form","floor":40,"key":"SMITH"},{"floor":45,"key":"REST"},{"data":"Limit Break","floor":47,"key":"SMITH"},{"floor":49,"key":"RECALL"},{"data":"Disarm","floor":52,"key":"SMITH"}],"circlet_count":0,"master_deck":["Strike_R","Strike_R","Strike_R","Strike_R","Defend_R","Defend_R+1","Defend_R","Defend_R+1","Bash","Wild Strike","Clothesline","Metallicize","Metallicize","Wild Strike","Spot Weakness+1","Whirlwind+1","Wild Strike","Inflame","Cleave","Disarm+1","Demon Form+1","ReplayTheSpireMod:Limb From Limb+1","Inflame","Inflame+1","Whirlwind+1","True Grit+1","Shockwave","Impervious","True Grit+1","Twin Strike","Flame Barrier","Headbutt+1","Wild Strike+1","Impervious","Decay","Limit Break+1","Bloodletting"],"relics":["Cursed Key","Simple Rune","PreservedInsect","Meat on the Bone","Bottled Lightning","Mark of Pain","Red Mask","Red Skull","Shovel","Replay:Mystery Machine","Runic Cube","Ring of Fury","Bag of Marbles","infinitespire:Bottled Soul","Pantograph","Ice Cream","Sundial"],"acts_visited":["Exordium","TheCity","TheBeyond","TheEnding"],"potions_floor_usage":[7,22,22,28,33,39,39,44,50,54,55,55],"damage_taken":[{"damage":0,"enemies":"Cultist","floor":1,"turns":3},{"damage":2,"enemies":"2 Louse","floor":2,"turns":2},{"damage":6,"enemies":"Small Slimes","floor":4,"turns":3},{"damage":5,"enemies":"Exordium Wildlife","floor":5,"turns":4},{"damage":14,"enemies":"Lagavulin","floor":7,"turns":6},{"damage":5,"enemies":"Looter","floor":8,"turns":3},{"damage":5,"enemies":"3 Louse","floor":11,"turns":2},{"damage":10,"enemies":"Gremlin Nob","floor":12,"turns":3},{"damage":7,"enemies":"Lots of Slimes","floor":13,"turns":4},{"damage":15,"enemies":"Lagavulin","floor":14,"turns":4},{"damage":8,"enemies":"The Guardian","floor":16,"turns":12},{"damage":6,"enemies":"Shell Parasite","floor":18,"turns":3},{"damage":12,"enemies":"Chosen","floor":20,"turns":3},{"damage":24,"enemies":"Snake Plant","floor":21,"turns":3},{"damage":24,"enemies":"Masked Bandits","floor":22,"turns":4},{"damage":23,"enemies":"Book of Stabbing","floor":23,"turns":3},{"damage":7,"enemies":"Gremlin Leader","floor":25,"turns":3},{"damage":13,"enemies":"Centurion and Healer","floor":27,"turns":2},{"damage":14,"enemies":"Shelled Parasite and Fungi","floor":28,"turns":3},{"damage":7,"enemies":"Snake Plant","floor":29,"turns":3},{"damage":10,"enemies":"Champ","floor":33,"turns":9},{"damage":23,"enemies":"3 Darklings","floor":35,"turns":2},{"damage":14,"enemies":"3 Shapes","floor":37,"turns":6},{"damage":26,"enemies":"Spire Growth","floor":38,"turns":5},{"damage":13,"enemies":"Jaw Worm Horde","floor":39,"turns":3},{"damage":25,"enemies":"Giant Head","floor":41,"turns":6},{"damage":0,"enemies":"4 Shapes","floor":44,"turns":2},{"damage":11,"enemies":"Mind Bloom Boss Battle","floor":46,"turns":5},{"damage":0,"enemies":"3 Darklings","floor":48,"turns":1},{"damage":46,"enemies":"Time Eater","floor":50,"turns":7},{"damage":24,"enemies":"Shield and Spear","floor":54,"turns":3},{"damage":81,"enemies":"The Heart","floor":55,"turns":6}],"seed_played":"-8866876432065045750","potions_obtained":[{"floor":5,"key":"ColorlessPotion"},{"floor":8,"key":"Explosive Potion"},{"floor":11,"key":"Fire Potion"},{"floor":12,"key":"SmokeBomb"},{"floor":25,"key":"Elixir"},{"floor":27,"key":"FearPotion"},{"floor":33,"key":"Energy Potion"},{"floor":35,"key":"Weak Potion"},{"floor":39,"key":"Energy Potion"},{"floor":41,"key":"SneckoOil"},{"floor":46,"key":"Toxic Potion"},{"floor":54,"key":"SpeedPotion"}],"is_trial":false,"path_per_floor":["M","M","$","M","M","R","E","M","T","$","M","E","M","E","R","B",null,"M","$","M","M","?","E","AVR","E","T","M","M","M","R","?","R","B",null,"M","?","M","M","M","R","E","$","T","M","R","?","R","M","R","B",null,"R","$","E","B"],"character_chosen":"IRONCLAD","items_purchased":["Metallicize","Wild Strike","Inflame","Whirlwind","PowerPotion","infinitespire:Bottled Soul","Block Potion","Bloodletting"],"campfire_rested":2,"item_purchase_floors":[3,3,19,19,19,42,42,53],"current_hp_per_floor":[80,78,78,72,67,67,53,48,48,48,43,33,38,35,35,39,80,74,74,62,50,38,27,27,32,32,31,29,34,58,58,58,48,80,57,57,43,29,28,28,15,15,15,27,51,65,65,65,65,46,80,80,80,56,0,0],"gold":67,"neow_bonus":"BOSS_RELIC","is_daily":false,"chose_seed":false,"campfire_upgraded":6,"win_rate":0.0,"timestamp":1611447840,"path_taken":["M","M","$","M","M","R","E","M","T","$","M","E","M","E","R","BOSS","M","?","M","M","?","E","AVR","E","T","M","M","M","R","?","R","BOSS","M","?","M","M","M","R","E","$","T","M","R","?","R","M","R","BOSS","R","$","E","BOSS"],"items_purchased_type":["Card","Card","Card","Card","Potion","Relic","Potion","Card"],"build_version":"2020-12-22","purchased_purges":3,"victory":false,"max_hp_per_floor":[80,80,80,80,80,80,80,80,80,80,80,80,80,80,80,80,80,80,80,80,80,80,80,80,80,80,80,80,80,80,80,80,80,80,80,80,80,80,80,80,80,80,80,80,80,80,80,80,80,80,80,80,80,80,80,80],"card_choices":[{"not_picked":["Headbutt","Dark Embrace"],"picked":"Wild Strike","floor":1},{"not_picked":["Rupture","Havoc"],"picked":"Clothesline","floor":2},{"not_picked":["Perfected Strike","Twin Strike"],"picked":"Spot Weakness","floor":4},{"not_picked":["Warcry","Clothesline"],"picked":"Whirlwind","floor":5},{"not_picked":["Clash","Heavy Blade","Armaments"],"picked":"SKIP","floor":7},{"not_picked":["Armaments","Abandon"],"picked":"Wild Strike","floor":8},{"not_picked":["Anger","Iron Wave"],"picked":"Inflame","floor":11},{"not_picked":["Iron Wave","ReplayTheSpireMod:Strike From Hell"],"picked":"Cleave","floor":12},{"not_picked":["Uppercut","ReplayReversal"],"picked":"Disarm","floor":13},{"not_picked":["Body Slam","Heavy Blade"],"picked":"Demon Form","floor":14},{"not_picked":["True Grit","Anger"],"picked":"ReplayTheSpireMod:Limb From Limb+1","floor":18},{"not_picked":["Sword Boomerang","Entrench","Defy Death"],"picked":"SKIP","floor":20},{"not_picked":["Entrench","Run Through"],"picked":"True Grit+1","floor":21},{"not_picked":["ReplayReversal","Thunderclap"],"picked":"Shockwave","floor":22},{"not_picked":["Warcry","Intimidate"],"picked":"Impervious","floor":23},{"not_picked":["Replay:Undeath\u0027s Touch","Combust+1","Pummel"],"picked":"SKIP","floor":25},{"not_picked":["ReplayTheSpireMod:LeadingStrike","ReplayTheSpireMod:Strike From Hell+1","Infernal Blade"],"picked":"SKIP","floor":27},{"not_picked":["Run Through+1","Cleave","Warcry+1"],"picked":"SKIP","floor":28},{"not_picked":["Run Through+1","Clothesline"],"picked":"True Grit+1","floor":29},{"not_picked":["Uppercut","Armaments"],"picked":"Twin Strike","floor":35},{"not_picked":["Flex+1","Evolve"],"picked":"Flame Barrier","floor":37},{"not_picked":["Clash","Shockwave+1"],"picked":"Headbutt+1","floor":38},{"not_picked":["Dark Embrace","Headbutt"],"picked":"Wild Strike+1","floor":39},{"not_picked":["Headbutt+1","Run Through+1"],"picked":"Impervious","floor":41},{"not_picked":["Reckless Charge","Run Through","Body Slam"],"picked":"SKIP","floor":44},{"not_picked":["Massacre+1","Wild Strike"],"picked":"Limit Break","floor":46},{"not_picked":["Body Slam+1","Entrench+1","Twin Strike"],"picked":"SKIP","floor":48},{"not_picked":["Flame Barrier","Havoc","Rupture"],"picked":"SKIP","floor":54}],"player_experience":110284,"relics_obtained":[{"floor":7,"key":"Simple Rune"},{"floor":9,"key":"PreservedInsect"},{"floor":12,"key":"Meat on the Bone"},{"floor":14,"key":"Bottled Lightning"},{"floor":22,"key":"Red Mask"},{"floor":23,"key":"Red Skull"},{"floor":25,"key":"Replay:Mystery Machine"},{"floor":36,"key":"Ring of Fury"},{"floor":41,"key":"Bag of Marbles"},{"floor":43,"key":"Pantograph"},{"floor":46,"key":"Ice Cream"},{"floor":54,"key":"Sundial"}],"event_choices":[{"damage_healed":0,"gold_gain":0,"player_choice":"Fought Bandits","damage_taken":0,"max_hp_gain":0,"max_hp_loss":0,"event_name":"Masked Bandits","floor":22,"gold_loss":0},{"damage_healed":0,"gold_gain":0,"player_choice":"Forge","damage_taken":0,"max_hp_gain":0,"max_hp_loss":0,"event_name":"Accursed Blacksmith","floor":31,"gold_loss":0,"cards_upgraded":["Whirlwind"]},{"damage_healed":0,"gold_gain":0,"player_choice":"Fight","damage_taken":0,"max_hp_gain":0,"max_hp_loss":0,"event_name":"MindBloom","floor":46,"gold_loss":0}],"is_beta":false,"boss_relics":[{"not_picked":["SacredBark","infinitespire:Cupcake"],"picked":"Mark of Pain"},{"not_picked":["Replay:Drink Me","ChewingGum"],"picked":"Runic Cube"}],"items_purged_floors":[10,24,42],"is_endless":false,"potions_floor_spawned":[5,8,11,12,14,16,25,27,33,35,39,41,46,54],"killed_by":"The Heart","ascension_level":2}}