{"host":"rkezzvf6da7mjjsm","time":1611509937,"event":{"mods":["BaseMod","Colored Map","Downfall","Minty Spire (QoL Compilation)","StSLib"],"gold_per_floor":[99,99,99,99,119,219,288,302,302,327,327,327,327,327],"floor_reached":12,"language":"ENG","playtime":665,"items_purged":[],"score":74,"play_id":"977a40f5-584f-4f41-95d3-526108c64356","local_time":"20210125043857","is_ascension_mode":false,"campfire_choices":[{"data":"hexamod:Float","floor":1,"key":"SMITH"},{"floor":9,"key":"REST"}],"circlet_count":0,"master_deck":["hexamod:Strike","hexamod:Strike","hexamod:Defend","hexamod:Defend","hexamod:Defend","hexamod:Defend","hexamod:Sear","hexamod:Float+1","hexamod:AdvancingGuard","hexamod:GhostOfSpireFuture+1","hexamod:ChargedBarrage","hexamod:FirstSeal","hexamod:Firestarter","hexamod:PhantomFireball","hexamod:NightmareGuise","hexamod:EmpoweredFlame"],"relics":["hexamod:SpiritBrand","downfall:HeartsMalice","Matryoshka","Toxic Egg 2","hexamod:MatchstickCase"],"acts_visited":["Exordium"],"potions_floor_usage":[6,12],"damage_taken":[{"damage":0,"enemies":"Jaw Worm","floor":2,"turns":1},{"damage":0,"enemies":"2 Louse","floor":3,"turns":1},{"damage":0,"enemies":"Cultist","floor":4,"turns":1},{"damage":12,"enemies":"2 Fungi Beasts","floor":5,"turns":5},{"damage":51,"enemies":"downfall:Heads","floor":6,"turns":7},{"damage":4,"enemies":"Large Slime","floor":8,"turns":6},{"damage":23,"enemies":"Lagavulin","floor":10,"turns":8},{"damage":19,"enemies":"Gremlin Nob","floor":12,"turns":3}],"seed_played":"-5742560246468353527","potions_obtained":[{"floor":5,"key":"LiquidMemories"},{"floor":8,"key":"SteroidPotion"},{"floor":10,"key":"BlessingOfTheForge"}],"is_trial":false,"path_per_floor":["R","M","M","M","M","?","T","M","R","E","?","E"],"character_chosen":"THE_SPIRIT","items_purchased":[],"campfire_rested":1,"item_purchase_floors":[],"current_hp_per_floor":[70,70,70,70,58,7,7,10,31,15,8,0,0,0],"gold":327,"neow_bonus":"THREE_ENEMY_KILL","is_daily":false,"chose_seed":false,"campfire_upgraded":1,"win_rate":0.0,"timestamp":1611509937,"path_taken":["R","M","M","M","M","?","T","M","R","E","?","E"],"items_purchased_type":[],"build_version":"2020-12-22","purchased_purges":0,"victory":false,"max_hp_per_floor":[70,70,70,70,70,70,70,70,70,70,70,70,70,70],"card_choices":[{"not_picked":["hexamod:HeatMetal","hexamod:NightmareStrike"],"picked":"hexamod:AdvancingGuard","floor":2},{"not_picked":["hexamod:ThermalTransfer","hexamod:SpectersWail"],"picked":"hexamod:GhostOfSpireFuture","floor":3},{"not_picked":["hexamod:GhostflameBarrier","hexamod:PowerFromBeyond"],"picked":"hexamod:ChargedBarrage","floor":4},{"not_picked":["hexamod:RecurringNightmare","hexamod:EtherealExpedition"],"picked":"hexamod:FirstSeal","floor":5},{"not_picked":["hexamod:BurningTouch","hexamod:DynamicBlow"],"picked":"hexamod:PhantomFireball","floor":6},{"not_picked":["hexamod:RetreatToShadows","hexamod:PhantomFireball"],"picked":"hexamod:NightmareGuise","floor":8},{"not_picked":["hexamod:GhostflameBarrier+1","hexamod:RetreatToShadows+1"],"picked":"hexamod:EmpoweredFlame","floor":10}],"player_experience":645201,"relics_obtained":[{"floor":7,"key":"Matryoshka"},{"floor":10,"key":"Toxic Egg 2"}],"event_choices":[{"damage_healed":0,"gold_gain":0,"player_choice":"Success","damage_taken":7,"relics_obtained":["hexamod:MatchstickCase"],"max_hp_gain":0,"max_hp_loss":0,"event_name":"Scrap Ooze","floor":11,"gold_loss":0}],"is_beta":false,"boss_relics":[],"items_purged_floors":[],"is_endless":false,"potions_floor_spawned":[5,8,10],"killed_by":"Gremlin Nob","ascension_level":0}}