{"host":"ywif2ugnepgiw45s","time":1611499466,"event":{"mods":["Act Like it!","BaseMod","Better Skull","Downfall","Elementarium","GifTheSpireLib","Hermit","Marisa????????","Minty Spire (QoL Compilation)","READ ME - Guardian Mod","Replay The Spire","Shade Mod","Shop Mod","StSLib","The Cursed","The Jungle","The Runesmith","The Servant 0.9.4"],"gold_per_floor":[99,114,134,145,162,172,196,196,208,40,40,40,67,79,99,99,99,99],"floor_reached":16,"language":"ENG","playtime":800,"items_purged":[],"score":106,"play_id":"e6009d5c-9e54-413f-a6dc-052ed321a876","local_time":"20210124094426","is_ascension_mode":false,"campfire_choices":[{"floor":1,"key":"DIG"},{"floor":8,"key":"RECALL"},{"data":"bronze:SpaghettiCode","floor":12,"key":"SMITH"}],"circlet_count":0,"master_deck":["bronze:Strike","bronze:Strike","bronze:Strike","bronze:Defend","bronze:Defend","bronze:Defend","bronze:Defend","bronze:Replicate","bronze:Goto","bronze:ClassDefault","bronze:Branch","bronze:Optimize","bronze:DelayedSlice","bronze:Philosophize","bronze:SpaghettiCode+1","bronze:HyperBeam","bronze:ChosenStrike"],"relics":["bronze:BronzeCore","Blood Vial","Replay:Mystery Machine","Runesmith:AutoHammer","MealTicket"],"acts_visited":["Exordium"],"potions_floor_usage":[10,13,14,16],"damage_taken":[{"damage":4,"enemies":"2 Louse","floor":2,"turns":3},{"damage":0,"enemies":"Small Slimes","floor":3,"turns":4},{"damage":1,"enemies":"Jaw Worm","floor":4,"turns":5},{"damage":2,"enemies":"Blue Slaver","floor":5,"turns":6},{"damage":13,"enemies":"Red Slaver","floor":6,"turns":6},{"damage":16,"enemies":"Exordium Thugs","floor":9,"turns":3},{"damage":10,"enemies":"downfall:FleeingMerchant","floor":10,"turns":4},{"damage":24,"enemies":"Lagavulin","floor":13,"turns":4},{"damage":16,"enemies":"2 Fungi Beasts","floor":14,"turns":3},{"damage":11,"enemies":"Large Slime","floor":15,"turns":3},{"damage":12,"enemies":"WA_ARCHETYPE_RETAIN","floor":16,"turns":2}],"seed_played":"8843812457587153663","potions_obtained":[{"floor":2,"key":"PowerPotion"},{"floor":4,"key":"Energy Potion"},{"floor":5,"key":"champ:CounterPotion"},{"floor":13,"key":"Fire Potion"},{"floor":14,"key":"Fruit Juice"}],"is_trial":false,"path_per_floor":["R","M","M","M","M","M","T","R","M","$","?","R","E","M","M","B"],"character_chosen":"THE_AUTOMATON","items_purchased":["Runesmith:AutoHammer"],"campfire_rested":0,"item_purchase_floors":[10],"current_hp_per_floor":[77,73,75,76,75,64,64,64,50,42,42,42,20,11,2,0,0,0],"gold":99,"neow_bonus":"TEN_PERCENT_HP_BONUS","is_daily":false,"chose_seed":false,"campfire_upgraded":1,"win_rate":0.0,"timestamp":1611499466,"path_taken":["R","M","M","M","M","M","T","R","M","$","?","R","E","M","M","BOSS"],"items_purchased_type":["Relic"],"build_version":"2020-12-22","purchased_purges":0,"victory":false,"max_hp_per_floor":[77,77,77,77,77,77,77,77,77,77,77,77,77,82,82,82,82,82],"card_choices":[{"not_picked":["bronze:Turbo","bronze:Shield"],"picked":"bronze:ClassDefault","floor":2},{"not_picked":["bronze:Iterate","bronze:Shield"],"picked":"bronze:Branch","floor":3},{"not_picked":["bronze:Overheat","bronze:Turbo"],"picked":"bronze:Optimize","floor":4},{"not_picked":["bronze:Iterate","bronze:Deprecate"],"picked":"bronze:DelayedSlice","floor":5},{"not_picked":["bronze:BitShift","bronze:DigitalCarnage"],"picked":"bronze:Philosophize","floor":6},{"not_picked":["bronze:Iterate","bronze:Frontload"],"picked":"bronze:SpaghettiCode","floor":9},{"not_picked":["bronze:Invalidate","bronze:Branch","bronze:DigitalCarnage"],"picked":"SKIP","floor":10},{"not_picked":["bronze:DelayedSlice","bronze:BuggyMess"],"picked":"bronze:HyperBeam","floor":13},{"not_picked":["bronze:DelayedGuard","bronze:OilSpill"],"picked":"bronze:ChosenStrike","floor":14},{"not_picked":["bronze:CutThrough","bronze:ForLoop","bronze:Frontload"],"picked":"SKIP","floor":15}],"player_experience":1737300,"relics_obtained":[{"floor":1,"key":"Blood Vial"},{"floor":7,"key":"Replay:Mystery Machine"},{"floor":13,"key":"MealTicket"}],"event_choices":[],"is_beta":false,"boss_relics":[],"items_purged_floors":[],"is_endless":false,"potions_floor_spawned":[2,4,5,13,14],"killed_by":"WA_ARCHETYPE_RETAIN","ascension_level":0}}