{"host":"wmtpv4eernmufsky","time":1611502911,"event":{"mods":["ATMod(阿瑾Mod)","Act Like it!","Arknights The Spire","Ascension Reborn","Aspiration","BaseMod","Decade(王小明)","FoggyMod","Friendly Minions","Gensokyo","KinomotoSakuraMod(木之本樱)","Minty Spire (QoL Compilation)","MostiFishMod","Remilia（蕾米莉亚）","StSLib","The Alterego","The Servant 0.9.4","TheWitcher","Waifu the Spire","Yakumo Yukari mod","Youmu（魂魄妖梦）","【功能Mod】混沌之环修复补丁","【功能Mod】聪明的最终Boss","残留之物"],"gold_per_floor":[113,146,146,170,143,143,151,151,151,151,151,151,151],"floor_reached":12,"language":"ZHS","playtime":970,"items_purged":[],"score":101,"play_id":"392b664a-a800-40c2-8981-b9eb243e285b","local_time":"20210124234151","is_ascension_mode":true,"campfire_choices":[{"data":"SnafuTest:PowerCrimsonRitual","floor":6,"key":"SMITH"},{"data":"SnafuTest:CareTaker","floor":8,"key":"SMITH"}],"circlet_count":0,"master_deck":["SnafuTest:DefaultCommonAttack","SnafuTest:DefaultCommonAttack","SnafuTest:DefaultCommonAttack","SnafuTest:BountyHunt","SnafuTest:DefaultCommonSkill","SnafuTest:DefaultCommonSkill","SnafuTest:DefaultCommonSkill","SnafuTest:SignIgni","AT_FamilyPortrait","SnafuTest:MCSongOfPeace","SnafuTest:PowerCrimsonRitual+1","SnafuTest:SwiftAssault","SnafuTest:CareTaker+1","SnafuTest:WorldMap","SnafuTest:SmashingSlash+1"],"relics":["SnafuTest:UnstableMutagenRelic","AT_ATBox","DaveBox","ThornShield","SynthV:TestCard","Pear","AT_SilvercatRing"],"acts_visited":["Gensokyo:Gensokyo"],"potions_floor_usage":[],"damage_taken":[{"damage":11.0,"enemies":"Gensokyo:Python","floor":1.0,"turns":3.0},{"damage":27,"enemies":"Gensokyo:Aya","floor":2,"turns":8},{"damage":9,"enemies":"Gensokyo:3_Fairies","floor":4,"turns":4},{"damage":15,"enemies":"Gensokyo:2_Kodama","floor":7,"turns":3},{"damage":0,"enemies":"Gensokyo:Aya","floor":12,"turns":1}],"seed_played":"1782991739446606298","potions_obtained":[{"floor":7,"key":"Ancient Potion"}],"is_trial":false,"path_per_floor":["M","M","?","M","$","R","M","R","T","?","?","E"],"character_chosen":"THE_WITCHER","items_purchased":["SnafuTest:SwiftAssault"],"campfire_rested":0,"item_purchase_floors":[5],"current_hp_per_floor":[71,54,63,54,54,54,39,39,39,39,30,30,30],"gold":151,"neow_bonus":"TEN_PERCENT_HP_BONUS","is_daily":false,"chose_seed":false,"campfire_upgraded":2,"win_rate":0.0,"timestamp":1611502911,"path_taken":["M","?","?","?","?","R","?","R","T","?","?","E"],"items_purchased_type":["Card"],"build_version":"2020-12-22","purchased_purges":0,"victory":false,"max_hp_per_floor":[82,92,92,92,92,92,92,92,92,92,92,92,92],"card_choices":[{"not_picked":["SnafuTest:SpellDarkMirror","SnafuTest:WorldMap"],"picked":"SnafuTest:MCSongOfPeace","floor":1.0},{"not_picked":["SnafuTest:BloodLineTracing","SnafuTest:PowerMartialMagical","SnafuTest:ShieldUp","SnafuTest:SpellSageOmniscience"],"picked":"SnafuTest:PowerCrimsonRitual","floor":2},{"not_picked":["SnafuTest:PowerHangmenTree","SnafuTest:AncestralRitual","SnafuTest:BombDancingStar","SnafuTest:PayAlchemyMaster"],"picked":"SnafuTest:PayWeaponShop","floor":4},{"not_picked":["SnafuTest:SpellMagicScry","SnafuTest:PayWeaponShop","SnafuTest:BloodForBlood","SnafuTest:NoPass"],"picked":"SnafuTest:WorldMap","floor":7}],"player_experience":251123,"relics_obtained":[{"floor":1.0,"key":"SynthV:TestCard"},{"floor":2,"key":"Pear"},{"floor":9,"key":"AT_SilvercatRing"}],"event_choices":[],"is_beta":false,"boss_relics":[],"items_purged_floors":[],"is_endless":false,"potions_floor_spawned":[7],"killed_by":"Gensokyo:Aya","ascension_level":0}}