{"host":"59wnhi65kiwmnpg4","time":1611490403,"event":{"mods":["2.2 Compatiblity","AchievementEnabler","BaseMod","BetterRewards","Colored Map","Custom Start","Disable Question Mark Monsters","Highlight Path","Minty Spire (QoL Compilation)","Relic Sorter","Relic Stats"],"gold_per_floor":[119,135,149,165,181,214,214,241,264,279,306,306,334,180,180,254,254,269,128,128,128,147,179,179,214,237,237,266,285,285,313,313,387,387,402,415,196,206,221,247,259,281,361,373,410,57,57,82,82,82,82],"floor_reached":52,"language":"ENG","playtime":3750,"items_purged":["Strike_R","Strike_R","Strike_R"],"score":2336,"play_id":"23828988-891c-4644-9684-f7a68b54a976","local_time":"20210124121323","is_ascension_mode":true,"campfire_choices":[{"data":"Uppercut","floor":7.0,"key":"SMITH"},{"data":"True Grit","floor":15.0,"key":"SMITH"},{"data":"Inflame","floor":24.0,"key":"SMITH"},{"data":"Demon Form","floor":27.0,"key":"SMITH"},{"data":"Whirlwind","floor":30.0,"key":"SMITH"},{"data":"Heavy Blade","floor":32.0,"key":"SMITH"},{"data":"Heavy Blade","floor":41.0,"key":"SMITH"},{"data":"Evolve","floor":44.0,"key":"SMITH"},{"floor":49.0,"key":"REST"}],"circlet_count":0,"master_deck":["AscendersBane","Strike_R","Strike_R","Defend_R","Defend_R","Defend_R","Defend_R","Bash","True Grit+1","Uppercut+1","Heavy Blade+1","Sword Boomerang","Whirlwind+1","True Grit+1","Disarm+1","Offering+1","Inflame+1","Flex+1","True Grit+1","Double Tap+1","Warcry+1","Disarm+1","Decay","Shockwave+1","Uppercut+1","Shrug It Off+1","Demon Form+1","Offering+1","Feel No Pain","Entrench+1","Barricade","Evolve+1","Sword Boomerang","Warcry+1","Entrench+1","Heavy Blade+1","Bludgeon","Battle Trance+1","Dark Embrace","Warcry+1","Warcry+1","Heavy Blade","Barricade"],"relics":["Burning Blood","SacredBark","White Beast Statue","Potion Belt","Toxic Egg 2","Ancient Tea Set","Pen Nib","Toy Ornithopter","Bag of Marbles","Snecko Eye","Regal Pillow","Mummified Hand","Lantern","Du-Vu Doll","Akabeko","SlaversCollar","Membership Card","MawBank","Bottled Flame","Gambling Chip","Incense Burner","Orrery","Ornamental Fan"],"acts_visited":["Exordium","TheCity","TheBeyond"],"potions_floor_usage":[50,50,51,51,51],"damage_taken":[{"damage":13.0,"enemies":"Small Slimes","floor":1.0,"turns":4.0},{"damage":6.0,"enemies":"Cultist","floor":2.0,"turns":3.0},{"damage":1.0,"enemies":"2 Louse","floor":3.0,"turns":3.0},{"damage":32.0,"enemies":"Exordium Wildlife","floor":4.0,"turns":5.0},{"damage":7.0,"enemies":"Looter","floor":5.0,"turns":3.0},{"damage":15.0,"enemies":"3 Sentries","floor":6.0,"turns":4.0},{"damage":0.0,"enemies":"Gremlin Nob","floor":8.0,"turns":2.0},{"damage":50.0,"enemies":"Gremlin Gang","floor":10.0,"turns":5.0},{"damage":34.0,"enemies":"Lagavulin","floor":11.0,"turns":8.0},{"damage":19.0,"enemies":"Gremlin Nob","floor":13.0,"turns":4.0},{"damage":15.0,"enemies":"Hexaghost","floor":16.0,"turns":9.0},{"damage":0.0,"enemies":"Chosen","floor":18.0,"turns":3.0},{"damage":19.0,"enemies":"Spheric Guardian","floor":22.0,"turns":3.0},{"damage":18.0,"enemies":"Book of Stabbing","floor":23.0,"turns":3.0},{"damage":7.0,"enemies":"Gremlin Leader","floor":25.0,"turns":5.0},{"damage":0.0,"enemies":"Slavers","floor":28.0,"turns":1.0},{"damage":0.0,"enemies":"Centurion and Healer","floor":29.0,"turns":4.0},{"damage":0.0,"enemies":"Gremlin Leader","floor":31.0,"turns":2.0},{"damage":63.0,"enemies":"Automaton","floor":33.0,"turns":7.0},{"damage":0.0,"enemies":"Orb Walker","floor":35.0,"turns":1.0},{"damage":0.0,"enemies":"3 Darklings","floor":36.0,"turns":1.0},{"damage":14.0,"enemies":"Maw","floor":38.0,"turns":4.0},{"damage":12.0,"enemies":"Transient","floor":39.0,"turns":6.0},{"damage":6.0,"enemies":"Reptomancer","floor":40.0,"turns":1.0},{"damage":13.0,"enemies":"4 Shapes","floor":42.0,"turns":5.0},{"damage":9.0,"enemies":"Mind Bloom Boss Battle","floor":45.0,"turns":5.0},{"damage":10.0,"enemies":"Giant Head","floor":48.0,"turns":5.0},{"damage":61,"enemies":"Time Eater","floor":50,"turns":9},{"damage":12,"enemies":"Awakened One","floor":51,"turns":5}],"seed_played":"2063610006339673991","potions_obtained":[{"floor":1.0,"key":"SpeedPotion"},{"floor":2.0,"key":"Weak Potion"},{"floor":3.0,"key":"LiquidBronze"},{"floor":4.0,"key":"PowerPotion"},{"floor":5.0,"key":"DistilledChaos"},{"floor":6.0,"key":"BloodPotion"},{"floor":8.0,"key":"BloodPotion"},{"floor":10.0,"key":"FearPotion"},{"floor":11.0,"key":"DuplicationPotion"},{"floor":13.0,"key":"Ancient Potion"},{"floor":16.0,"key":"GamblersBrew"},{"floor":18.0,"key":"Energy Potion"},{"floor":22.0,"key":"AttackPotion"},{"floor":23.0,"key":"Block Potion"},{"floor":25.0,"key":"FairyPotion"},{"floor":28.0,"key":"Weak Potion"},{"floor":29.0,"key":"LiquidMemories"},{"floor":31.0,"key":"SpeedPotion"},{"floor":36.0,"key":"Swift Potion"},{"floor":38.0,"key":"ColorlessPotion"},{"floor":40.0,"key":"Fire Potion"},{"floor":45.0,"key":"SkillPotion"}],"is_trial":true,"path_per_floor":["M","M","M","M","M","E","R","E","T","M","E","?","E","$","R","B",null,"M","$","?","?","M","E","R","E","T","R","E","M","R","E","R","B",null,"M","M","$","M","M","E","R","M","T","R","?","$","?","E","R","B","B",null],"character_chosen":"IRONCLAD","items_purchased":["Flex+1","True Grit+1","Disarm+1","AttackPotion","Membership Card","Incense Burner","EntropicBrew","Orrery"],"campfire_rested":1,"item_purchase_floors":[14,14,19,19,37,46,46,46],"current_hp_per_floor":[61,61,66,40,39,30,30,36,36,22,24,24,16,16,16,12,59,65,65,65,65,57,55,55,59,59,59,65,71,71,75,75,18,61,67,73,73,65,59,64,64,57,57,57,54,54,54,50,75,20,29],"gold":82,"neow_bonus":"","is_daily":false,"chose_seed":false,"campfire_upgraded":8,"win_rate":0.0,"timestamp":1611490403,"path_taken":["M","M","M","M","M","E","R","E","T","M","E","?","E","?","R","BOSS","M","$","?","?","M","E","R","E","T","R","E","M","R","E","R","BOSS","M","M","$","M","M","E","R","M","T","R","?","$","?","E","R","BOSS","BOSS"],"items_purchased_type":["Card","Card","Card","Potion","Relic","Relic","Potion","Relic"],"build_version":"2020-12-22","purchased_purges":3,"victory":true,"max_hp_per_floor":[75,75,75,75,75,75,75,75,75,75,75,75,75,75,75,75,75,75,75,75,75,75,75,75,75,75,75,75,75,75,75,75,75,75,75,75,75,75,75,75,75,75,75,75,75,75,75,75,75,75,75],"relic_stats":{"Regal Pillow":3,"counters":[29,120],"Mummified Hand":[80],"Ornamental Fan":[12],"Gambling Chip":[13],"Snecko Eye":[135,132,135,154],"Pen Nib":[18],"MawBank":72,"obtain_stats":[{"Potion Belt":0,"Regal Pillow":23,"Lantern":26,"SacredBark":0,"Pen Nib":9,"Incense Burner":46,"Ancient Tea Set":8,"MawBank":40,"Burning Blood":0,"White Beast Statue":0,"Akabeko":31,"Du-Vu Doll":28,"SlaversCollar":34,"Bottled Flame":43,"Mummified Hand":25,"Ornamental Fan":48,"Gambling Chip":45,"Snecko Eye":17,"Orrery":46,"Bag of Marbles":13,"Membership Card":37,"Toxic Egg 2":6,"Toy Ornithopter":11},{"Potion Belt":0,"Regal Pillow":14,"Lantern":15,"SacredBark":0,"Pen Nib":7,"Incense Burner":26,"Ancient Tea Set":7,"MawBank":24,"Burning Blood":0,"White Beast Statue":0,"Akabeko":18,"Du-Vu Doll":16,"SlaversCollar":19,"Bottled Flame":25,"Mummified Hand":15,"Ornamental Fan":27,"Gambling Chip":26,"Snecko Eye":11,"Orrery":26,"Bag of Marbles":10,"Membership Card":21,"Toxic Egg 2":6,"Toy Ornithopter":9},{"Potion Belt":0,"Regal Pillow":59,"Lantern":64,"SacredBark":0,"Pen Nib":24,"Incense Burner":101,"Ancient Tea Set":24,"MawBank":91,"Burning Blood":0,"White Beast Statue":0,"Akabeko":71,"Du-Vu Doll":65,"SlaversCollar":78,"Bottled Flame":96,"Mummified Hand":64,"Ornamental Fan":106,"Gambling Chip":101,"Snecko Eye":50,"Orrery":101,"Bag of Marbles":41,"Membership Card":80,"Toxic Egg 2":22,"Toy Ornithopter":37}],"Burning Blood":168,"Toy Ornithopter":54},"card_choices":[{"not_picked":["Clash","Sever Soul"],"picked":"True Grit","floor":1.0},{"not_picked":["Twin Strike","True Grit"],"picked":"Uppercut","floor":2.0},{"not_picked":["Searing Blow","Sever Soul"],"picked":"Heavy Blade","floor":3.0},{"not_picked":["Wild Strike","Thunderclap"],"picked":"Sword Boomerang","floor":4.0},{"not_picked":["Rage","Headbutt"],"picked":"Whirlwind","floor":5.0},{"not_picked":["Havoc+1","Heavy Blade"],"picked":"True Grit+1","floor":6.0},{"not_picked":["Clothesline","Dark Embrace","Body Slam"],"picked":"SKIP","floor":8.0},{"not_picked":["Sword Boomerang","Second Wind+1"],"picked":"Disarm+1","floor":10.0},{"not_picked":["Exhume+1","Wild Strike"],"picked":"Offering+1","floor":11.0},{"not_picked":["Fiend Fire","Armaments+1"],"picked":"Inflame","floor":13.0},{"not_picked":["Offering+1","Demon Form"],"picked":"Double Tap+1","floor":16.0},{"not_picked":["Whirlwind","Rage+1"],"picked":"Warcry+1","floor":18.0},{"not_picked":["Cleave","Sever Soul"],"picked":"Uppercut+1","floor":22.0},{"not_picked":["Pommel Strike","Perfected Strike"],"picked":"Shrug It Off+1","floor":23.0},{"not_picked":["Fiend Fire","Sword Boomerang"],"picked":"Demon Form","floor":25.0},{"not_picked":["Twin Strike","Shrug It Off+1"],"picked":"Offering+1","floor":28.0},{"not_picked":["Rampage","Warcry+1"],"picked":"Feel No Pain","floor":29.0},{"not_picked":["Flex+1","Searing Blow"],"picked":"Entrench+1","floor":31.0},{"not_picked":["Exhume+1","Limit Break+1"],"picked":"Barricade","floor":33.0},{"not_picked":["Flex+1","Heavy Blade"],"picked":"Evolve","floor":35.0},{"not_picked":["Wild Strike","Shrug It Off+1"],"picked":"Sword Boomerang","floor":36.0},{"not_picked":["Searing Blow+1","Spot Weakness+1"],"picked":"Warcry+1","floor":38.0},{"not_picked":["Carnage+1","Thunderclap"],"picked":"Entrench+1","floor":39.0},{"not_picked":["Perfected Strike","Pommel Strike"],"picked":"Heavy Blade","floor":40.0},{"not_picked":["Havoc+1","Rage+1"],"picked":"Bludgeon","floor":42.0},{"not_picked":["Shrug It Off+1","Reckless Charge+1"],"picked":"Battle Trance+1","floor":45.0},{"not_picked":["Headbutt+1","Flex+1"],"picked":"Dark Embrace","floor":46.0},{"not_picked":["Body Slam","Cleave"],"picked":"Warcry+1","floor":46.0},{"not_picked":["Clothesline","Heavy Blade"],"picked":"Warcry+1","floor":46.0},{"not_picked":["Flex+1","Berserk"],"picked":"Heavy Blade","floor":46.0},{"not_picked":["Carnage","Heavy Blade","Spot Weakness+1"],"picked":"SKIP","floor":48.0}],"player_experience":840446,"relics_obtained":[{"floor":6.0,"key":"Toxic Egg 2"},{"floor":8.0,"key":"Ancient Tea Set"},{"floor":9.0,"key":"Pen Nib"},{"floor":11.0,"key":"Toy Ornithopter"},{"floor":13.0,"key":"Bag of Marbles"},{"floor":23.0,"key":"Regal Pillow"},{"floor":25.0,"key":"Mummified Hand"},{"floor":26.0,"key":"Lantern"},{"floor":28.0,"key":"Du-Vu Doll"},{"floor":31.0,"key":"Akabeko"},{"floor":40.0,"key":"MawBank"},{"floor":43.0,"key":"Bottled Flame"},{"floor":45.0,"key":"Gambling Chip"},{"floor":48.0,"key":"Ornamental Fan"}],"event_choices":[{"damage_healed":0.0,"max_hp_gain":0.0,"max_hp_loss":0.0,"gold_gain":0.0,"event_name":"FaceTrader","player_choice":"Leave","floor":12.0,"gold_loss":0.0,"damage_taken":0.0},{"damage_healed":0.0,"max_hp_gain":0.0,"max_hp_loss":0.0,"gold_gain":0.0,"event_name":"Forgotten Altar","player_choice":"Smashed Altar","floor":20.0,"gold_loss":0.0,"damage_taken":0.0,"cards_obtained":["Decay"]},{"damage_healed":0.0,"max_hp_gain":0.0,"max_hp_loss":0.0,"gold_gain":0.0,"event_name":"The Library","player_choice":"Read","floor":21.0,"gold_loss":0.0,"damage_taken":0.0,"cards_obtained":["Shockwave"]},{"damage_healed":0.0,"max_hp_gain":0.0,"max_hp_loss":0.0,"gold_gain":0.0,"event_name":"MindBloom","player_choice":"Fight","floor":45.0,"gold_loss":0.0,"damage_taken":0.0},{"damage_healed":0.0,"max_hp_gain":0.0,"max_hp_loss":0.0,"gold_gain":0.0,"event_name":"Duplicator","player_choice":"Copied","floor":47.0,"gold_loss":0.0,"damage_taken":0.0,"cards_obtained":["Barricade"]}],"is_beta":false,"boss_relics":[{"not_picked":["Mark of Pain","Calling Bell"],"picked":"Snecko Eye"},{"not_picked":["SacredBark","Pandora\u0027s Box"],"picked":"SlaversCollar"}],"items_purged_floors":[14,37,46],"is_endless":false,"potions_floor_spawned":[1,2,3,4,5,6,8,10,11,13,16,18,22,23,25,28,29,31,33,35,36,38,39,40,42,45,48],"ascension_level":20}}