{"host":"8p5c6x4qt9411139","time":1611513667,"event":{"mods":["BaseMod","Infinite Spire","Minty Spire (QoL Compilation)","Replay The Spire","Shop Mod","StSLib","The Animator"],"gold_per_floor":[111,111,111,121,121,147,166,179,179,239,253,18,45,45,45,148,148,160,170,170,170],"floor_reached":20,"language":"ENG","playtime":1103,"items_purged":[],"score":176,"play_id":"18b4e178-e61a-4dbb-b2a8-f6e9e1dd9595","local_time":"20210124104107","is_ascension_mode":false,"campfire_choices":[{"data":"ReplayTheSpireMod:Muscle Training","floor":15,"key":"SMITH"}],"circlet_count":0,"master_deck":["Strike_R","Strike_R","Strike_R","Defend_R","Defend_R","Defend_R","Bash","Exhume","Shrug It Off","Shockwave","Clothesline","ReplayTheSpireMod:Muscle Training+1","Replay:Undeath\u0027s Touch","Limit Break","Inflame","Run Through","Immolate","CommonCold","infinitespire:TheBestDefense","Survivor","Panacea"],"relics":["Burning Blood","Toy Ornithopter","infinitespire:BottledMercury","Pantograph","King of Hearts","Odd Mushroom","ReplayTheSpireMod:SealedPack"],"acts_visited":["Exordium","TheCity"],"potions_floor_usage":[6,13,14,20,20],"damage_taken":[{"damage":1.0,"enemies":"Jaw Worm","floor":1.0,"turns":3.0},{"damage":0.0,"enemies":"2 Louse","floor":4.0,"turns":4.0},{"damage":32,"enemies":"3 Sentries","floor":6,"turns":12},{"damage":7,"enemies":"Small Slimes","floor":7,"turns":4},{"damage":24,"enemies":"Exordium Wildlife","floor":8,"turns":5},{"damage":11,"enemies":"2 Fungi Beasts","floor":11,"turns":5},{"damage":19,"enemies":"The Mushroom Lair","floor":13,"turns":4},{"damage":0,"enemies":"Lots of Slimes","floor":14,"turns":1},{"damage":38,"enemies":"The Guardian","floor":16,"turns":8},{"damage":49,"enemies":"3 Byrds","floor":18,"turns":8},{"damage":33,"enemies":"Chosen","floor":19,"turns":5},{"damage":32,"enemies":"Shelled Parasite and Fungi","floor":20,"turns":8}],"seed_played":"33130897143464631","potions_obtained":[{"floor":4.0,"key":"Fire Potion"},{"floor":8,"key":"Elixir"},{"floor":10,"key":"FearPotion"},{"floor":10,"key":"infinitespire:BlackPotion"},{"floor":13,"key":"SmokeBomb"}],"is_trial":false,"path_per_floor":["M","?","?","M","?","E","M","M","T","?","M","$","?","M","R","B",null,"M","M","M"],"character_chosen":"IRONCLAD","items_purchased":["Limit Break","Inflame"],"campfire_rested":0,"item_purchase_floors":[12,12],"current_hp_per_floor":[61,61,61,67,90,68,67,49,49,49,44,44,36,47,47,40,90,47,20,0,0],"gold":170,"neow_bonus":"TRANSFORM_TWO_CARDS","is_daily":false,"chose_seed":true,"campfire_upgraded":1,"win_rate":0.0,"timestamp":1611513667,"path_taken":["M","?","?","M","?","E","M","?","T","?","?","$","?","M","R","BOSS","M","M","M"],"items_purchased_type":["Card","Card"],"build_version":"2020-12-22","purchased_purges":0,"victory":false,"max_hp_per_floor":[80,80,80,80,90,90,90,90,90,90,90,90,90,90,90,90,90,90,90,90,90],"card_choices":[{"not_picked":["Warcry","Anger"],"picked":"Shrug It Off","floor":1.0},{"not_picked":["Massacre","Pommel Strike","Iron Wave"],"picked":"SKIP","floor":4.0},{"not_picked":["Clash","Replay:Many Hands"],"picked":"Shockwave","floor":6},{"not_picked":["Armaments","Thunderclap"],"picked":"Clothesline","floor":7},{"not_picked":["Armaments","Abandon"],"picked":"ReplayTheSpireMod:Muscle Training","floor":8},{"not_picked":["Flex","Reckless Charge"],"picked":"Replay:Undeath\u0027s Touch","floor":10},{"not_picked":["Perfected Strike","Bloodletting","Heavy Blade"],"picked":"SKIP","floor":11},{"not_picked":["Hemokinesis","Double Tap"],"picked":"Run Through","floor":13},{"not_picked":["Demon Form","Feed"],"picked":"Immolate","floor":16},{"not_picked":["infinitespire:Collect","infinitespire:NeuralNetwork"],"picked":"infinitespire:TheBestDefense","floor":17},{"not_picked":["Bash","Neutralize"],"picked":"Survivor","floor":17},{"not_picked":["Discovery","Replay:Parry"],"picked":"Panacea","floor":17},{"not_picked":["Thunderclap","Clash+1","Carnage"],"picked":"SKIP","floor":18},{"not_picked":["Anger+1","Evolve","Dropkick"],"picked":"SKIP","floor":19}],"player_experience":386881,"relics_obtained":[{"floor":3.0,"key":"Toy Ornithopter"},{"floor":6,"key":"infinitespire:BottledMercury"},{"floor":9,"key":"Pantograph"},{"floor":10,"key":"King of Hearts"},{"floor":13,"key":"Odd Mushroom"}],"event_choices":[{"cards_removed":["Strike_R"],"damage_healed":0.0,"max_hp_gain":0.0,"max_hp_loss":0.0,"gold_gain":0.0,"event_name":"Living Wall","player_choice":"Forget","floor":2.0,"gold_loss":0.0,"damage_taken":0.0},{"cards_removed":["Corruption"],"damage_healed":13,"gold_gain":0,"player_choice":"Offered Rare","damage_taken":0,"max_hp_gain":10,"max_hp_loss":0,"event_name":"Bonfire Elementals","floor":5,"gold_loss":0},{"damage_healed":0,"gold_gain":0,"player_choice":"Fought Mushrooms","damage_taken":0,"max_hp_gain":0,"max_hp_loss":0,"event_name":"Mushrooms","floor":13,"gold_loss":0}],"is_beta":false,"boss_relics":[{"not_picked":["Ooze Armor","Electric Blood"],"picked":"ReplayTheSpireMod:SealedPack"}],"items_purged_floors":[],"is_endless":false,"potions_floor_spawned":[4,8,11,13],"killed_by":"Shelled Parasite and Fungi","ascension_level":0}}