{"host":"bf9sa99gaumonoeu","time":1611511777,"event":{"mods":["AchievementEnabler","Act Like it!","Aspiration","BaseMod","Bestiary","Block Reminder","Colored Map","Colored Powertips","Downfall","Friendly Minions","Gensokyo","GifTheSpireLib","Googly Eyes","Hallownest","Hermit","Highlight Path","Jorbs\u0027s Wanderer Trilogy","KinomotoSakuraMod(????)","Koishi","Marisa????????","Minty Spire (QoL Compilation)","Rare Cards Sparkle","Relic Stats","Spire Arcade","StSLib","The Administrix","The Animator","The Bug Knight","The Construct","The Cursed","The Hierophant","The Mystic","The Necromancer","The Poker Player","The Runesmith","The Senshi","The Servant 0.9.4","ojb\u0027s Info Mod"],"gold_per_floor":[115,131,13,23,40,40,69,69,69,96,96,110,145,145,145,223,223,241,252,207,11,31,56,56,86,86,86,117,117,159,172,172,251,251,267,283,283,103,18,18,48,65,65,65,65,98,98,111,111,111,111,111,111,36,61,61,61],"floor_reached":56,"language":"ENG","playtime":7280,"items_purged":["Strike_G"],"score":2166,"play_id":"48a3f9fd-62e4-4a93-b724-af079681d88d","local_time":"20210124160937","is_ascension_mode":true,"campfire_choices":[{"data":"Catalyst","floor":6.0,"key":"SMITH"},{"floor":8.0,"key":"REST"},{"data":"After Image","floor":15.0,"key":"SMITH"},{"floor":24.0,"key":"REST"},{"data":"Bouncing Flask","floor":29.0,"key":"SMITH"},{"data":"Neutralize","floor":32.0,"key":"SMITH"},{"data":"Backflip","floor":40.0,"key":"SMITH"},{"data":"Hallownest:skillKingdomsEdgeMap","floor":44.0,"key":"SMITH"},{"floor":47.0,"key":"RECALL"},{"floor":49.0,"key":"REST"},{"data":"Malaise","floor":53,"key":"SMITH"}],"circlet_count":0,"master_deck":["AscendersBane","Strike_G","Defend_G+1","Defend_G","Defend_G+1","Defend_G","Defend_G","Survivor","Neutralize+1","Skewer","Predator","Infinite Blades","Catalyst+1","Deadly Poison","PiercingWail","Footwork","Footwork","Distraction","After Image+1","Die Die Die","Bane","PiercingWail+1","Slice","Bouncing Flask+1","Dodge and Roll+1","Cloak And Dagger+1","Backflip+1","Cloak And Dagger","Deflect+1","Malaise+1","Hallownest:skillKingdomsEdgeMap+1","Choke","Backflip"],"relics":["Ring of the Snake","aspiration:Nostalgia","Koishi:ImaginaryFriend","War Paint","Pear","Runesmith:Nanobots","Hallownest:DreamNailRelic","aspiration:HiddenCompartment","construct:ClawGrip","TwistedFunnel","aspiration:FetidBarrel","Dream Catcher","Lantern","Runesmith:Locket","Busted Crown","Hallownest:KingsIdolRelic","Hallownest:StagBellRelic1","Omamori","Ninja Scroll","HornCleat"],"acts_visited":["Hallownest:Greenpath","Hallownest:CityofTears","Hallownest:KingdomsEdge","TheEnding"],"potions_floor_usage":[55,56,56,56],"damage_taken":[{"damage":2.0,"enemies":"2_ Uuma","floor":1.0,"turns":9.0},{"damage":8.0,"enemies":"Hallownest:2_MossCreeps","floor":2.0,"turns":8.0},{"damage":0.0,"enemies":"Hallownest:monsterHuskWarrior","floor":4.0,"turns":4.0},{"damage":14.0,"enemies":"Hallownest:Wandering_and_Horned","floor":5.0,"turns":5.0},{"damage":13.0,"enemies":"Hallownest:eliteCrystalGuardian","floor":7.0,"turns":4.0},{"damage":3.0,"enemies":"Hallownest:eliteMossKnight","floor":10.0,"turns":11.0},{"damage":4.0,"enemies":"Hallownest:monsterFoolEater","floor":12.0,"turns":7.0},{"damage":3.0,"enemies":"Hallownest:eliteCrystalGuardian","floor":13.0,"turns":6.0},{"damage":1.0,"enemies":"Hallownest:BossFalseKnight","floor":16.0,"turns":11.0},{"damage":15.0,"enemies":"Hallownest:Guard_and_Sentry","floor":18.0,"turns":5.0},{"damage":9.0,"enemies":"Hallownest:3_Youths","floor":19.0,"turns":8.0},{"damage":3.0,"enemies":"Hallownest:2_Flukemon","floor":22.0,"turns":8.0},{"damage":0.0,"enemies":"Hallownest:eliteSoulWarrior","floor":23.0,"turns":5.0},{"damage":0.0,"enemies":"Hallownest:eliteWatcherKnight","floor":25.0,"turns":15.0},{"damage":0.0,"enemies":"Hallownest:Nosk","floor":28.0,"turns":7.0},{"damage":0.0,"enemies":"Hallownest:Glutton_and_Coward","floor":30.0,"turns":4.0},{"damage":0.0,"enemies":"Hallownest:monsterShrumalOgre","floor":31.0,"turns":4.0},{"damage":0.0,"enemies":"Hallownest:BossSoulMaster","floor":33.0,"turns":7.0},{"damage":0.0,"enemies":"Hallownest:3_Siblings","floor":35.0,"turns":8.0},{"damage":0.0,"enemies":"Hallownest:2_Littles","floor":36.0,"turns":4.0},{"damage":0.0,"enemies":"Hallownest:eliteCollector","floor":41.0,"turns":6.0},{"damage":7.0,"enemies":"Hallownest:2_Soldiers_and_1_Guardian","floor":42.0,"turns":11.0},{"damage":0.0,"enemies":"Hallownest:eliteHiveKnight","floor":46.0,"turns":6.0},{"damage":0.0,"enemies":"Hallownest:Xero_Hu_Marmu","floor":48.0,"turns":6.0},{"damage":11.0,"enemies":"Hallownest:BossGreyPrinceZote","floor":50.0,"turns":6.0},{"damage":9,"enemies":"Hallownest:BossHollowKnight","floor":51,"turns":10},{"damage":23,"enemies":"Shield and Spear","floor":55,"turns":6},{"damage":40,"enemies":"The Heart","floor":56,"turns":6}],"seed_played":"-2134106826329969019","potions_obtained":[{"floor":1.0,"key":"Poison Potion"},{"floor":5.0,"key":"Poison Potion"},{"floor":10.0,"key":"SkillPotion"},{"floor":12.0,"key":"Fire Potion"},{"floor":13.0,"key":"Block Potion"},{"floor":19.0,"key":"SteroidPotion"},{"floor":22.0,"key":"Strength Potion"},{"floor":25.0,"key":"Fire Potion"},{"floor":33.0,"key":"SkillPotion"},{"floor":41.0,"key":"Swift Potion"},{"floor":42.0,"key":"EntropicBrew"}],"is_trial":false,"path_per_floor":["M","M","$","M","M","R","E","R","T","E","?","M","E","?","R","B",null,"M","M","?","$","M","E","R","E","T","?","E","R","M","M","R","B",null,"M","M","?","?","?","R","E","M","T","R","$","E","R","M","R","B","B",null,"R","$","E","B"],"character_chosen":"THE_SILENT","items_purchased":["Infinite Blades","Catalyst","TwistedFunnel","Slice"],"campfire_rested":3,"item_purchase_floors":[3,3,21,21],"current_hp_per_floor":[57,49,49,49,35,35,22,41,51,48,48,44,41,41,41,40,61,46,37,37,37,34,34,54,54,54,48,48,48,48,48,48,48,63,63,63,63,63,63,63,63,56,56,56,56,56,56,56,68,57,48,63,63,63,40,0,0],"gold":61,"neow_bonus":"NOSTALGIA","is_daily":false,"chose_seed":false,"campfire_upgraded":7,"win_rate":0.0,"timestamp":1611511777,"path_taken":["M","M","$","M","M","R","E","R","T","E","?","?","E","?","R","BOSS","M","M","?","$","M","E","R","E","T","?","E","R","?","M","R","BOSS","M","M","?","?","?","R","E","M","T","R","$","E","R","?","R","BOSS","BOSS","R","$","E","BOSS"],"items_purchased_type":["Card","Card","Relic","Card"],"build_version":"2020-12-22","purchased_purges":1,"victory":false,"max_hp_per_floor":[66,66,66,66,66,66,66,66,76,76,76,76,76,68,68,68,68,68,68,68,68,68,68,68,68,68,68,68,68,68,68,68,68,68,68,68,68,68,68,68,68,68,68,68,68,68,68,68,68,68,68,68,68,68,68,68,68],"relic_stats":{"Dream Catcher":1,"Busted Crown":18,"counters":[28,197],"War Paint":["Defend_G","Defend_G"],"obtain_stats":[{"TwistedFunnel":21,"Runesmith:Nanobots":10,"construct:ClawGrip":17,"Lantern":26,"Hallownest:StagBellRelic1":38,"Pear":9,"aspiration:Nostalgia":0,"aspiration:FetidBarrel":23,"Runesmith:Locket":28,"Hallownest:DreamNailRelic":11,"Omamori":41,"War Paint":7,"Hallownest:KingsIdolRelic":37,"aspiration:HiddenCompartment":13,"Dream Catcher":25,"Busted Crown":34,"HornCleat":55,"Ninja Scroll":46,"Ring of the Snake":0,"Koishi:ImaginaryFriend":0},{"TwistedFunnel":11,"Runesmith:Nanobots":6,"construct:ClawGrip":9,"Lantern":14,"Hallownest:StagBellRelic1":20,"Pear":5,"aspiration:Nostalgia":0,"aspiration:FetidBarrel":13,"Runesmith:Locket":15,"Hallownest:DreamNailRelic":6,"Omamori":21,"War Paint":5,"Hallownest:KingsIdolRelic":20,"aspiration:HiddenCompartment":8,"Dream Catcher":14,"Busted Crown":18,"HornCleat":27,"Ninja Scroll":23,"Ring of the Snake":0,"Koishi:ImaginaryFriend":0},{"TwistedFunnel":78,"Runesmith:Nanobots":41,"construct:ClawGrip":65,"Lantern":106,"Hallownest:StagBellRelic1":140,"Pear":30,"aspiration:Nostalgia":0,"aspiration:FetidBarrel":91,"Runesmith:Locket":113,"Hallownest:DreamNailRelic":41,"Omamori":146,"War Paint":30,"Hallownest:KingsIdolRelic":140,"aspiration:HiddenCompartment":54,"Dream Catcher":106,"Busted Crown":128,"HornCleat":191,"Ninja Scroll":163,"Ring of the Snake":0,"Koishi:ImaginaryFriend":0}],"Ring of the Snake":[56]},"card_choices":[{"not_picked":["Reflex","Prepared"],"picked":"Skewer","floor":1.0},{"not_picked":["Masterful Stab","Blur"],"picked":"Predator","floor":2.0},{"not_picked":["Accuracy","Dagger Throw"],"picked":"Deadly Poison","floor":4.0},{"not_picked":["Eviscerate","Dagger Spray"],"picked":"PiercingWail","floor":5.0},{"not_picked":["Bane","Dagger Spray"],"picked":"Footwork","floor":7.0},{"not_picked":["Infinite Blades","Escape Plan"],"picked":"Footwork","floor":10.0},{"not_picked":["Poisoned Stab","Bane"],"picked":"Distraction","floor":12.0},{"not_picked":["Poisoned Stab","Crippling Poison"],"picked":"After Image","floor":13.0},{"not_picked":["A Thousand Cuts","Envenom"],"picked":"Die Die Die","floor":16.0},{"not_picked":["Dagger Throw","All Out Attack"],"picked":"Bane","floor":18.0},{"not_picked":["Sucker Punch","Infinite Blades"],"picked":"PiercingWail+1","floor":19.0},{"not_picked":["Escape Plan","Slice"],"picked":"Bouncing Flask","floor":22.0},{"not_picked":["Choke","Reflex"],"picked":"Dodge and Roll+1","floor":23.0},{"not_picked":["Choke","Bane"],"picked":"Cloak And Dagger+1","floor":25.0},{"not_picked":["Bane","Dagger Throw"],"picked":"Backflip","floor":28.0},{"not_picked":["Distraction","Acrobatics+1"],"picked":"Cloak And Dagger","floor":30.0},{"not_picked":["Dodge and Roll","Quick Slash"],"picked":"Deflect+1","floor":31.0},{"not_picked":["Storm of Steel","Night Terror"],"picked":"Malaise","floor":33.0},{"not_picked":["Dagger Throw+1"],"picked":"SKIP","floor":35.0},{"not_picked":["Backstab"],"picked":"SKIP","floor":36.0},{"not_picked":["Glass Knife"],"picked":"SKIP","floor":41.0},{"not_picked":["Prepared"],"picked":"SKIP","floor":42.0},{"not_picked":["Deflect"],"picked":"SKIP","floor":46.0},{"not_picked":[],"picked":"Choke","floor":48.0},{"not_picked":[],"picked":"Backflip","floor":49.0},{"not_picked":["Sucker Punch"],"picked":"SKIP","floor":55}],"player_experience":1211024,"relics_obtained":[{"floor":7.0,"key":"War Paint"},{"floor":9.0,"key":"Pear"},{"floor":10.0,"key":"Runesmith:Nanobots"},{"floor":13.0,"key":"aspiration:HiddenCompartment"},{"floor":23.0,"key":"aspiration:FetidBarrel"},{"floor":25.0,"key":"Dream Catcher"},{"floor":26.0,"key":"Lantern"},{"floor":28.0,"key":"Runesmith:Locket"},{"floor":41.0,"key":"Omamori"},{"floor":46.0,"key":"Ninja Scroll"},{"floor":55,"key":"HornCleat"}],"event_choices":[],"is_beta":false,"boss_relics":[{"not_picked":["Astrolabe","Velvet Choker"],"picked":"construct:ClawGrip"},{"not_picked":["Coffee Dripper","aspiration:PoetsPen_weak"],"picked":"Busted Crown"}],"items_purged_floors":[54],"is_endless":false,"potions_floor_spawned":[1,5,10,12,13,19,22,25,33,41,42],"killed_by":"The Heart","ascension_level":20}}