{"host":"ndqo0ze3xqwwg5zo","time":1611518711,"event":{"mods":["BaseMod","Colored Powertips","Downfall","Hermit","Minty Spire (QoL Compilation)","StSLib","The Cursed","The Disciple","The Hierophant","The Necromancer","The Servant 0.9.4"],"gold_per_floor":[99,109,126,126,145,159,159,176,194,211,44,64,64,74,94,94,94,94],"floor_reached":16,"language":"ENG","playtime":1796,"items_purged":[],"score":100,"play_id":"5d5e3e0b-86d9-4738-8f2c-e53cd1db9392","local_time":"20210124140511","is_ascension_mode":false,"campfire_choices":[{"data":"Guardian:TwinSlam","floor":1,"key":"SMITH"},{"floor":13,"key":"RECALL"}],"circlet_count":0,"master_deck":["Guardian:Strike_Guardian","Guardian:Strike_Guardian","Guardian:Strike_Guardian","Guardian:Strike_Guardian","Guardian:Defend_Guardian","Guardian:Defend_Guardian+1","Guardian:Defend_Guardian","Guardian:Defend_Guardian+1","Guardian:CurlUp","Guardian:TwinSlam+1","Guardian:Recover","Guardian:PrismaticBeam","Guardian:PiercingHide","Guardian:PiercingHide","Guardian:PiercingHide"],"relics":["Guardian:ModeShifter","Sundial","War Paint"],"acts_visited":["Exordium"],"potions_floor_usage":[16,16,16],"damage_taken":[{"damage":6,"enemies":"Cultist","floor":2,"turns":4},{"damage":7,"enemies":"Small Slimes","floor":3,"turns":3},{"damage":0,"enemies":"Jaw Worm","floor":5,"turns":4},{"damage":1,"enemies":"Red Slaver","floor":6,"turns":5},{"damage":7,"enemies":"Blue Slaver","floor":8,"turns":5},{"damage":0,"enemies":"3 Louse","floor":9,"turns":6},{"damage":5,"enemies":"Lots of Slimes","floor":10,"turns":5},{"damage":0,"enemies":"downfall:FleeingMerchant","floor":11,"turns":4},{"damage":11,"enemies":"Exordium Wildlife","floor":12,"turns":6},{"damage":5,"enemies":"Exordium Thugs","floor":14,"turns":6},{"damage":4,"enemies":"Large Slime","floor":15,"turns":8},{"damage":64,"enemies":"WA_ARCHETYPE_RETAIN","floor":16,"turns":13}],"seed_played":"-7251516723775154863","potions_obtained":[{"floor":3,"key":"EssenceOfSteel"},{"floor":6,"key":"LiquidBronze"},{"floor":8,"key":"champ:CounterPotion"}],"is_trial":false,"path_per_floor":["R","M","M","T","M","M","T","M","M","M","$","M","R","M","M","B"],"character_chosen":"GUARDIAN","items_purchased":["War Paint"],"campfire_rested":0,"item_purchase_floors":[11],"current_hp_per_floor":[88,82,75,75,75,74,74,67,67,62,62,51,51,46,42,0,0,0],"gold":94,"neow_bonus":"TEN_PERCENT_HP_BONUS","is_daily":false,"chose_seed":false,"campfire_upgraded":1,"win_rate":0.0,"timestamp":1611518711,"path_taken":["R","M","M","?","?","M","T","M","M","M","?","?","R","M","M","BOSS"],"items_purchased_type":["Relic"],"build_version":"2020-12-22","purchased_purges":0,"victory":false,"max_hp_per_floor":[88,88,88,88,88,88,88,88,88,88,88,88,88,88,88,88,88,88],"card_choices":[{"not_picked":["Guardian:VentSteam","Guardian:TemporalShield"],"picked":"Guardian:Recover","floor":2},{"not_picked":["Guardian:VentSteam","Guardian:Gem_Cyan"],"picked":"Guardian:Gem_Purple","floor":3},{"not_picked":["Guardian:Recover","Guardian:SentryBeam"],"picked":"Guardian:PrismaticBeam","floor":5},{"not_picked":["Guardian:Reroute","Guardian:Planning"],"picked":"Guardian:Gem_Green","floor":6},{"not_picked":["Guardian:Repulse","Guardian:BronzeOrb"],"picked":"Guardian:Gem_Crimson","floor":8},{"not_picked":["Guardian:Planning","Guardian:PrismaticBeam"],"picked":"Guardian:PiercingHide","floor":9},{"not_picked":["Guardian:CrystalBeam","Guardian:ShieldCharger","Guardian:ShieldSpikes"],"picked":"SKIP","floor":10},{"not_picked":["Guardian:Gem_Red","Guardian:FastForward","Guardian:Repulse"],"picked":"SKIP","floor":11},{"not_picked":["Guardian:TimeCapacitor","Guardian:DonusPower"],"picked":"Guardian:PiercingHide","floor":12},{"not_picked":["Guardian:Gem_Red","Guardian:TimeCapacitor","Guardian:Gem_Green"],"picked":"SKIP","floor":14},{"not_picked":["Guardian:Gem_Cyan","Guardian:TemporalShield"],"picked":"Guardian:PiercingHide","floor":15}],"player_experience":1000,"relics_obtained":[{"floor":7,"key":"Sundial"}],"event_choices":[],"is_beta":false,"boss_relics":[],"items_purged_floors":[],"is_endless":false,"potions_floor_spawned":[3,6,8,10,14],"killed_by":"WA_ARCHETYPE_RETAIN","ascension_level":0}}