{"host":"lnnm69al9x392px5","time":1611475038,"event":{"mods":["BaseMod","Downfall","Minty Spire (QoL Compilation)","Replay The Spire","StSLib"],"gold_per_floor":[99,113,128,149,149,182,205,223,257,157,157,157,184,238,261,365,365,365,390,411,167,187,187,187,207,243,243,243,267,367,401,436,547,547,547,574,574,609,625,147,170,181,219,119,119,19,38,51,74,74,74,74,74,74],"floor_reached":52,"language":"ENG","playtime":3069,"items_purged":["hexamod:Strike"],"score":849,"play_id":"367d970b-99b6-47f1-83f8-6a7f9c5f6fe2","local_time":"20210123235718","is_ascension_mode":true,"campfire_choices":[{"floor":10,"key":"REST"},{"data":"hexamod:GhostOfSpirePresent","floor":12,"key":"SMITH"},{"floor":18,"key":"DIG"},{"data":"hexamod:HeatCrush","floor":28,"key":"SMITH"},{"floor":44,"key":"RECALL"},{"floor":46,"key":"DIG"}],"circlet_count":0,"master_deck":["hexamod:Defend+1","hexamod:Defend+1","hexamod:Defend","hexamod:Sear","hexamod:Float","hexamod:SuperheatedStrike","hexamod:GhostOfSpirePresent+1","hexamod:HeatCrush+1","hexamod:GhostShield","hexamod:GhostLash","hexamod:FlamesFromBeyond","hexamod:GhostOfSpireFuture","hexamod:SuperheatedStrike","hexamod:GiftsFromTheDead","hexamod:GiftsFromTheDead+1","hexamod:BurningTouch","hexamod:Firestarter+1","hexamod:FlamesFromBeyond+1","Necronomicurse","hexamod:FlamesFromBeyond+1","Bite","Bite","Bite","Bite","Bite","hexamod:ThermalTransfer","hexamod:Hexaguard","hexamod:SecondSeal","hexamod:SixthSeal","hexamod:InspiringFlames+1","hexamod:ThermalTransfer+1","hexamod:VolcanoVisage","hexamod:UnlimitedPower","hexamod:ExtraCrispy","hexamod:Rewind","hexamod:GhostShield+1","hexamod:StepThrough+1","hexamod:RainOfEmbers+1","hexamod:ForkedFlame+1","expansioncontent:StudyTheSpire+1","Replay:SS_forest_2+1","hexamod:SuperheatedStrike+1","hexamod:PowerFromBeyond+1","hexamod:FlamesFromBeyond"],"relics":["hexamod:SpiritBrand","Strawberry","PreservedInsect","Mirror","downfall:HeartBlessingGreen","Ring of Searing","Ring of Peace","Blue Doll","Replay:Bronze Core","Bird Faced Urn","Tiny Chest","Necronomicon","Pantograph","Meat on the Bone","Potion Belt","hexamod:IceCube","Frozen Egg 2","hexamod:TheBrokenSeal","Replay:Multitool","Lee\u0027s Waffle","Kunai","downfall:HeartBlessingBlue","downfall:HeartBlessingRed","Regal Pillow"],"acts_visited":["Exordium","TheCity","TheBeyond","TheEnding"],"potions_floor_usage":[16,26,38,38,43,43,50],"damage_taken":[{"damage":1,"enemies":"Jaw Worm","floor":2,"turns":3},{"damage":6,"enemies":"2 Louse","floor":3,"turns":3},{"damage":0,"enemies":"Small Slimes","floor":4,"turns":3},{"damage":43,"enemies":"3 Sentries","floor":6,"turns":9},{"damage":6,"enemies":"2 Fungi Beasts","floor":8,"turns":5},{"damage":18,"enemies":"Lagavulin","floor":9,"turns":5},{"damage":0,"enemies":"Gremlin Gang","floor":13,"turns":3},{"damage":8,"enemies":"Lots of Slimes","floor":15,"turns":3},{"damage":13,"enemies":"IC_STATUS_ARCHETYPE","floor":16,"turns":6},{"damage":21,"enemies":"Spheric Guardian","floor":19,"turns":4},{"damage":5,"enemies":"3 Byrds","floor":20,"turns":5},{"damage":5,"enemies":"downfall:FleeingMerchant","floor":21,"turns":5},{"damage":5,"enemies":"Centurion and Healer","floor":22,"turns":5},{"damage":5,"enemies":"Snake Plant","floor":25,"turns":3},{"damage":18,"enemies":"Gremlin Leader","floor":26,"turns":4},{"damage":6,"enemies":"Shelled Parasite and Fungi","floor":29,"turns":6},{"damage":8,"enemies":"Replay:Snechameleon","floor":31,"turns":5},{"damage":32,"enemies":"Sentry and Sphere","floor":32,"turns":6},{"damage":39,"enemies":"WA_ARCHETYPE_CALM","floor":33,"turns":7},{"damage":18,"enemies":"Orb Walker","floor":36,"turns":4},{"damage":35,"enemies":"3 Shapes","floor":38,"turns":6},{"damage":5,"enemies":"Spire Growth","floor":39,"turns":3},{"damage":10,"enemies":"downfall:FleeingMerchant","floor":40,"turns":4},{"damage":28,"enemies":"4 Shapes","floor":42,"turns":4},{"damage":24,"enemies":"Nemesis","floor":43,"turns":5},{"damage":5,"enemies":"Jaw Worm Horde","floor":47,"turns":4},{"damage":5,"enemies":"Maw","floor":48,"turns":4},{"damage":12,"enemies":"Spire Growth","floor":49,"turns":4},{"damage":24,"enemies":"DF_ARCHETYPE_ORBS","floor":50,"turns":5},{"damage":107,"enemies":"downfall:CharBossMerchant","floor":52,"turns":6}],"seed_played":"-8119588850250694376","potions_obtained":[{"floor":2,"key":"SmokeBomb"},{"floor":6,"key":"bronze:BurnAndBuffPotion"},{"floor":8,"key":"Dexterity Potion"},{"floor":16,"key":"Adrenaline Potion"},{"floor":29,"key":"Swift Potion"},{"floor":31,"key":"hexamod:EctoCoolerPotion"},{"floor":32,"key":"LiquidBronze"},{"floor":38,"key":"PowerPotion"},{"floor":47,"key":"SpeedPotion"}],"is_trial":false,"path_per_floor":["R","M","M","M","?","E","T","M","E","R","?","R","M","T","M","B",null,"R","M","M","$","M","?","T","M","E","?","R","M","?","E","M","B",null,"R","M","T","M","M","$","T","M","E","R","$","R","M","M","M","B",null,"E"],"character_chosen":"THE_SPIRIT","items_purchased":["Tiny Chest","expansioncontent:StudyTheSpire","Replay:SS_forest_2","Replay:Multitool","Lee\u0027s Waffle","DistilledChaos"],"campfire_rested":1,"item_purchase_floors":[21,40,40,40,40,40],"current_hp_per_floor":[70,69,63,63,68,32,32,26,8,32,32,32,32,32,24,11,82,82,61,60,59,58,42,42,39,27,27,27,39,39,47,31,36,57,57,52,52,67,62,74,74,54,46,56,56,56,63,64,64,72,84,0,0,0],"gold":74,"neow_bonus":"THREE_CARDS","is_daily":false,"chose_seed":false,"campfire_upgraded":2,"win_rate":0.0,"timestamp":1611475038,"path_taken":["R","M","M","M","?","E","T","M","E","R","?","R","M","?","M","BOSS","R","M","M","$","M","?","T","M","E","?","R","M","?","E","M","BOSS","R","M","?","?","M","$","T","M","E","R","$","R","M","M","M","BOSS","E"],"items_purchased_type":["Relic","Card","Card","Relic","Relic","Potion"],"build_version":"2020-12-22","purchased_purges":1,"victory":false,"max_hp_per_floor":[70,70,70,70,75,82,82,82,82,82,82,82,82,82,82,82,82,82,82,82,82,82,82,82,82,82,57,57,57,57,57,57,57,57,57,57,57,67,67,74,74,74,74,84,84,84,84,84,84,84,84,84,84,84],"card_choices":[{"not_picked":["hexamod:BacktrackSmack","hexamod:GhostOfSpireFuture"],"picked":"hexamod:SuperheatedStrike","floor":0},{"not_picked":["hexamod:RadiantFlame","hexamod:NightmareGuise"],"picked":"hexamod:HeatCrush","floor":2},{"not_picked":["hexamod:EmpoweredFlame","hexamod:BacktrackSmack"],"picked":"hexamod:SecondSeal","floor":3},{"not_picked":["hexamod:ThermalTransfer","hexamod:CatchUp"],"picked":"hexamod:GhostShield","floor":4},{"not_picked":["hexamod:CatchUp","hexamod:SwordOfDarkness"],"picked":"hexamod:GhostLash","floor":6},{"not_picked":["hexamod:Toasty","hexamod:SuperheatedStrike"],"picked":"hexamod:FlamesFromBeyond","floor":8},{"not_picked":["hexamod:Hexaguard","hexamod:ShieldOfDarkness"],"picked":"hexamod:GhostOfSpireFuture","floor":9},{"not_picked":["hexamod:FastForward","hexamod:GhostLash"],"picked":"hexamod:SuperheatedStrike","floor":13},{"not_picked":["hexamod:NightmareStrike","hexamod:GhostLash"],"picked":"hexamod:GiftsFromTheDead","floor":15},{"not_picked":["hexamod:HexaLevel","hexamod:Toasty"],"picked":"hexamod:GiftsFromTheDead","floor":16},{"not_picked":["hexamod:ShieldOfDarkness","hexamod:NightmareGuise","hexamod:BacktrackSmack+1"],"picked":"SKIP","floor":19},{"not_picked":["hexamod:AdvancingGuard+1","hexamod:ShieldOfDarkness+1"],"picked":"hexamod:BurningTouch","floor":20},{"not_picked":["hexamod:SkipABeat+1","hexamod:Rewind"],"picked":"hexamod:Firestarter+1","floor":21},{"not_picked":["hexamod:Toasty","hexamod:HauntingEcho+1"],"picked":"hexamod:FlamesFromBeyond","floor":22},{"not_picked":["hexamod:SecondSeal","hexamod:Hexaguard+1"],"picked":"hexamod:ThirdSeal","floor":25},{"not_picked":["hexamod:PowerFromBeyond","hexamod:ChargedBarrage"],"picked":"hexamod:FlamesFromBeyond+1","floor":26},{"not_picked":["hexamod:GhostLash","hexamod:RadiantFlame"],"picked":"hexamod:FifthSeal","floor":26},{"not_picked":["hexamod:PhantomCloak+1","hexamod:RadiantFlame"],"picked":"hexamod:ThermalTransfer","floor":29},{"not_picked":["hexamod:ThirdSeal","hexamod:SecondSeal"],"picked":"hexamod:FourthSeal","floor":29},{"not_picked":["hexamod:HauntingEcho","hexamod:PowerFromBeyond"],"picked":"hexamod:Hexaguard","floor":29},{"not_picked":["hexamod:FirstSeal","hexamod:ThirdSeal"],"picked":"hexamod:SixthSeal","floor":31},{"not_picked":["hexamod:SuperheatedStrike","hexamod:DynamicBlow"],"picked":"hexamod:SecondSeal","floor":31},{"not_picked":["hexamod:BacktrackSmack","hexamod:RetreatToShadows+1","hexamod:NecessarySacrifice"],"picked":"SKIP","floor":31},{"not_picked":["hexamod:ThirdSeal","hexamod:FourthSeal"],"picked":"hexamod:SixthSeal","floor":32},{"not_picked":["hexamod:Incineration","hexamod:NightmareStrike"],"picked":"hexamod:InspiringFlames","floor":32},{"not_picked":["hexamod:AdvancingGuard","hexamod:InspiringFlames"],"picked":"hexamod:ThermalTransfer+1","floor":32},{"not_picked":["hexamod:SearingWound","hexamod:Toasty"],"picked":"hexamod:VolcanoVisage","floor":33},{"not_picked":["hexamod:ThirdSeal","hexamod:SixthSeal"],"picked":"hexamod:FirstSeal","floor":33},{"not_picked":["hexamod:TimeWarp","hexamod:TurnItUp"],"picked":"hexamod:UnlimitedPower","floor":33},{"not_picked":["hexamod:FastForward","hexamod:GhostflameBarrier+1"],"picked":"hexamod:Rewind","floor":36},{"not_picked":["hexamod:SpectralSpark+1","hexamod:GhostShield+1","hexamod:FastForward"],"picked":"SKIP","floor":36},{"not_picked":["hexamod:SpectersWail+1","hexamod:BurningTouch"],"picked":"hexamod:GhostShield+1","floor":38},{"not_picked":["hexamod:SpectralAdrenaline+1","hexamod:NightmareStrike"],"picked":"hexamod:StepThrough+1","floor":38},{"not_picked":["hexamod:NightmareGuise","hexamod:SpectersWail+1"],"picked":"hexamod:RainOfEmbers","floor":39},{"not_picked":["hexamod:HauntingEcho+1","hexamod:EmpoweredFlame+1"],"picked":"hexamod:ForkedFlame","floor":40},{"not_picked":["hexamod:FastForward+1","hexamod:ChargedBarrage"],"picked":"hexamod:SuperheatedStrike+1","floor":42},{"not_picked":["hexamod:FourthSeal","hexamod:HeatMetal","hexamod:InspiringFlames"],"picked":"SKIP","floor":43},{"not_picked":["hexamod:SuperheatedStrike","hexamod:HeatMetal","hexamod:RetreatToShadows"],"picked":"SKIP","floor":47},{"not_picked":["hexamod:BurningTouch+1","hexamod:HeatCrush"],"picked":"hexamod:PowerFromBeyond+1","floor":48},{"not_picked":["hexamod:ThermalTransfer","hexamod:NightmareStrike"],"picked":"hexamod:FlamesFromBeyond","floor":49}],"player_experience":253174,"relics_obtained":[{"floor":6,"key":"Strawberry"},{"floor":7,"key":"PreservedInsect"},{"floor":9,"key":"Mirror"},{"floor":11,"key":"Ring of Searing"},{"floor":11,"key":"Ring of Peace"},{"floor":14,"key":"Blue Doll"},{"floor":18,"key":"Bird Faced Urn"},{"floor":23,"key":"Necronomicon"},{"floor":24,"key":"Pantograph"},{"floor":26,"key":"Meat on the Bone"},{"floor":31,"key":"Potion Belt"},{"floor":37,"key":"Frozen Egg 2"},{"floor":43,"key":"Kunai"},{"floor":46,"key":"Regal Pillow"}],"event_choices":[{"damage_healed":0,"gold_gain":0,"player_choice":"Donut","damage_taken":0,"max_hp_gain":5,"max_hp_loss":0,"event_name":"Big Fish","floor":5,"gold_loss":0},{"damage_healed":0,"gold_gain":0,"player_choice":"Became a vampire","damage_taken":0,"max_hp_gain":0,"max_hp_loss":25,"event_name":"Vampires","floor":27,"gold_loss":0,"cards_obtained":["Bite","Bite","Bite","Bite","Bite"]}],"is_beta":false,"boss_relics":[{"not_picked":["Kintsugi","Velvet Choker"],"picked":"Replay:Bronze Core"},{"not_picked":["Empty Cage","Abe\u0027s Treasure"],"picked":"hexamod:IceCube"}],"items_purged_floors":[21],"is_endless":false,"potions_floor_spawned":[2,6,8,16,19,22,29,31,32,38,47],"killed_by":"downfall:CharBossMerchant","ascension_level":1}}