{"host":"8rqsnaeml9gxb0kp","time":1611461611,"event":{"mods":["AchievementEnabler","BaseMod","Dark Map","Minty Spire (QoL Compilation)","StSLib"],"gold_per_floor":[116,131,149,164,164,164,197,197,220,245,21,52,66,66,66,161,161,181,181,199,210,57,57,57,57,84,103,117,151,3,3,3,108,108,124,141,0,16,16,16,41,55,55,83,96,106,124,33,33,33],"floor_reached":51,"language":"ENG","playtime":1674,"items_purged":["Defend_R"],"score":1064,"play_id":"b7b43052-2173-45df-ae18-655129522aed","local_time":"20210123201331","is_ascension_mode":true,"campfire_choices":[{"data":"Whirlwind","floor":6,"key":"SMITH"},{"floor":8,"key":"REST"},{"floor":15,"key":"REST"},{"floor":23,"key":"REST"},{"data":"Shockwave","floor":25,"key":"SMITH"},{"floor":32,"key":"REST"},{"floor":40,"key":"REST"},{"floor":49,"key":"REST"}],"circlet_count":0,"master_deck":["Strike_R","Strike_R","Strike_R","Strike_R","Strike_R","Defend_R","Defend_R","Defend_R","Bash","Anger","Blood for Blood","Whirlwind+1","Reaper","Spot Weakness","Headbutt","Double Tap+1","Bloodletting","Seeing Red+1","Shockwave+1","Whirlwind+1","Limit Break","Perfected Strike+1","Shrug It Off+1","Shrug It Off+1","Clothesline+1","Flex","Whirlwind","Metallicize+1"],"relics":["Sozu","Lantern","Dream Catcher","Regal Pillow","Bag of Preparation","Boot","Mark of Pain","Brimstone","Centennial Puzzle","White Beast Statue","Sling","Busted Crown","Red Mask","Pen Nib","Eternal Feather","Blood Vial"],"acts_visited":["Exordium","TheCity","TheBeyond"],"potions_floor_usage":[],"damage_taken":[{"damage":0,"enemies":"Small Slimes","floor":1,"turns":3},{"damage":0,"enemies":"Cultist","floor":2,"turns":2},{"damage":4,"enemies":"Jaw Worm","floor":3,"turns":3},{"damage":0,"enemies":"Large Slime","floor":4,"turns":3},{"damage":35,"enemies":"Lagavulin","floor":7,"turns":5},{"damage":10,"enemies":"3 Sentries","floor":10,"turns":2},{"damage":35,"enemies":"Lagavulin","floor":12,"turns":4},{"damage":14,"enemies":"Red Slaver","floor":13,"turns":2},{"damage":67,"enemies":"The Guardian","floor":16,"turns":8},{"damage":0,"enemies":"Spheric Guardian","floor":18,"turns":2},{"damage":12,"enemies":"Chosen","floor":20,"turns":2},{"damage":0,"enemies":"Snake Plant","floor":21,"turns":2},{"damage":17,"enemies":"Cultist and Chosen","floor":27,"turns":2},{"damage":0,"enemies":"Snecko","floor":28,"turns":2},{"damage":27,"enemies":"Gremlin Leader","floor":29,"turns":3},{"damage":50,"enemies":"Collector","floor":33,"turns":4},{"damage":12,"enemies":"Orb Walker","floor":35,"turns":2},{"damage":0,"enemies":"3 Darklings","floor":36,"turns":2},{"damage":27,"enemies":"Maw","floor":38,"turns":3},{"damage":28,"enemies":"Reptomancer","floor":41,"turns":4},{"damage":3,"enemies":"Transient","floor":42,"turns":5},{"damage":35,"enemies":"Nemesis","floor":44,"turns":3},{"damage":11,"enemies":"Writhing Mass","floor":45,"turns":3},{"damage":0,"enemies":"3 Darklings","floor":46,"turns":1},{"damage":27,"enemies":"Maw","floor":47,"turns":3},{"damage":65,"enemies":"Donu and Deca","floor":50,"turns":4}],"seed_played":"2601520588569156777","potions_obtained":[],"is_trial":false,"path_per_floor":["M","M","M","M","?","R","E","R","T","E","$","E","M","?","R","B",null,"M","?","M","M","$","R","?","R","T","M","M","E","$","?","R","B",null,"M","M","?","M","?","R","E","M","T","E","M","M","M","$","R","B",null],"character_chosen":"IRONCLAD","items_purchased":["Bag of Preparation","Brimstone","Sling","Flex","Whirlwind"],"campfire_rested":6,"item_purchase_floors":[11,22,30,48,48],"current_hp_per_floor":[72,72,68,68,68,68,33,57,57,47,47,18,14,14,53,1,60,60,60,54,54,54,80,80,80,80,63,63,36,36,36,75,47,72,60,78,78,53,53,80,52,49,49,74,65,80,53,53,80,15],"gold":33,"neow_bonus":"BOSS_RELIC","is_daily":false,"chose_seed":false,"campfire_upgraded":2,"win_rate":0.0,"timestamp":1611461611,"path_taken":["M","M","M","M","?","R","E","R","T","E","?","E","?","?","R","BOSS","M","?","?","?","?","R","?","R","T","M","?","E","$","?","R","BOSS","M","M","?","M","?","R","E","M","T","E","M","M","M","$","R","BOSS"],"items_purchased_type":["Relic","Relic","Relic","Card","Card"],"build_version":"2020-12-22","purchased_purges":1,"victory":true,"max_hp_per_floor":[80,80,80,80,80,80,80,80,80,80,80,80,80,80,80,80,80,80,80,80,80,80,80,80,80,80,80,80,80,80,80,80,80,80,80,80,80,80,80,80,80,80,80,80,80,80,80,80,80,80],"card_choices":[{"not_picked":["Body Slam","Inflame"],"picked":"Anger","floor":1},{"not_picked":["Ghostly Armor","Hemokinesis"],"picked":"Blood for Blood","floor":2},{"not_picked":["Feel No Pain","Pummel"],"picked":"Whirlwind","floor":3},{"not_picked":["Rage","Body Slam","Dropkick"],"picked":"SKIP","floor":4},{"not_picked":["Wild Strike","Flex","Warcry"],"picked":"SKIP","floor":7},{"not_picked":["Flex","Cleave"],"picked":"Reaper","floor":10},{"not_picked":["Power Through","True Grit"],"picked":"Spot Weakness","floor":12},{"not_picked":["Heavy Blade","Rampage","Blood for Blood"],"picked":"SKIP","floor":13},{"not_picked":["Evolve","Infernal Blade"],"picked":"Headbutt","floor":15},{"not_picked":["Feed","Barricade"],"picked":"Double Tap","floor":16},{"not_picked":["Headbutt","Clothesline"],"picked":"Bloodletting","floor":18},{"not_picked":["True Grit","Sword Boomerang"],"picked":"Seeing Red+1","floor":20},{"not_picked":["Twin Strike","Dual Wield","True Grit"],"picked":"SKIP","floor":21},{"not_picked":["Fiend Fire","Power Through"],"picked":"Shockwave","floor":23},{"not_picked":["Anger","Shrug It Off"],"picked":"Whirlwind+1","floor":27},{"not_picked":["Dual Wield","Clothesline","Shrug It Off"],"picked":"SKIP","floor":28},{"not_picked":["Sever Soul","Pommel Strike","Entrench"],"picked":"SKIP","floor":29},{"not_picked":["Barricade","Exhume"],"picked":"Limit Break","floor":33},{"not_picked":["Fire Breathing"],"picked":"SKIP","floor":35},{"not_picked":["Heavy Blade"],"picked":"SKIP","floor":36},{"not_picked":["Clash+1"],"picked":"SKIP","floor":38},{"not_picked":[],"picked":"Perfected Strike+1","floor":40},{"not_picked":["Sentinel+1"],"picked":"SKIP","floor":41},{"not_picked":[],"picked":"Shrug It Off+1","floor":42},{"not_picked":[],"picked":"Shrug It Off+1","floor":44},{"not_picked":["Searing Blow+1"],"picked":"SKIP","floor":45},{"not_picked":[],"picked":"Clothesline+1","floor":46},{"not_picked":["Dual Wield"],"picked":"SKIP","floor":47},{"not_picked":[],"picked":"Metallicize+1","floor":49}],"player_experience":128491,"relics_obtained":[{"floor":7,"key":"Lantern"},{"floor":9,"key":"Dream Catcher"},{"floor":10,"key":"Regal Pillow"},{"floor":12,"key":"Boot"},{"floor":26,"key":"Centennial Puzzle"},{"floor":29,"key":"White Beast Statue"},{"floor":41,"key":"Pen Nib"},{"floor":43,"key":"Eternal Feather"},{"floor":44,"key":"Blood Vial"}],"event_choices":[{"damage_healed":0,"gold_gain":0,"player_choice":"Leave","damage_taken":0,"max_hp_gain":0,"max_hp_loss":0,"event_name":"FaceTrader","floor":5,"gold_loss":0},{"damage_healed":0,"gold_gain":0,"player_choice":"Ignored","damage_taken":0,"max_hp_gain":0,"max_hp_loss":0,"event_name":"Shining Light","floor":14,"gold_loss":0},{"damage_healed":0,"gold_gain":0,"player_choice":"Forge","damage_taken":0,"max_hp_gain":0,"max_hp_loss":0,"event_name":"Accursed Blacksmith","floor":19,"gold_loss":0,"cards_upgraded":["Double Tap"]},{"damage_healed":0,"gold_gain":0,"player_choice":"Got Potions","damage_taken":0,"max_hp_gain":0,"max_hp_loss":0,"event_name":"Lab","floor":24,"gold_loss":0},{"damage_healed":0,"gold_gain":0,"player_choice":"Ignored","damage_taken":0,"max_hp_gain":0,"max_hp_loss":0,"event_name":"Ghosts","floor":31,"gold_loss":0},{"damage_healed":0,"gold_gain":0,"player_choice":"Paid","damage_taken":0,"relics_obtained":["Red Mask"],"max_hp_gain":0,"max_hp_loss":0,"event_name":"Tomb of Lord Red Mask","floor":37,"gold_loss":141},{"damage_healed":0,"gold_gain":0,"player_choice":"Ignored","damage_taken":0,"max_hp_gain":0,"max_hp_loss":0,"event_name":"SecretPortal","floor":39,"gold_loss":0}],"is_beta":false,"boss_relics":[{"not_picked":["Coffee Dripper","Empty Cage"],"picked":"Mark of Pain"},{"not_picked":["Tiny House","Cursed Key"],"picked":"Busted Crown"}],"items_purged_floors":[11],"is_endless":false,"potions_floor_spawned":[2,4,7,10,16,18,28,33,35,36,38,41,42,44,45,46,47],"ascension_level":9}}