{"host":"lnnm69al9x392px5","time":1611468636,"event":{"mods":["BaseMod","Downfall","Minty Spire (QoL Compilation)","Replay The Spire","StSLib"],"gold_per_floor":[99,114,114,133,149,55,55,86,186,286,303,303,303,318,330,330,330,330],"floor_reached":16,"language":"ENG","playtime":756,"items_purged":[],"score":102,"play_id":"1535535f-6613-4eb7-b84d-8bca68932f9d","local_time":"20210123221036","is_ascension_mode":false,"campfire_choices":[{"data":"The Bomb","floor":1,"key":"SMITH"}],"circlet_count":0,"master_deck":["Guardian:Strike_Guardian","Guardian:Strike_Guardian","Guardian:Defend_Guardian","Guardian:Defend_Guardian","Guardian:Defend_Guardian","Guardian:Defend_Guardian","Guardian:CurlUp","Guardian:TwinSlam","The Bomb+1","Guardian:FuturePlans","Guardian:TimeBomb","Guardian:RollAttack","Guardian:Recover","Guardian:BronzeOrb","Guardian:Repulse","Guardian:StasisStrike+1","Guardian:StasisStrike","Parasite","Guardian:Orbwalk","Guardian:PolyBeam"],"relics":["Guardian:ModeShifter","Eternal Feather","ReplayTheSpireMod:Ninjato"],"acts_visited":["Exordium"],"potions_floor_usage":[16,16,16],"damage_taken":[{"damage":13,"enemies":"Cultist","floor":2,"turns":5},{"damage":8,"enemies":"2 Louse","floor":4,"turns":4},{"damage":5,"enemies":"Small Slimes","floor":5,"turns":4},{"damage":0,"enemies":"downfall:FleeingMerchant","floor":6,"turns":4},{"damage":14,"enemies":"Replay:BlueRogue","floor":8,"turns":6},{"damage":16,"enemies":"downfall:Heads","floor":9,"turns":5},{"damage":6,"enemies":"3 Louse","floor":11,"turns":2},{"damage":9,"enemies":"Blue Slaver","floor":14,"turns":4},{"damage":6,"enemies":"Lots of Slimes","floor":15,"turns":5},{"damage":28,"enemies":"WA_ARCHETYPE_RETAIN","floor":16,"turns":7}],"seed_played":"3831430339688794694","potions_obtained":[{"floor":5,"key":"Guardian:DefensiveModePotion"},{"floor":8,"key":"DuplicationPotion"},{"floor":11,"key":"SkillPotion"}],"is_trial":false,"path_per_floor":["R","M","?","M","M","$","T","E","?","?","M","?","?","M","M","B"],"character_chosen":"GUARDIAN","items_purchased":["Guardian:BronzeOrb"],"campfire_rested":0,"item_purchase_floors":[6],"current_hp_per_floor":[80,67,67,59,54,54,54,40,24,24,18,18,38,29,23,0,0,0],"gold":330,"neow_bonus":"RANDOM_COLORLESS_2","is_daily":false,"chose_seed":false,"campfire_upgraded":1,"win_rate":0.0,"timestamp":1611468636,"path_taken":["R","M","?","M","?","$","T","E","?","?","M","?","?","M","M","BOSS"],"items_purchased_type":["Card"],"build_version":"2020-12-22","purchased_purges":0,"victory":false,"max_hp_per_floor":[80,80,80,80,80,80,80,80,80,80,80,80,80,80,80,80,80,80],"card_choices":[{"not_picked":["Violence","Secret Technique"],"picked":"The Bomb","floor":0},{"not_picked":["Guardian:Recover","Guardian:Incinerate"],"picked":"Guardian:FuturePlans","floor":2},{"not_picked":["Guardian:Gem_Crimson","Guardian:Reroute"],"picked":"Guardian:TimeBomb","floor":4},{"not_picked":["Guardian:CrystalBeam","Guardian:Reroute"],"picked":"Guardian:RollAttack","floor":5},{"not_picked":["Guardian:PolyBeam","Guardian:PrismaticBarrier"],"picked":"Guardian:Recover","floor":6},{"not_picked":["Guardian:Incinerate","Guardian:VentSteam"],"picked":"Guardian:Repulse","floor":8},{"not_picked":["Guardian:Planning","Guardian:EvasiveProtocol"],"picked":"Guardian:StasisStrike","floor":9},{"not_picked":["Guardian:WalkerClaw","Guardian:Recover","Guardian:CrystalBeam"],"picked":"SKIP","floor":11},{"not_picked":["Guardian:PrismaticBeam","Guardian:Suspension"],"picked":"Guardian:Orbwalk","floor":14},{"not_picked":["Guardian:PrismaticBeam","Guardian:TemporalStrike"],"picked":"Guardian:PolyBeam","floor":15}],"player_experience":250672,"relics_obtained":[{"floor":7,"key":"Eternal Feather"},{"floor":8,"key":"ReplayTheSpireMod:Ninjato"}],"event_choices":[{"damage_healed":20,"gold_gain":0,"player_choice":"Healed and dodged fight","damage_taken":0,"max_hp_gain":0,"max_hp_loss":0,"event_name":"Mushrooms","floor":13,"gold_loss":0,"cards_obtained":["Parasite"]}],"is_beta":false,"boss_relics":[],"items_purged_floors":[],"is_endless":false,"potions_floor_spawned":[5,8,11,14],"killed_by":"WA_ARCHETYPE_RETAIN","ascension_level":0}}