{"host":"z9grmtg2w0nmz8n1","time":1611480554,"event":{"mods":["Aspiration","BaseMod","Better Altar","Better Match","Better Note","Better Sensory Stone","Better Skull","Better Third Choice","BetterRewards","Clawfect","Colored Map","Conspire","GifTheSpireLib","Halation","Highlight Path","Hubris","Hunter ??","Jedi Mod","Minty Spire (QoL Compilation)","Permanent Neow","Replay The Spire","Shop Mod","Spicy Shops","StSLib","Stuff the Spire","The Runesmith"],"gold_per_floor":[118,118,138,138,153,187,187,7,7,44,69,87,102,102,102,204,204,216,231,249,28,28,57,57,88,111,122,122,122],"floor_reached":28,"language":"ENG","playtime":1639,"items_purged":["Runesmith:Strike_RS","Runesmith:Strike_RS"],"score":281,"play_id":"f4906af9-753b-4a78-812e-65e190c90321","local_time":"20210124072914","is_ascension_mode":true,"campfire_choices":[{"floor":7,"key":"RECALL"},{"floor":15,"key":"REST"},{"floor":24,"key":"REST"}],"circlet_count":0,"master_deck":["Runesmith:Strike_RS","Runesmith:Strike_RS","Runesmith:Defend_RS","Runesmith:Defend_RS","Runesmith:Defend_RS","Runesmith:Defend_RS","Runesmith:CraftFirestone+1","Runesmith:Fortify","Runesmith:FieryHammer","Runesmith:HeatedChisel","StuffTheSpire:Innocence","Runesmith:Grindstone","Runesmith:LithiumIon","Runesmith:Grindstone+1","Runesmith:HammerThrow","Runesmith:HeatExchange","Runesmith:Permafrost","Runesmith:CraftMagma"],"relics":["Runesmith:BrokenRuby","Vajra","InkBottle","Centennial Puzzle","Boot","aspiration:MobileForge","Juzu Bracelet","ReplayFunnel","halation:PrussianBluePaint"],"acts_visited":["Exordium","TheCity"],"potions_floor_usage":[11,16,16,23,23,23,28],"damage_taken":[{"damage":0,"enemies":"Cultist","floor":1,"turns":4},{"damage":0,"enemies":"2 Louse","floor":3,"turns":2},{"damage":3,"enemies":"Small Slimes","floor":5,"turns":3},{"damage":24,"enemies":"3 Sentries","floor":6,"turns":7},{"damage":23,"enemies":"conspire:MimicChest","floor":10,"turns":7},{"damage":7,"enemies":"Lagavulin","floor":11,"turns":5},{"damage":0,"enemies":"Gremlin Gang","floor":12,"turns":1},{"damage":1,"enemies":"Large Slime","floor":13,"turns":6},{"damage":15,"enemies":"Fading Forest","floor":16,"turns":11},{"damage":1,"enemies":"Shell Parasite","floor":18,"turns":6},{"damage":9,"enemies":"3 Byrds","floor":19,"turns":5},{"damage":1,"enemies":"Centurion and Healer","floor":20,"turns":7},{"damage":47,"enemies":"Slavers","floor":23,"turns":5},{"damage":5,"enemies":"conspire:SneckoGhost","floor":25,"turns":9},{"damage":6,"enemies":"Chosen and Byrds","floor":27,"turns":7},{"damage":32,"enemies":"Slavers","floor":28,"turns":3}],"seed_played":"4876964702584121637","potions_obtained":[{"floor":3,"key":"Ancient Potion"},{"floor":11,"key":"EssenceOfSteel"},{"floor":12,"key":"SpeedPotion"},{"floor":13,"key":"Adrenaline Potion"},{"floor":16,"key":"Death Potion"},{"floor":19,"key":"Reflective Coating"},{"floor":27,"key":"Energy Potion"}],"is_trial":false,"path_per_floor":["M","T","M","?","M","E","R","$","T","?","E","M","M","?","R","B",null,"M","M","M","$","?","E","R","E","T","M","E"],"character_chosen":"RUNESMITH_CLASS","items_purchased":["Runesmith:LithiumIon","Runesmith:Permafrost"],"campfire_rested":2,"item_purchase_floors":[8,21],"current_hp_per_floor":[70,70,70,63,60,36,36,36,36,13,6,6,5,5,26,21,70,69,60,59,59,59,12,33,28,28,22,0,0],"gold":122,"neow_bonus":"UPGRADE_CARD","is_daily":false,"chose_seed":false,"campfire_upgraded":0,"win_rate":0.0,"timestamp":1611480554,"path_taken":["M","?","M","?","M","E","R","$","T","?","E","M","?","?","R","BOSS","M","M","M","$","?","E","R","E","T","M","E"],"items_purchased_type":["Card","Card"],"build_version":"2020-12-22","purchased_purges":2,"victory":false,"max_hp_per_floor":[70,70,70,70,70,70,70,70,70,70,70,70,70,70,70,70,70,70,70,70,70,70,70,70,70,70,70,70,70],"card_choices":[{"not_picked":["Runesmith:ChiselStab","Runesmith:HammerThrow"],"picked":"Runesmith:FieryHammer","floor":1},{"not_picked":["Runesmith:Augment","Runesmith:EnergizedChisel"],"picked":"Runesmith:HeatedChisel","floor":3},{"not_picked":["Runesmith:EarthShield","Runesmith:Attraction"],"picked":"Runesmith:Grindstone","floor":5},{"not_picked":["Runesmith:CraftPrismatica","Runesmith:UnstableHammer","Runesmith:Repurpose"],"picked":"SKIP","floor":6},{"not_picked":["Runesmith:Superposition","Runesmith:LithiumIon"],"picked":"Runesmith:Grindstone","floor":11},{"not_picked":["Runesmith:Repurpose","Runesmith:PerfectChisel","Runesmith:HeatedChisel"],"picked":"SKIP","floor":12},{"not_picked":["Runesmith:Empowerment","Runesmith:ChargedHammer"],"picked":"Runesmith:HammerThrow","floor":13},{"not_picked":["Runesmith:Reinforce+1","Runesmith:ShiftingStrike","Runesmith:HammerThrow"],"picked":"SKIP","floor":18},{"not_picked":["Runesmith:BackupBattery","Runesmith:MakeshiftArmor","Runesmith:Refine"],"picked":"SKIP","floor":19},{"not_picked":["Runesmith:Augment","Runesmith:Repurpose"],"picked":"Runesmith:HeatExchange","floor":20},{"not_picked":["Runesmith:CraftReservo+1","Runesmith:WhiteBalance","Runesmith:Terraform"],"picked":"SKIP","floor":23},{"not_picked":["Runesmith:RuneHurl","Runesmith:BackupBattery"],"picked":"Runesmith:CraftMagma","floor":25},{"not_picked":["Runesmith:CraftProtectio","Runesmith:CraftVitae+1","Runesmith:Terraform"],"picked":"SKIP","floor":27}],"player_experience":838880,"relics_obtained":[{"floor":2,"key":"Vajra"},{"floor":6,"key":"InkBottle"},{"floor":10,"key":"Centennial Puzzle"},{"floor":11,"key":"Boot"},{"floor":23,"key":"Juzu Bracelet"},{"floor":25,"key":"ReplayFunnel"},{"floor":26,"key":"halation:PrussianBluePaint"}],"event_choices":[{"cards_removed":["Runesmith:Strike_RS"],"damage_healed":0,"gold_gain":0,"player_choice":"Give","damage_taken":0,"max_hp_gain":0,"max_hp_loss":0,"event_name":"betterNote:BetterNote","floor":22,"gold_loss":0,"cards_obtained":["Strike_R"]}],"is_beta":false,"boss_relics":[{"not_picked":["halation:HeavySnake","Kintsugi"],"picked":"aspiration:MobileForge"}],"items_purged_floors":[8,21],"is_endless":false,"potions_floor_spawned":[3,11,12,13,16,19,27],"killed_by":"Slavers","ascension_level":1}}