{"host":"test","time":1611503815,"event":{"mods":["BaseMod","Colored Map","Colored Powertips","Minty Spire (QoL Compilation)","Relic Stats","Slay the Relics Exporter","SpireBot","StSLib","ojb\u0027s Better Paths Mod","ojb\u0027s Info Mod"],"gold_per_floor":[359,377,396,396,34,61,61,75,75,75,75,107,117,129,129,206,206,226,243,271,290,290,290,323,323,347,347,360,387,387,387],"floor_reached":30,"language":"JPN","playtime":1287,"items_purged":[],"score":560,"play_id":"80e0c977-3acc-418c-abbe-3007977fc1e2","local_time":"20210125005655","is_ascension_mode":true,"campfire_choices":[{"data":"Dash","floor":7.0,"key":"SMITH"},{"floor":11.0,"key":"REST"},{"data":"Catalyst","floor":15.0,"key":"SMITH"},{"data":"Noxious Fumes","floor":23.0,"key":"SMITH"},{"data":"Corpse Explosion","floor":25.0,"key":"SMITH"},{"data":"Ghostly","floor":27.0,"key":"SMITH"}],"circlet_count":0,"master_deck":["AscendersBane","Strike_G","Defend_G","Defend_G","Defend_G","Defend_G","Defend_G","Survivor","Neutralize","Quick Slash","Blade Dance","Leg Sweep","Poisoned Stab","Bane","Catalyst+1","Dash+1","Blade Dance","Noxious Fumes+1","Deadly Poison","Corpse Explosion+1","Dash+1","Reflex+1","After Image+1","Dagger Spray+1","Deadly Poison","Prepared","Ghostly+1","Ghostly","Ghostly","Outmaneuver+1","PiercingWail"],"relics":["Ring of the Snake","Strawberry","OrangePellets","Matryoshka","Bag of Preparation","PreservedInsect","Mango","Astrolabe","Red Mask","Unceasing Top","Art of War","Calipers"],"acts_visited":["Exordium","TheCity"],"potions_floor_usage":[],"damage_taken":[{"damage":4.0,"enemies":"2 Louse","floor":1.0,"turns":3.0},{"damage":0.0,"enemies":"Small Slimes","floor":2.0,"turns":4.0},{"damage":0.0,"enemies":"Jaw Worm","floor":3.0,"turns":4.0},{"damage":24.0,"enemies":"Gremlin Nob","floor":6.0,"turns":4.0},{"damage":3.0,"enemies":"3 Louse","floor":8.0,"turns":3.0},{"damage":4.0,"enemies":"Lagavulin","floor":12.0,"turns":5.0},{"damage":0.0,"enemies":"2 Fungi Beasts","floor":13.0,"turns":3.0},{"damage":10.0,"enemies":"Exordium Thugs","floor":14.0,"turns":6.0},{"damage":18.0,"enemies":"Slime Boss","floor":16.0,"turns":5.0},{"damage":3.0,"enemies":"Chosen","floor":18.0,"turns":4.0},{"damage":14.0,"enemies":"3 Byrds","floor":19.0,"turns":3.0},{"damage":12.0,"enemies":"Masked Bandits","floor":20.0,"turns":2.0},{"damage":24.0,"enemies":"Sentry and Sphere","floor":21.0,"turns":6.0},{"damage":5.0,"enemies":"Slavers","floor":24.0,"turns":4.0},{"damage":0,"enemies":"Snecko","floor":28,"turns":5},{"damage":31,"enemies":"Book of Stabbing","floor":29,"turns":6},{"damage":12,"enemies":"Chosen and Byrds","floor":30,"turns":2}],"seed_played":"5671705373749829013","potions_obtained":[{"floor":2.0,"key":"SkillPotion"},{"floor":3.0,"key":"BlessingOfTheForge"},{"floor":12.0,"key":"AttackPotion"},{"floor":13.0,"key":"Regen Potion"},{"floor":16.0,"key":"Regen Potion"},{"floor":24.0,"key":"SpeedPotion"},{"floor":29,"key":"Fire Potion"}],"is_trial":false,"path_per_floor":["M","M","M","?","$","E","R","M","T","?","R","E","M","M","R","B",null,"M","M","?","M","?","R","E","R","T","R","M","E","M"],"character_chosen":"THE_SILENT","items_purchased":["OrangePellets","Poisoned Stab","Bane","Catalyst"],"campfire_rested":1,"item_purchase_floors":[5,5,5,5],"current_hp_per_floor":[55,55,55,57,57,33,33,30,30,23,43,53,53,43,43,25,67,64,50,38,59,40,40,35,35,35,35,35,4,0,0],"gold":387,"neow_bonus":"TWO_FIFTY_GOLD","is_daily":false,"chose_seed":true,"campfire_upgraded":5,"win_rate":0.0,"timestamp":1611503815,"path_taken":["M","M","M","?","$","E","R","M","T","?","R","E","M","M","R","BOSS","M","M","?","M","?","R","E","R","T","R","M","E","M"],"items_purchased_type":["Relic","Card","Card","Card"],"build_version":"2020-12-18","purchased_purges":0,"victory":false,"max_hp_per_floor":[60,60,60,67,67,67,67,67,67,67,67,81,81,81,81,81,81,81,81,81,81,40,40,40,40,40,40,40,40,40,40],"relic_stats":{"OrangePellets":[0],"counters":[17,69],"Astrolabe":["Dash","Reflex","After Image"],"PreservedInsect":113,"Bag of Preparation":[24],"Art of War":[5],"obtain_stats":[{"OrangePellets":5,"Matryoshka":6,"Calipers":29,"Strawberry":4,"Astrolabe":17,"Mango":12,"PreservedInsect":9,"Bag of Preparation":9,"Red Mask":20,"Art of War":26,"Unceasing Top":24,"Ring of the Snake":0},{"OrangePellets":3,"Matryoshka":4,"Calipers":16,"Strawberry":3,"Astrolabe":9,"Mango":6,"PreservedInsect":5,"Bag of Preparation":5,"Red Mask":12,"Art of War":14,"Unceasing Top":14,"Ring of the Snake":0},{"OrangePellets":11,"Matryoshka":15,"Calipers":67,"Strawberry":11,"Astrolabe":37,"Mango":23,"PreservedInsect":18,"Bag of Preparation":18,"Red Mask":46,"Art of War":56,"Unceasing Top":56,"Ring of the Snake":0}],"Unceasing Top":[2],"Ring of the Snake":[34]},"card_choices":[{"not_picked":["Outmaneuver","Accuracy"],"picked":"Quick Slash","floor":1.0},{"not_picked":["Cloak And Dagger","Reflex"],"picked":"Blade Dance","floor":2.0},{"not_picked":["Caltrops","Poisoned Stab"],"picked":"Leg Sweep","floor":3.0},{"not_picked":["Cloak And Dagger","Well Laid Plans"],"picked":"Dash","floor":6.0},{"not_picked":["Flying Knee","Sucker Punch"],"picked":"Blade Dance","floor":8.0},{"not_picked":["Bane","Blur"],"picked":"Noxious Fumes","floor":12.0},{"not_picked":["Dagger Spray","Acrobatics"],"picked":"Deadly Poison","floor":13.0},{"not_picked":["Prepared","Outmaneuver","Blur"],"picked":"SKIP","floor":14.0},{"not_picked":["Adrenaline","Malaise"],"picked":"Corpse Explosion","floor":16.0},{"not_picked":["Predator","Slice","Quick Slash"],"picked":"SKIP","floor":18.0},{"not_picked":["Prepared","Dodge and Roll"],"picked":"Dagger Spray+1","floor":19.0},{"not_picked":["Quick Slash","Poisoned Stab"],"picked":"Deadly Poison","floor":20.0},{"not_picked":["Slice","Terror"],"picked":"Prepared","floor":21.0},{"not_picked":["Setup","Prepared"],"picked":"Outmaneuver+1","floor":24.0},{"not_picked":["Terror","Blade Dance","Dagger Spray"],"picked":"SKIP","floor":28},{"not_picked":["Glass Knife","Bane"],"picked":"PiercingWail","floor":29}],"player_experience":1974421,"relics_obtained":[{"floor":6.0,"key":"Matryoshka"},{"floor":9.0,"key":"Bag of Preparation"},{"floor":9.0,"key":"PreservedInsect"},{"floor":12.0,"key":"Mango"},{"floor":20.0,"key":"Red Mask"},{"floor":24.0,"key":"Unceasing Top"},{"floor":26.0,"key":"Art of War"},{"floor":29,"key":"Calipers"}],"event_choices":[{"damage_healed":0.0,"max_hp_gain":0.0,"max_hp_loss":0.0,"gold_gain":0.0,"event_name":"Scrap Ooze","player_choice":"Success","floor":4.0,"gold_loss":0.0,"damage_taken":5.0,"relics_obtained":["Strawberry"]},{"cards_removed":["Strike_G"],"damage_healed":0.0,"max_hp_gain":0.0,"max_hp_loss":0.0,"gold_gain":0.0,"event_name":"Golden Wing","player_choice":"Card Removal","floor":10.0,"gold_loss":0.0,"damage_taken":7.0},{"damage_healed":0.0,"max_hp_gain":0.0,"max_hp_loss":0.0,"gold_gain":0.0,"event_name":"Masked Bandits","player_choice":"Fought Bandits","floor":20.0,"gold_loss":0.0,"damage_taken":0.0},{"damage_healed":0.0,"max_hp_gain":0.0,"max_hp_loss":41.0,"gold_gain":0.0,"event_name":"Ghosts","player_choice":"Became a Ghost","floor":22.0,"gold_loss":0.0,"damage_taken":0.0,"cards_obtained":["Ghostly","Ghostly","Ghostly"]}],"is_beta":true,"boss_relics":[{"not_picked":["Empty Cage","HoveringKite"],"picked":"Astrolabe"}],"items_purged_floors":[],"is_endless":false,"potions_floor_spawned":[2,3,12,13,16,19,24,29],"killed_by":"Chosen and Byrds","ascension_level":20}}