{"host":"qrt7o4dq2qslzw13","time":1611482863,"event":{"mods":["AchievementEnabler","BaseMod","Colored Map","Colored Powertips","Minty Spire (QoL Compilation)","Quick Restart","StSLib","SuperFastMode"],"gold_per_floor":[111,124,136,211,161,161,190,203,203,203,60,60,19,33,33,131,131,145,145,145,11,21,53,67,67,67,67,67,67,67,77,77,172,172,192,242,242,242],"floor_reached":37,"language":"ENG","playtime":1019,"items_purged":[],"score":435,"play_id":"851a9afd-8ba9-42e0-93cd-7f0e2e14a42d","local_time":"20210124050743","is_ascension_mode":false,"campfire_choices":[{"data":"ReachHeaven","floor":6.0,"key":"SMITH"},{"data":"Prostrate","floor":10.0,"key":"SMITH"},{"floor":15.0,"key":"REST"},{"floor":25.0,"key":"REST"},{"data":"MasterReality","floor":28.0,"key":"SMITH"},{"data":"DeusExMachina","floor":30.0,"key":"SMITH"},{"floor":32.0,"key":"REST"}],"circlet_count":0,"master_deck":["Eruption","Vigilance","Collect","SandsOfTime","ReachHeaven+1","BattleHymn","Prostrate+1","Scrawl","Brilliance","Prostrate","WreathOfFlame","InnerPeace","EmptyMind","DeusExMachina+1","Omniscience","Establishment","Tantrum","Perseverance","ClearTheMind","BattleHymn","MasterReality+1","Protect","Evaluate","WindmillStrike","Vault","Weave+1","FollowUp+1","Chrysalis+1","WaveOfTheHand","Indignation"],"relics":["PureWater","NeowsBlessing","Darkstone Periapt","Orrery","Pandora\u0027s Box","Centennial Puzzle","Nunchaku","StrikeDummy","Astrolabe","GoldenEye"],"acts_visited":["Exordium","TheCity","TheBeyond"],"potions_floor_usage":[],"damage_taken":[{"damage":0.0,"enemies":"Cultist","floor":1.0,"turns":1.0},{"damage":0.0,"enemies":"2 Louse","floor":2.0,"turns":1.0},{"damage":0.0,"enemies":"Small Slimes","floor":3.0,"turns":1.0},{"damage":0.0,"enemies":"Lagavulin","floor":7.0,"turns":2.0},{"damage":8.0,"enemies":"Exordium Wildlife","floor":8.0,"turns":3.0},{"damage":0.0,"enemies":"Blue Slaver","floor":14.0,"turns":2.0},{"damage":64.0,"enemies":"Hexaghost","floor":16.0,"turns":8.0},{"damage":2.0,"enemies":"Chosen","floor":18.0,"turns":3.0},{"damage":6.0,"enemies":"Spheric Guardian","floor":22.0,"turns":4.0},{"damage":15.0,"enemies":"Gremlin Leader","floor":23.0,"turns":4.0},{"damage":13.0,"enemies":"Shelled Parasite and Fungi","floor":24.0,"turns":4.0},{"damage":4.0,"enemies":"Snecko","floor":31.0,"turns":5.0},{"damage":27.0,"enemies":"Champ","floor":33.0,"turns":6.0},{"damage":19.0,"enemies":"3 Shapes","floor":35.0,"turns":5.0},{"damage":33.0,"enemies":"Mind Bloom Boss Battle","floor":36.0,"turns":6.0},{"damage":12,"enemies":"3 Darklings","floor":37,"turns":4}],"seed_played":"7382871121727118004","potions_obtained":[{"floor":1.0,"key":"Ambrosia"},{"floor":3.0,"key":"DistilledChaos"},{"floor":16.0,"key":"SkillPotion"},{"floor":22.0,"key":"BottledMiracle"},{"floor":35.0,"key":"Weak Potion"}],"is_trial":false,"path_per_floor":["M","M","M","?","?","R","E","M","T","R","$","?","$","M","R","B",null,"M","?","?","$","M","E","M","R","T","$","R","T","R","M","R","B",null,"M","?","M"],"character_chosen":"WATCHER","items_purchased":["Orrery","InnerPeace","Panacea","Protect"],"campfire_rested":3,"item_purchase_floors":[11,13,21,21],"current_hp_per_floor":[72,72,72,61,61,61,61,53,53,53,53,53,53,53,72,8,72,70,70,70,70,64,49,36,57,57,57,57,57,57,53,72,45,72,53,20,8,8],"gold":242,"neow_bonus":"THREE_ENEMY_KILL","is_daily":false,"chose_seed":false,"campfire_upgraded":4,"win_rate":0.0,"timestamp":1611482863,"path_taken":["M","?","M","?","?","R","E","M","T","R","$","?","$","?","R","BOSS","M","?","?","$","M","E","?","R","T","$","R","?","R","M","R","BOSS","M","?","M"],"items_purchased_type":["Relic","Card","Card","Card"],"build_version":"2020-12-22","purchased_purges":0,"victory":false,"max_hp_per_floor":[72,72,72,72,72,72,72,72,72,72,72,72,72,72,72,72,72,72,72,72,72,72,72,72,72,72,72,72,72,72,72,72,72,72,72,72,72,72],"card_choices":[{"not_picked":["Swivel","Fasting2"],"picked":"Collect","floor":1.0},{"not_picked":["FlyingSleeves","Halt"],"picked":"SandsOfTime","floor":2.0},{"not_picked":["CrushJoints","Evaluate"],"picked":"ReachHeaven","floor":3.0},{"not_picked":["SashWhip","FollowUp"],"picked":"BattleHymn","floor":7.0},{"not_picked":["Weave","Evaluate"],"picked":"Prostrate","floor":8.0},{"not_picked":["Consecrate","CarveReality"],"picked":"Scrawl","floor":11.0},{"not_picked":["SashWhip","FlyingSleeves"],"picked":"Brilliance","floor":11.0},{"not_picked":["Adaptation","Evaluate"],"picked":"Prostrate","floor":11.0},{"not_picked":["ThirdEye","ForeignInfluence"],"picked":"WreathOfFlame","floor":11.0},{"not_picked":["EmptyFist","FollowUp"],"picked":"EmptyMind","floor":14.0},{"not_picked":["DevaForm","SpiritShield"],"picked":"DeusExMachina","floor":16.0},{"not_picked":["Protect+1","CrushJoints","EmptyMind"],"picked":"SKIP","floor":18.0},{"not_picked":["Protect+1","EmptyBody"],"picked":"Conclude","floor":22.0},{"not_picked":["EmptyFist","Tantrum+1"],"picked":"Evaluate","floor":23.0},{"not_picked":["Vengeance","ClearTheMind+1"],"picked":"LikeWater","floor":24.0},{"not_picked":["Fasting2","Halt"],"picked":"WindmillStrike","floor":31.0},{"not_picked":["Brilliance","SpiritShield"],"picked":"Vault","floor":33.0},{"not_picked":["BowlingBash","Nirvana+1"],"picked":"WaveOfTheHand","floor":35.0},{"not_picked":["WheelKick","FlyingSleeves"],"picked":"Indignation","floor":36.0}],"player_experience":581678,"relics_obtained":[{"floor":7.0,"key":"Darkstone Periapt"},{"floor":23.0,"key":"Centennial Puzzle"},{"floor":26.0,"key":"Nunchaku"},{"floor":29.0,"key":"StrikeDummy"},{"floor":36.0,"key":"GoldenEye"}],"event_choices":[{"damage_healed":0.0,"max_hp_gain":0.0,"max_hp_loss":0.0,"gold_gain":75.0,"event_name":"World of Goop","player_choice":"Gather Gold","floor":4.0,"gold_loss":0.0,"damage_taken":11.0},{"cards_removed":["Strike_P"],"damage_healed":0.0,"max_hp_gain":0.0,"max_hp_loss":0.0,"gold_gain":0.0,"event_name":"The Cleric","player_choice":"Card Removal","floor":5.0,"gold_loss":50.0,"damage_taken":0.0},{"damage_healed":0.0,"max_hp_gain":0.0,"max_hp_loss":0.0,"gold_gain":0.0,"event_name":"NoteForYourself","player_choice":"Ignored","floor":12.0,"gold_loss":0.0,"damage_taken":0.0},{"damage_healed":0.0,"max_hp_gain":0.0,"max_hp_loss":0.0,"gold_gain":0.0,"event_name":"Ghosts","player_choice":"Ignored","floor":19.0,"gold_loss":0.0,"damage_taken":0.0},{"damage_healed":0.0,"max_hp_gain":0.0,"max_hp_loss":0.0,"gold_gain":0.0,"cards_transformed":["Conclude","Adaptation"],"event_name":"Drug Dealer","player_choice":"Became Test Subject","floor":20.0,"gold_loss":0.0,"damage_taken":0.0,"cards_obtained":["BattleHymn","MasterReality"]},{"damage_healed":0.0,"max_hp_gain":0.0,"max_hp_loss":0.0,"gold_gain":0.0,"event_name":"MindBloom","player_choice":"Fight","floor":36.0,"gold_loss":0.0,"damage_taken":0.0}],"is_beta":false,"boss_relics":[{"not_picked":["Fusion Hammer","Philosopher\u0027s Stone"],"picked":"Pandora\u0027s Box"},{"not_picked":["Snecko Eye","Runic Pyramid"],"picked":"Astrolabe"}],"items_purged_floors":[],"is_endless":false,"potions_floor_spawned":[1,3,16,22,35],"killed_by":"3 Darklings","ascension_level":0}}