{"host":"xj2wyr3bqqv4irjd","time":1611525770,"event":{"mods":["Act Like it!","Aspiration","BaseMod","Gensokyo","Koishi","Lobotomy","LobotomyExtend","Marisa£®ÏF”Í°°ƒß¿Ì…≥£©","Minty Spire (QoL Compilation)","Quick Restart","Rare Cards Sparkle","Reimu£®≤©¿ˆ¡È√Œ£©","Remilia£®¿Ÿ√◊¿Ú—«£©","Replay The Spire","SIMod","StSLib","The Alterego","The Servant 0.9.4","WarShipGirlsR/’ΩΩ¢…Ÿ≈ÆR mod","Yakumo Yukari mod","Youmu£®ªÍ∆«—˝√Œ£©"],"gold_per_floor":[16,16,33,3,17,47,47,75,75,75,25,25,43,75,75,177,177,189,206,223,241,241,241],"floor_reached":22,"language":"ZHS","playtime":1475,"items_purged":[],"score":320,"play_id":"9497d807-adbb-49f5-88be-17333deae939","local_time":"20210124220250","is_ascension_mode":true,"campfire_choices":[{"data":"ReturningBlade","floor":10.0,"key":"SMITH"},{"data":"ReturningBlade+1","floor":12.0,"key":"SMITH"},{"data":"ReturningBlade+2","floor":15.0,"key":"SMITH"}],"circlet_count":0,"master_deck":["Strike_S","Defend_S","Defend_S","Defend_S","Defend_S","KidneyShot","Exchange","ReturningBlade+3","GearUp","Sunlight","BottledTime","FloweringNight","Contraction","BestPractice","ForgedInTime","BottledTime","FlawlessForm","BestPractice"],"relics":["Uniform","LetterFromLob","Ancient Tea Set","RomanBracelet","Mastiff:ReiMu","Mirror","aspiration:RitualDagger"],"acts_visited":["Exordium","TheCity"],"potions_floor_usage":[],"damage_taken":[{"damage":0.0,"enemies":"Jaw Worm","floor":1.0,"turns":7.0},{"damage":1.0,"enemies":"Small Slimes","floor":3.0,"turns":6.0},{"damage":4.0,"enemies":"Cultist","floor":5.0,"turns":5.0},{"damage":19.0,"enemies":"3 Sentries","floor":6.0,"turns":4.0},{"damage":25.0,"enemies":"Gremlin Nob","floor":8.0,"turns":5.0},{"damage":0.0,"enemies":"Red Slaver","floor":13.0,"turns":2.0},{"damage":15.0,"enemies":"Replay:BlueRogue","floor":14.0,"turns":6.0},{"damage":0.0,"enemies":"Hexaghost","floor":16.0,"turns":9.0},{"damage":17,"enemies":"Shell Parasite","floor":18,"turns":7},{"damage":34,"enemies":"Spheric Guardian","floor":19,"turns":5},{"damage":45,"enemies":"3 Cultists","floor":20,"turns":4},{"damage":33,"enemies":"Shelled Parasite and Fungi","floor":21,"turns":6},{"damage":14,"enemies":"Centurion and Healer","floor":22,"turns":2}],"seed_played":"8420863100906065980","potions_obtained":[{"floor":3.0,"key":"SteroidPotion"},{"floor":5.0,"key":"Fire Potion"},{"floor":16.0,"key":"Venom Potion"},{"floor":20,"key":"DuplicationPotion"}],"is_trial":false,"path_per_floor":["M","?","M","?","M","E","$","E","T","R","?","R","M","E","R","B",null,"M","M","M","M","M"],"character_chosen":"THE_SERVANT","items_purchased":[],"campfire_rested":0,"item_purchase_floors":[],"current_hp_per_floor":[65,65,64,64,60,41,41,16,16,16,16,16,16,1,1,1,49,32,65,35,14,0,0],"gold":241,"neow_bonus":"REMOVE_TWO","is_daily":false,"chose_seed":false,"campfire_upgraded":3,"win_rate":0.0,"timestamp":1611525770,"path_taken":["M","?","M","?","M","E","$","E","T","R","?","R","M","E","R","BOSS","M","M","M","M","M"],"items_purchased_type":[],"build_version":"2020-12-22","purchased_purges":0,"victory":false,"max_hp_per_floor":[65,65,65,65,65,65,65,65,65,65,65,65,65,65,65,65,65,65,65,65,65,65,65],"card_choices":[{"not_picked":["DoubleEdge","Revamp"],"picked":"ReturningBlade","floor":1.0},{"not_picked":["Replace","Manipulate"],"picked":"GearUp","floor":3.0},{"not_picked":[],"picked":"Sunlight","floor":4.0},{"not_picked":["Starlight","Alleviate"],"picked":"BottledTime","floor":5.0},{"not_picked":["Revamp","ShatteredReality"],"picked":"FloweringNight","floor":6.0},{"not_picked":["Revamp","Rewind"],"picked":"Contraction","floor":8.0},{"not_picked":["Rewind","DoubleEdge"],"picked":"BestPractice","floor":13.0},{"not_picked":["Desolation","DoubleEdge","Replace"],"picked":"SKIP","floor":14.0},{"not_picked":["PendulumOfEternity","Initiator"],"picked":"ForgedInTime","floor":16.0},{"not_picked":["Manipulate+1","Shuttle","FastForward+1"],"picked":"SKIP","floor":18},{"not_picked":["Starlight","ShiftingGears+1"],"picked":"BottledTime","floor":19},{"not_picked":["Defy","Starlight"],"picked":"FlawlessForm","floor":20},{"not_picked":["Rewind","Unruled"],"picked":"BestPractice","floor":21}],"player_experience":577784,"relics_obtained":[{"floor":1.0,"key":"LetterFromLob"},{"floor":6.0,"key":"Ancient Tea Set"},{"floor":8.0,"key":"RomanBracelet"},{"floor":9.0,"key":"Mastiff:ReiMu"},{"floor":14.0,"key":"Mirror"}],"event_choices":[{"cards_removed":["Strike_S"],"damage_healed":0.0,"max_hp_gain":0.0,"max_hp_loss":0.0,"gold_gain":0.0,"event_name":"The Cleric","player_choice":"Card Removal","floor":11.0,"gold_loss":50.0,"damage_taken":0.0}],"is_beta":false,"boss_relics":[{"not_picked":["Ectoplasm","Painkiller Herb"],"picked":"aspiration:RitualDagger"}],"items_purged_floors":[],"is_endless":false,"potions_floor_spawned":[3,5,16,20],"killed_by":"Centurion and Healer","ascension_level":5}}