{"host":"oehe2dxjvdgux73m","time":1611478013,"event":{"mods":["AchievementEnabler","BaseMod","Colored Map","Colored Powertips","DeckTracker","Keyboard Shortcuts","Minty Spire (QoL Compilation)","Permanent Neow","Quick Restart","StSLib","SuperFastMode"],"gold_per_floor":[118,130,130,144,144,144,164,164,164,164,190,225,242,260,260,335,335,345,345,345],"floor_reached":19,"language":"KOR","playtime":447,"items_purged":[],"score":304,"play_id":"9c3d3ab6-4001-49b4-bafa-c25609a028df","local_time":"20210124174653","is_ascension_mode":true,"campfire_choices":[{"data":"Searing Blow","floor":6.0,"key":"SMITH"},{"data":"Searing Blow+1","floor":8.0,"key":"SMITH"},{"data":"Searing Blow+2","floor":10.0,"key":"SMITH"},{"data":"Searing Blow+3","floor":15,"key":"SMITH"}],"circlet_count":0,"master_deck":["AscendersBane","Strike_R","Strike_R+1","Strike_R","Strike_R","Defend_R","Defend_R","Defend_R+1","Bash","Twin Strike","Searing Blow+4","Evolve","Second Wind","Impervious"],"relics":["Burning Blood","The Courier","Odd Mushroom","Mummified Hand","Sozu"],"acts_visited":["Exordium","TheCity"],"potions_floor_usage":[13,16,19],"damage_taken":[{"damage":1.0,"enemies":"Cultist","floor":1.0,"turns":3.0},{"damage":14.0,"enemies":"Small Slimes","floor":2.0,"turns":4.0},{"damage":7.0,"enemies":"Jaw Worm","floor":4.0,"turns":3.0},{"damage":6.0,"enemies":"3 Louse","floor":7.0,"turns":3.0},{"damage":0.0,"enemies":"The Mushroom Lair","floor":11.0,"turns":4.0},{"damage":20.0,"enemies":"Gremlin Nob","floor":12.0,"turns":4.0},{"damage":9,"enemies":"Large Slime","floor":13,"turns":5},{"damage":11,"enemies":"Blue Slaver","floor":14,"turns":4},{"damage":32,"enemies":"Hexaghost","floor":16,"turns":9},{"damage":27,"enemies":"Shell Parasite","floor":18,"turns":6},{"damage":46,"enemies":"Masked Bandits","floor":19,"turns":3}],"seed_played":"-445699320104354094","potions_obtained":[{"floor":2.0,"key":"DistilledChaos"},{"floor":4.0,"key":"Regen Potion"},{"floor":11.0,"key":"BloodPotion"},{"floor":12.0,"key":"Ancient Potion"},{"floor":14,"key":"SpeedPotion"},{"floor":16,"key":"SpeedPotion"}],"is_trial":false,"path_per_floor":["M","M","?","M","?","R","M","R","T","R","?","E","M","M","R","B",null,"M","?"],"character_chosen":"IRONCLAD","items_purchased":[],"campfire_rested":0,"item_purchase_floors":[],"current_hp_per_floor":[73,65,42,41,34,34,34,34,34,34,52,38,50,45,45,19,61,40,0,0],"gold":345,"neow_bonus":"REMOVE_CARD","is_daily":false,"chose_seed":false,"campfire_upgraded":4,"win_rate":0.0,"timestamp":1611478013,"path_taken":["M","?","?","M","?","R","M","R","T","R","?","E","M","M","R","BOSS","M","?"],"items_purchased_type":[],"build_version":"2020-12-22","purchased_purges":0,"victory":false,"max_hp_per_floor":[75,75,75,75,75,75,75,75,75,75,75,75,75,75,75,75,75,75,75,75],"card_choices":[{"not_picked":["Clash","Warcry"],"picked":"Twin Strike","floor":1.0},{"not_picked":["Bludgeon","Anger"],"picked":"Searing Blow","floor":2.0},{"not_picked":["Iron Wave","Flex","Wild Strike"],"picked":"SKIP","floor":4.0},{"not_picked":["Clash","Flex","Blood for Blood"],"picked":"SKIP","floor":7.0},{"not_picked":["Sword Boomerang","Sever Soul"],"picked":"Evolve","floor":12.0},{"not_picked":["Rampage","Perfected Strike"],"picked":"Second Wind","floor":13},{"not_picked":["Warcry","Spot Weakness","Searing Blow"],"picked":"SKIP","floor":14},{"not_picked":["Limit Break","Immolate"],"picked":"Impervious","floor":16},{"not_picked":["Perfected Strike","Body Slam","Anger"],"picked":"SKIP","floor":18}],"player_experience":311721,"relics_obtained":[{"floor":9.0,"key":"The Courier"},{"floor":11.0,"key":"Odd Mushroom"},{"floor":12.0,"key":"Mummified Hand"}],"event_choices":[{"damage_healed":0.0,"max_hp_gain":0.0,"max_hp_loss":0.0,"gold_gain":0.0,"event_name":"Shining Light","player_choice":"Entered Light","floor":3.0,"gold_loss":0.0,"damage_taken":23.0,"cards_upgraded":["Strike_R","Defend_R"]},{"cards_removed":["Strike_R"],"damage_healed":0.0,"max_hp_gain":0.0,"max_hp_loss":0.0,"gold_gain":0.0,"event_name":"Golden Wing","player_choice":"Card Removal","floor":5.0,"gold_loss":0.0,"damage_taken":7.0},{"damage_healed":0.0,"max_hp_gain":0.0,"max_hp_loss":0.0,"gold_gain":0.0,"event_name":"Mushrooms","player_choice":"Fought Mushrooms","floor":11.0,"gold_loss":0.0,"damage_taken":0.0},{"damage_healed":0,"gold_gain":0,"player_choice":"Fought Bandits","damage_taken":0,"max_hp_gain":0,"max_hp_loss":0,"event_name":"Masked Bandits","floor":19,"gold_loss":0}],"is_beta":false,"boss_relics":[{"not_picked":["Runic Pyramid","Astrolabe"],"picked":"Sozu"}],"items_purged_floors":[],"is_endless":false,"potions_floor_spawned":[2,4,11,12,14,16],"killed_by":"Masked Bandits","ascension_level":16}}