{"host":"msfr2axb1w9025n0","time":1611495066,"event":{"mods":["BaseMod","Colored Map","DeckTracker","Minty Spire (QoL Compilation)"],"gold_per_floor":[360,197,211,64,78,78,112,112,112,112,112],"floor_reached":10,"language":"ENG","playtime":299,"items_purged":[],"score":76,"play_id":"c546b303-70ec-46f3-9f94-4195630e2b22","local_time":"20210124203106","is_ascension_mode":true,"campfire_choices":[{"data":"Apotheosis","floor":6.0,"key":"SMITH"},{"data":"Ragnarok","floor":8.0,"key":"SMITH"}],"circlet_count":0,"master_deck":["Strike_P","Strike_P","Strike_P","Strike_P","Defend_P","Defend_P","Defend_P","Defend_P","Eruption","Vigilance","Parasite","Consecrate","Apotheosis+1","SashWhip","Ragnarok+1","CrushJoints","Conclude","DevaForm"],"relics":["PureWater","Orrery","Blue Candle","Eternal Feather"],"acts_visited":["Exordium"],"potions_floor_usage":[],"damage_taken":[{"damage":2.0,"enemies":"Small Slimes","floor":1.0,"turns":3.0},{"damage":0.0,"enemies":"Cultist","floor":3.0,"turns":2.0},{"damage":12.0,"enemies":"Jaw Worm","floor":5.0,"turns":2.0},{"damage":32.0,"enemies":"3 Sentries","floor":7.0,"turns":6.0},{"damage":34,"enemies":"Gremlin Nob","floor":10,"turns":3}],"seed_played":"9049064577369652166","potions_obtained":[{"floor":1.0,"key":"LiquidBronze"},{"floor":7.0,"key":"FearPotion"}],"is_trial":false,"path_per_floor":["M","$","M","$","M","R","E","R","T","E"],"character_chosen":"WATCHER","items_purchased":["Apotheosis","Orrery"],"campfire_rested":0,"item_purchase_floors":[2,4],"current_hp_per_floor":[70,70,70,70,58,58,26,26,26,0,0],"gold":112,"neow_bonus":"TWO_FIFTY_GOLD","is_daily":false,"chose_seed":false,"campfire_upgraded":2,"win_rate":0.0,"timestamp":1611495066,"path_taken":["M","$","M","$","M","R","E","R","T","E"],"items_purchased_type":["Card","Relic"],"build_version":"2020-12-22","purchased_purges":0,"victory":false,"max_hp_per_floor":[72,72,72,72,72,72,72,72,72,72,72],"card_choices":[{"not_picked":["TalkToTheHand","CrushJoints"],"picked":"Consecrate","floor":1.0},{"not_picked":["FlyingSleeves","CrushJoints"],"picked":"SashWhip","floor":3.0},{"not_picked":["BowlingBash","Halt"],"picked":"Ragnarok","floor":4.0},{"not_picked":["Nirvana","FlyingSleeves"],"picked":"CrushJoints","floor":4.0},{"not_picked":["PathToVictory","Devotion"],"picked":"Conclude","floor":4.0},{"not_picked":["EmptyBody","Halt"],"picked":"DevaForm","floor":5.0},{"not_picked":["Sanctity","PathToVictory","Evaluate"],"picked":"SKIP","floor":7.0}],"player_experience":269618,"relics_obtained":[{"floor":7.0,"key":"Blue Candle"},{"floor":9.0,"key":"Eternal Feather"}],"event_choices":[],"is_beta":false,"boss_relics":[],"items_purged_floors":[],"is_endless":false,"potions_floor_spawned":[1,7],"killed_by":"Gremlin Nob","ascension_level":3}}