{"host":"7qoz5gmva6til3yp","time":1611457303,"event":{"mods":["AchievementEnabler","BaseMod","Minty Spire (QoL Compilation)","StSLib","SuperFastMode"],"gold_per_floor":[111,111,36,53,53,78,78,78,104,130,130,142,142,177,177,248,248,266,266,266,286,300,327,75,102,102,119,44,71,71,83,83,157,157,172,172,188,63,74,74,109,109,109,109,109,109,159,159,159,159,159],"floor_reached":52,"language":"KOR","playtime":1226,"items_purged":["Strike_R","Writhe","Rampage+1"],"score":1854,"play_id":"606a4789-e2e1-4206-89f1-11d63042844a","local_time":"20210124120143","is_ascension_mode":true,"campfire_choices":[{"data":"Wild Strike","floor":7.0,"key":"SMITH"},{"floor":11.0,"key":"REST"},{"data":"Power Through","floor":13.0,"key":"SMITH"},{"floor":15.0,"key":"REST"},{"data":"Seeing Red","floor":30.0,"key":"SMITH"},{"data":"Dark Embrace","floor":32.0,"key":"SMITH"},{"data":"Barricade","floor":40.0,"key":"SMITH"},{"data":"Shockwave","floor":42.0,"key":"SMITH"},{"floor":46,"key":"DIG"},{"floor":49,"key":"DIG"}],"circlet_count":0,"master_deck":["AscendersBane","Bash","Fire Breathing+1","Wild Strike+1","Power Through+1","Barricade+1","Immolate","Necronomicurse","Shockwave+1","Reckless Charge","Dark Embrace+1","Seeing Red+1","Intimidate","Wild Strike+1","Whirlwind+1","Wild Strike+1"],"relics":["Burning Blood","Dead Branch","Shovel","Centennial Puzzle","Pantograph","Whetstone","Cursed Key","Necronomicon","Orichalcum","Sundial","Medical Kit","Gremlin Horn","Molten Egg 2","Pandora\u0027s Box","Bottled Tornado","Calipers","Unceasing Top","Incense Burner"],"acts_visited":["Exordium","TheCity","TheBeyond"],"potions_floor_usage":[50,50],"damage_taken":[{"damage":1.0,"enemies":"Small Slimes","floor":1.0,"turns":3.0},{"damage":1.0,"enemies":"Cultist","floor":4.0,"turns":3.0},{"damage":32.0,"enemies":"Gremlin Nob","floor":6.0,"turns":4.0},{"damage":29.0,"enemies":"Lagavulin","floor":10.0,"turns":6.0},{"damage":2.0,"enemies":"2 Louse","floor":12.0,"turns":2.0},{"damage":15.0,"enemies":"3 Sentries","floor":14.0,"turns":4.0},{"damage":8.0,"enemies":"Slime Boss","floor":16.0,"turns":5.0},{"damage":13.0,"enemies":"Spheric Guardian","floor":18.0,"turns":4.0},{"damage":6.0,"enemies":"Chosen","floor":21.0,"turns":4.0},{"damage":18.0,"enemies":"Snecko","floor":22.0,"turns":4.0},{"damage":30.0,"enemies":"Gremlin Leader","floor":23.0,"turns":5.0},{"damage":16.0,"enemies":"Book of Stabbing","floor":25.0,"turns":5.0},{"damage":3.0,"enemies":"3 Cultists","floor":27.0,"turns":3.0},{"damage":12.0,"enemies":"Slavers","floor":29.0,"turns":2.0},{"damage":0.0,"enemies":"Centurion and Healer","floor":31.0,"turns":2.0},{"damage":14.0,"enemies":"Collector","floor":33.0,"turns":5.0},{"damage":5.0,"enemies":"Orb Walker","floor":35.0,"turns":2.0},{"damage":0.0,"enemies":"3 Darklings","floor":37.0,"turns":1.0},{"damage":5.0,"enemies":"4 Shapes","floor":39.0,"turns":3.0},{"damage":16.0,"enemies":"Nemesis","floor":41.0,"turns":7.0},{"damage":7,"enemies":"2 Orb Walkers","floor":47,"turns":2},{"damage":44,"enemies":"Donu and Deca","floor":50,"turns":6},{"damage":32,"enemies":"Time Eater","floor":51,"turns":8}],"seed_played":"-4708112123809605378","potions_obtained":[{"floor":1.0,"key":"EntropicBrew"},{"floor":4.0,"key":"AttackPotion"},{"floor":12.0,"key":"BloodPotion"},{"floor":23.0,"key":"DistilledChaos"},{"floor":35.0,"key":"AttackPotion"},{"floor":41.0,"key":"Regen Potion"}],"is_trial":false,"path_per_floor":["M","?","$","M","$","E","R","?","T","E","R","M","R","E","R","B",null,"M","?","?","M","M","E","$","E","T","M","?","E","R","M","R","B",null,"M","?","M","$","M","R","E","R","T","$","?","R","?","?","R","B","B",null],"character_chosen":"IRONCLAD","items_purchased":["Reckless Charge","Medical Kit"],"campfire_rested":2,"item_purchase_floors":[24,24],"current_hp_per_floor":[68,68,68,68,68,42,42,35,35,12,32,36,36,27,47,66,68,61,40,40,40,28,17,17,7,7,10,10,54,54,60,60,60,66,67,67,68,68,68,68,58,58,58,58,58,58,57,57,57,39,38],"gold":159,"neow_bonus":"ONE_RARE_RELIC","is_daily":false,"chose_seed":true,"campfire_upgraded":6,"win_rate":0.0,"timestamp":1611457303,"path_taken":["M","?","$","M","$","E","R","?","T","E","R","M","R","E","R","BOSS","M","?","?","M","M","E","$","E","T","?","?","E","R","M","R","BOSS","M","?","M","$","M","R","E","R","T","?","?","R","?","?","R","BOSS","BOSS"],"items_purchased_type":["Card","Relic"],"build_version":"2020-12-22","purchased_purges":3,"victory":true,"max_hp_per_floor":[68,68,68,68,68,68,68,68,68,68,68,68,68,68,68,68,68,68,68,68,68,68,68,68,68,68,68,68,68,68,68,68,68,68,68,68,68,68,68,68,68,68,68,68,68,68,68,65,65,65,65],"card_choices":[{"not_picked":["Hemokinesis","Perfected Strike"],"picked":"Fire Breathing","floor":1.0},{"not_picked":["Headbutt","Metallicize"],"picked":"Wild Strike","floor":4.0},{"not_picked":["Body Slam","Armaments","Cleave"],"picked":"SKIP","floor":6.0},{"not_picked":["Shrug It Off","Heavy Blade"],"picked":"Power Through","floor":10.0},{"not_picked":["Intimidate","Clothesline","Wild Strike"],"picked":"SKIP","floor":12.0},{"not_picked":["Heavy Blade","Bloodletting"],"picked":"Barricade","floor":14.0},{"not_picked":["Juggernaut","Berserk"],"picked":"Immolate","floor":16.0},{"not_picked":["Dropkick","Pommel Strike","Headbutt"],"picked":"SKIP","floor":18.0},{"not_picked":["Warcry","Headbutt"],"picked":"Shockwave","floor":21.0},{"not_picked":["Sword Boomerang","Blood for Blood","Intimidate"],"picked":"SKIP","floor":22.0},{"not_picked":["Demon Form","True Grit","Warcry"],"picked":"SKIP","floor":23.0},{"not_picked":["Reckless Charge","Perfected Strike"],"picked":"Dark Embrace","floor":25.0},{"not_picked":["Metallicize","Cleave"],"picked":"Seeing Red","floor":27.0},{"not_picked":["Brutality","Clash+1","True Grit"],"picked":"SKIP","floor":29.0},{"not_picked":["Pommel Strike+1","Seeing Red","Clothesline+1"],"picked":"SKIP","floor":31.0},{"not_picked":["Inflame","Rupture","Sword Boomerang+1"],"picked":"SKIP","floor":35.0},{"not_picked":["Warcry","Clothesline+1","Clash+1"],"picked":"SKIP","floor":37.0},{"not_picked":["Combust","Wild Strike+1","True Grit+1"],"picked":"SKIP","floor":39.0},{"not_picked":["Anger+1","True Grit","Havoc"],"picked":"SKIP","floor":41.0}],"player_experience":421287,"relics_obtained":[{"floor":6.0,"key":"Shovel"},{"floor":9.0,"key":"Centennial Puzzle"},{"floor":10.0,"key":"Pantograph"},{"floor":14.0,"key":"Whetstone"},{"floor":19.0,"key":"Necronomicon"},{"floor":23.0,"key":"Sundial"},{"floor":25.0,"key":"Gremlin Horn"},{"floor":29.0,"key":"Molten Egg 2"},{"floor":41.0,"key":"Bottled Tornado"},{"floor":46,"key":"Calipers"},{"floor":47,"key":"Unceasing Top"},{"floor":49,"key":"Incense Burner"}],"event_choices":[{"damage_healed":0.0,"max_hp_gain":0.0,"max_hp_loss":0.0,"gold_gain":0.0,"event_name":"Upgrade Shrine","player_choice":"Upgraded","floor":2.0,"gold_loss":0.0,"damage_taken":0.0,"cards_upgraded":["Fire Breathing"]},{"cards_removed":["Strike_R"],"damage_healed":0.0,"max_hp_gain":0.0,"max_hp_loss":0.0,"gold_gain":0.0,"event_name":"Golden Wing","player_choice":"Card Removal","floor":8.0,"gold_loss":0.0,"damage_taken":7.0},{"damage_healed":0.0,"max_hp_gain":0.0,"max_hp_loss":0.0,"gold_gain":0.0,"event_name":"Cursed Tome","player_choice":"Obtained Book","floor":19.0,"gold_loss":0.0,"damage_taken":21.0},{"damage_healed":0.0,"max_hp_gain":0.0,"max_hp_loss":0.0,"gold_gain":0.0,"event_name":"The Mausoleum","player_choice":"Opened","floor":20.0,"gold_loss":0.0,"damage_taken":0.0,"relics_obtained":["Orichalcum"],"cards_obtained":["Writhe"]},{"cards_removed":["Defend_R"],"damage_healed":0.0,"max_hp_gain":0.0,"max_hp_loss":0.0,"gold_gain":0.0,"event_name":"Beggar","player_choice":"Gave Gold","floor":28.0,"gold_loss":75.0,"damage_taken":0.0},{"damage_healed":0.0,"max_hp_gain":0.0,"max_hp_loss":0.0,"gold_gain":0.0,"event_name":"Match and Keep!","player_choice":"0 cards matched","floor":36.0,"gold_loss":0.0,"damage_taken":0.0,"cards_obtained":[]},{"cards_removed":["Dark Embrace"],"damage_healed":0,"gold_gain":0,"player_choice":"Removed Power","damage_taken":0,"max_hp_gain":0,"max_hp_loss":0,"event_name":"Falling","floor":45,"gold_loss":0},{"damage_healed":0,"gold_gain":0,"player_choice":"Fight","damage_taken":0,"max_hp_gain":0,"max_hp_loss":0,"event_name":"Mysterious Sphere","floor":47,"gold_loss":0},{"damage_healed":0,"gold_gain":0,"player_choice":"Max HP","damage_taken":0,"max_hp_gain":0,"max_hp_loss":3,"event_name":"Winding Halls","floor":48,"gold_loss":0}],"is_beta":false,"boss_relics":[{"not_picked":["Fusion Hammer","SlaversCollar"],"picked":"Cursed Key"},{"not_picked":["Runic Pyramid","Busted Crown"],"picked":"Pandora\u0027s Box"}],"items_purged_floors":[3,24,38],"is_endless":false,"potions_floor_spawned":[1,4,12,16,18,23,27,35,41],"ascension_level":20}}