{"host":"gobyjzz6xbwq9f9i","time":1611521116,"event":{"mods":["AchievementEnabler","BaseMod","Bestiary","Colored Map","Minty Spire (QoL Compilation)"],"gold_per_floor":[115,115,126,126,139,151,179,179,179,191,191,209,209,242,242,337,337,351,79,79,92,117,117,146,246,272,272,305,52,79,96,96,201,201,217,227,245,245,261,293,309,343,343,343,356,14,14,14,14],"floor_reached":48,"language":"ENG","playtime":2466,"items_purged":["Strike_R","Strike_R"],"score":840,"play_id":"7204504f-aba9-402a-aa2e-17427f0a9820","local_time":"20210124124516","is_ascension_mode":true,"campfire_choices":[{"data":"Fiend Fire","floor":8,"key":"SMITH"},{"data":"Rampage","floor":11,"key":"SMITH"},{"data":"Thunderclap","floor":13,"key":"SMITH"},{"data":"Pommel Strike","floor":15,"key":"SMITH"},{"data":"Bash","floor":23,"key":"SMITH"},{"data":"Shrug It Off","floor":27,"key":"SMITH"},{"data":"Demon Form","floor":32,"key":"SMITH"},{"data":"Berserk","floor":44,"key":"SMITH"},{"data":"Shrug It Off","floor":47,"key":"SMITH"}],"circlet_count":0,"master_deck":["AscendersBane","Defend_R","Defend_R","Defend_R","Bash+1","Fiend Fire+1","Cleave+1","Shrug It Off+1","Shrug It Off+1","Thunderclap+1","Rampage+1","Pommel Strike+1","Demon Form+1","Shrug It Off+1","Metallicize","Heavy Blade+1","Clothesline+1","Metallicize","Berserk+1","Feel No Pain+1","Wild Strike+1","Combust+1","Headbutt+1","Disarm+1","True Grit+1"],"relics":["Burning Blood","Centennial Puzzle","Darkstone Periapt","Whetstone","Meat on the Bone","Coffee Dripper","Toy Ornithopter","Red Mask","Mercury Hourglass","Art of War","Boot","Lantern","Regal Pillow","Astrolabe","Pantograph","Dream Catcher","Self Forming Clay","Gremlin Horn"],"acts_visited":["TheCity","TheBeyond"],"potions_floor_usage":[7,14,16,16,30,39,40,42,48,48,48],"damage_taken":[{"damage":1,"enemies":"Cultist","floor":1,"turns":3},{"damage":2,"enemies":"Jaw Worm","floor":3,"turns":3},{"damage":0,"enemies":"2 Louse","floor":5,"turns":2},{"damage":23,"enemies":"Gremlin Gang","floor":6,"turns":4},{"damage":41,"enemies":"Lagavulin","floor":7,"turns":10},{"damage":0,"enemies":"Blue Slaver","floor":10,"turns":2},{"damage":9,"enemies":"Red Slaver","floor":12,"turns":2},{"damage":16,"enemies":"Gremlin Nob","floor":14,"turns":3},{"damage":3,"enemies":"Hexaghost","floor":16,"turns":7},{"damage":2,"enemies":"Chosen","floor":18,"turns":4},{"damage":6,"enemies":"2 Thieves","floor":21,"turns":4},{"damage":13,"enemies":"Masked Bandits","floor":22,"turns":3},{"damage":53,"enemies":"Book of Stabbing","floor":24,"turns":6},{"damage":11,"enemies":"Slavers","floor":28,"turns":3},{"damage":20,"enemies":"Gremlin Leader","floor":30,"turns":6},{"damage":0,"enemies":"Snake Plant","floor":31,"turns":2},{"damage":24,"enemies":"Collector","floor":33,"turns":7},{"damage":0,"enemies":"3 Shapes","floor":35,"turns":2},{"damage":28,"enemies":"3 Darklings","floor":36,"turns":6},{"damage":15,"enemies":"Jaw Worm Horde","floor":37,"turns":3},{"damage":10,"enemies":"Sphere and 2 Shapes","floor":39,"turns":4},{"damage":15,"enemies":"Nemesis","floor":40,"turns":5},{"damage":34,"enemies":"Transient","floor":41,"turns":5},{"damage":36,"enemies":"Reptomancer","floor":42,"turns":6},{"damage":8,"enemies":"3 Darklings","floor":45,"turns":6},{"damage":47,"enemies":"Nemesis","floor":48,"turns":6}],"seed_played":"-7220894031523051916","potions_obtained":[{"floor":3,"key":"DuplicationPotion"},{"floor":5,"key":"BlessingOfTheForge"},{"floor":10,"key":"ColorlessPotion"},{"floor":12,"key":"PowerPotion"},{"floor":14,"key":"Strength Potion"},{"floor":21,"key":"Weak Potion"},{"floor":28,"key":"SteroidPotion"},{"floor":30,"key":"Explosive Potion"},{"floor":31,"key":"HeartOfIron"},{"floor":37,"key":"Energy Potion"},{"floor":41,"key":"Dexterity Potion"},{"floor":42,"key":"FearPotion"},{"floor":45,"key":"Block Potion"}],"is_trial":false,"path_per_floor":["M","?","M","?","M","M","E","R","T","M","R","M","R","E","R","B",null,"M","$","?","M","?","R","E","?","T","R","E","$","E","M","R","B",null,"M","M","M","?","M","E","M","E","T","R","M","$","R","E"],"character_chosen":"IRONCLAD","items_purchased":["Toy Ornithopter","Metallicize","Lantern","CultistPotion","Gremlin Horn"],"campfire_rested":0,"item_purchase_floors":[19,19,29,46,46],"current_hp_per_floor":[72,69,72,72,72,55,20,20,20,26,26,23,23,13,13,28,61,65,65,65,65,58,58,23,23,23,23,30,30,33,51,51,45,65,71,49,52,52,53,49,33,20,20,20,30,30,30,0,0],"gold":14,"neow_bonus":"THREE_RARE_CARDS","is_daily":false,"chose_seed":false,"campfire_upgraded":9,"win_rate":0.0,"timestamp":1611521116,"path_taken":["M","?","M","?","M","M","E","R","T","M","R","?","R","E","R","BOSS","M","$","?","M","?","R","E","?","T","R","E","$","E","?","R","BOSS","M","M","M","?","M","E","?","E","T","R","?","$","R","E"],"items_purchased_type":["Relic","Card","Relic","Potion","Relic"],"build_version":"2020-12-22","purchased_purges":2,"victory":false,"max_hp_per_floor":[72,72,72,72,72,72,72,72,72,72,72,72,72,72,72,72,72,72,72,72,72,72,72,72,72,72,72,72,72,72,72,72,72,72,72,72,72,72,72,72,72,72,72,72,72,72,72,72,72],"card_choices":[{"not_picked":["Demon Form","Impervious"],"picked":"Fiend Fire","floor":0},{"not_picked":["Anger","Evolve"],"picked":"Cleave","floor":1},{"not_picked":["Anger","Twin Strike"],"picked":"Shrug It Off","floor":3},{"not_picked":["Headbutt","Cleave"],"picked":"Shrug It Off","floor":5},{"not_picked":["Sword Boomerang","Perfected Strike"],"picked":"Thunderclap","floor":6},{"not_picked":["Heavy Blade","Shockwave","Whirlwind"],"picked":"SKIP","floor":7},{"not_picked":["Bloodletting","Dropkick"],"picked":"Rampage","floor":10},{"not_picked":["Infernal Blade","Whirlwind","Sever Soul"],"picked":"SKIP","floor":12},{"not_picked":["Sword Boomerang","Twin Strike"],"picked":"Pommel Strike","floor":14},{"not_picked":["Exhume","Brutality"],"picked":"Demon Form","floor":16},{"not_picked":["Twin Strike+1","Sword Boomerang+1"],"picked":"Shrug It Off+1","floor":18},{"not_picked":["Body Slam+1","Blood for Blood","Headbutt+1"],"picked":"SKIP","floor":21},{"not_picked":["Burning Pact","Inflame+1"],"picked":"Heavy Blade+1","floor":22},{"not_picked":["Thunderclap","Havoc","Headbutt"],"picked":"SKIP","floor":24},{"not_picked":["Hemokinesis","Limit Break"],"picked":"Clothesline+1","floor":28},{"not_picked":["Sword Boomerang+1","Anger"],"picked":"Metallicize","floor":30},{"not_picked":["Cleave","Iron Wave","Clothesline"],"picked":"SKIP","floor":31},{"not_picked":["Immolate","Limit Break"],"picked":"Berserk","floor":33},{"not_picked":["Clothesline","Iron Wave+1","Inflame+1"],"picked":"SKIP","floor":35},{"not_picked":["Armaments+1","Rampage","Reckless Charge+1"],"picked":"SKIP","floor":36},{"not_picked":["Twin Strike","Clash"],"picked":"Headbutt+1","floor":37},{"not_picked":["Fiend Fire","Headbutt","Shrug It Off"],"picked":"SKIP","floor":39},{"not_picked":["Infernal Blade","Clash","Sever Soul+1"],"picked":"SKIP","floor":40},{"not_picked":["Clothesline","Havoc+1"],"picked":"Disarm+1","floor":41},{"not_picked":["Thunderclap+1","Headbutt+1","Dropkick+1"],"picked":"SKIP","floor":42},{"not_picked":["Power Through","Warcry"],"picked":"True Grit+1","floor":45}],"player_experience":1147983,"relics_obtained":[{"floor":7,"key":"Darkstone Periapt"},{"floor":9,"key":"Whetstone"},{"floor":14,"key":"Meat on the Bone"},{"floor":22,"key":"Red Mask"},{"floor":24,"key":"Mercury Hourglass"},{"floor":26,"key":"Art of War"},{"floor":28,"key":"Boot"},{"floor":30,"key":"Regal Pillow"},{"floor":40,"key":"Pantograph"},{"floor":42,"key":"Dream Catcher"},{"floor":43,"key":"Self Forming Clay"}],"event_choices":[{"damage_healed":0,"gold_gain":0,"player_choice":"Success","damage_taken":3,"relics_obtained":["Centennial Puzzle"],"max_hp_gain":0,"max_hp_loss":0,"event_name":"Scrap Ooze","floor":2,"gold_loss":0},{"cards_removed":["Strike_R"],"damage_healed":0,"gold_gain":0,"player_choice":"Offered Basic","damage_taken":0,"max_hp_gain":0,"max_hp_loss":0,"event_name":"Bonfire Elementals","floor":4,"gold_loss":0},{"damage_healed":0,"gold_gain":0,"player_choice":"Ignored","damage_taken":0,"max_hp_gain":0,"max_hp_loss":0,"event_name":"Vampires","floor":20,"gold_loss":0},{"damage_healed":0,"gold_gain":0,"player_choice":"Fought Bandits","damage_taken":0,"max_hp_gain":0,"max_hp_loss":0,"event_name":"Masked Bandits","floor":22,"gold_loss":0},{"damage_healed":0,"gold_gain":100,"player_choice":"Pray","damage_taken":0,"max_hp_gain":0,"max_hp_loss":0,"event_name":"Golden Shrine","floor":25,"gold_loss":0},{"damage_healed":0,"gold_gain":0,"player_choice":"Ignored","damage_taken":0,"max_hp_gain":0,"max_hp_loss":0,"event_name":"NoteForYourself","floor":38,"gold_loss":0}],"is_beta":false,"boss_relics":[{"not_picked":["Mark of Pain","Cursed Key"],"picked":"Coffee Dripper"},{"not_picked":["Calling Bell","Velvet Choker"],"picked":"Astrolabe"}],"items_purged_floors":[19,29],"is_endless":false,"potions_floor_spawned":[3,5,10,12,14,21,28,30,31,37,41,42,45],"killed_by":"Nemesis","ascension_level":10}}