{"host":"t3nmszc7fx0d6552","time":1611501633,"event":{"mods":["AchievementEnabler","BaseMod","Colored Map","Downfall","Minty Spire (QoL Compilation)","Permanent Neow","StSLib","SuperFastMode"],"gold_per_floor":[99,111,111,125,125,139,139,139,52,202,202,220,220,254,269,364,364,264,284,301,314,314,314,362,373,385,414,434,434,42,60,77,182,182,82,101,48,98,109,123,201,101,126,126,126,143,143,155,165,165,165,194,2,2,2,2,2,2],"floor_reached":56,"language":"ENG","playtime":5567,"items_purged":[],"score":828,"play_id":"49a8c9de-1d8e-44ff-8a9d-447b36e65e06","local_time":"20210125002033","is_ascension_mode":false,"campfire_choices":[{"data":"champ:Execute","floor":1,"key":"SMITH"},{"data":"champ:FanOfKnives","floor":8,"key":"SMITH"},{"data":"champ:Taunt","floor":13,"key":"SMITH"},{"floor":18,"key":"RECALL"},{"floor":23,"key":"REST"},{"floor":35,"key":"REST"},{"floor":42,"key":"REST"},{"floor":47,"key":"REST"},{"floor":54,"key":"REST"}],"circlet_count":0,"master_deck":["champ:Strike","champ:Defend","champ:Defend","champ:Defend","champ:Defend","champ:Execute+1","champ:Taunt+1","champ:FanOfKnives+1","champ:EnGarde","champ:FlashCut","champ:Shatter","champ:HoldFirm+1","champ:CalledShot+1","champ:Endure+1","champ:ShieldWall","champ:Backstep+1","champ:Improvising","champ:Lariat+1","champ:Haymaker","champ:Circumvent+1","champ:SkillfulDodge+1","champ:BerserkersShout+1","champ:HoldFirm+1","champ:DefensiveShout+1","champ:AdrenalArmor+1","champ:IronFortress","champ:Circumvent+1","champ:Improvising","champ:DancingMaster","champ:SetATrap+1","champ:IronFortress","champ:ShieldWall","champ:StanceDance+1","champ:FalseCounter+1","champ:Duel+1","champ:StanceDance+1","champ:HeartStrike+1","champ:DancingMaster","champ:BringItOn+1"],"relics":["champ:ChampionCrown","Lantern","Toxic Egg 2","Strawberry","Fusion Hammer","downfall:HeartBlessingGreen","sneckomod:BlankCard","champ:DefensiveTrainingManual","Pantograph","Centennial Puzzle","Pen Nib","Empty Cage","downfall:HeartBlessingRed","hexamod:Sixitude","downfall:HeartBlessingBlue","Potion Belt","Blue Candle","Akabeko","champ:BerserkersGuideToSlaughter"],"acts_visited":["Exordium","TheCity","TheBeyond","TheEnding"],"potions_floor_usage":[20,33,33,38,50,50,50,55],"damage_taken":[{"damage":10,"enemies":"Small Slimes","floor":2,"turns":4},{"damage":13,"enemies":"Jaw Worm","floor":4,"turns":2},{"damage":0,"enemies":"Cultist","floor":5,"turns":1},{"damage":24,"enemies":"Gremlin Gang","floor":6,"turns":4},{"damage":15,"enemies":"downfall:FleeingMerchant","floor":9,"turns":4},{"damage":0,"enemies":"Exordium Wildlife","floor":12,"turns":3},{"damage":28,"enemies":"Lagavulin","floor":14,"turns":9},{"damage":5,"enemies":"Large Slime","floor":15,"turns":5},{"damage":39,"enemies":"SI_SHIV_ARCHETYPE","floor":16,"turns":10},{"damage":16,"enemies":"Spheric Guardian","floor":19,"turns":4},{"damage":10,"enemies":"3 Byrds","floor":20,"turns":5},{"damage":35,"enemies":"Cultist and Chosen","floor":21,"turns":6},{"damage":10,"enemies":"Snecko","floor":25,"turns":6},{"damage":6,"enemies":"Centurion and Healer","floor":26,"turns":7},{"damage":10,"enemies":"Book of Stabbing","floor":27,"turns":5},{"damage":15,"enemies":"Chosen and Byrds","floor":28,"turns":6},{"damage":15,"enemies":"downfall:FleeingMerchant","floor":30,"turns":4},{"damage":25,"enemies":"Sentry and Sphere","floor":31,"turns":4},{"damage":10,"enemies":"Shelled Parasite and Fungi","floor":32,"turns":5},{"damage":30,"enemies":"WA_ARCHETYPE_CALM","floor":33,"turns":7},{"damage":10,"enemies":"3 Shapes","floor":36,"turns":5},{"damage":20,"enemies":"downfall:FleeingMerchant","floor":37,"turns":4},{"damage":82,"enemies":"downfall:FleeingMerchant","floor":38,"turns":8},{"damage":15,"enemies":"Orb Walker","floor":39,"turns":2},{"damage":69,"enemies":"Spire Growth","floor":40,"turns":6},{"damage":100,"enemies":"Nemesis","floor":43,"turns":13},{"damage":19,"enemies":"3 Darklings","floor":46,"turns":4},{"damage":35,"enemies":"4 Shapes","floor":48,"turns":3},{"damage":0,"enemies":"Spire Growth","floor":49,"turns":5},{"damage":101,"enemies":"DF_ARCHETYPE_ORBS","floor":50,"turns":10},{"damage":93,"enemies":"downfall:CharBossMerchant","floor":52,"turns":10},{"damage":83,"enemies":"downfall:NeowBoss","floor":55,"turns":14},{"damage":135,"enemies":"downfall:NeowBossFinal","floor":56,"turns":8}],"seed_played":"-7713326421645791462","potions_obtained":[{"floor":6,"key":"EssenceOfSteel"},{"floor":14,"key":"ColorlessPotion"},{"floor":15,"key":"LiquidMemories"},{"floor":21,"key":"Dexterity Potion"},{"floor":27,"key":"PowerPotion"},{"floor":33,"key":"Weak Potion"},{"floor":38,"key":"SpeedPotion"},{"floor":40,"key":"ColorlessPotion"},{"floor":43,"key":"GamblersBrew"},{"floor":46,"key":"champ:CounterPotion"}],"is_trial":false,"path_per_floor":["R","M","?","M","M","M","T","R","$","?","?","M","R","E","M","B",null,"R","M","M","M","?","R","T","M","M","E","M","T","$","M","M","B",null,"R","M","$","?","M","M","T","R","E","?","?","M","R","M","M","B",null,"E","$","R","B","B"],"character_chosen":"THE_CHAMP","items_purchased":["champ:CalledShot+1","champ:IronFortress","Centennial Puzzle","Pen Nib","champ:ShieldWall","champ:BerserkersGuideToSlaughter","SkillPotion"],"campfire_rested":5,"item_purchase_floors":[9,30,30,30,37,53,53],"current_hp_per_floor":[90,90,90,87,87,78,78,78,78,78,78,78,78,77,77,73,97,97,91,91,91,91,97,97,97,96,96,96,96,96,96,96,97,97,97,97,97,90,90,71,71,107,52,94,94,80,94,94,94,33,94,56,56,84,94,0,0,0],"gold":2,"neow_bonus":"RANDOM_COMMON_RELIC","is_daily":false,"chose_seed":false,"campfire_upgraded":3,"win_rate":0.0,"timestamp":1611501633,"path_taken":["R","M","?","M","M","M","T","R","$","?","?","M","R","E","M","BOSS","R","M","M","M","?","R","T","?","M","E","?","?","$","M","M","BOSS","R","M","$","?","M","M","T","R","E","?","?","M","R","M","M","BOSS","E","$","R","BOSS","BOSS"],"items_purchased_type":["Card","Card","Relic","Relic","Card","Relic","Potion"],"build_version":"2020-12-22","purchased_purges":0,"victory":false,"max_hp_per_floor":[90,90,90,90,90,90,90,90,90,90,90,90,90,97,97,97,97,97,97,97,97,97,97,97,97,97,97,97,97,97,97,97,97,97,97,97,97,97,97,97,97,107,107,94,94,94,94,94,94,94,94,94,94,94,94,94,94,94],"card_choices":[{"not_picked":["champ:RisingSlash","champ:EnragedBash"],"picked":"champ:FanOfKnives","floor":2},{"not_picked":["champ:StanceDance","champ:BladeFlurry"],"picked":"champ:EnGarde","floor":4},{"not_picked":["champ:Circumvent","champ:FanOfKnives"],"picked":"champ:FlashCut","floor":5},{"not_picked":["champ:DefensiveShout","champ:PreemptiveStrike"],"picked":"champ:Shatter","floor":6},{"not_picked":["champ:DefensiveShout+1","champ:EndlessRage"],"picked":"champ:HoldFirm+1","floor":9},{"not_picked":["champ:FlashCut","champ:BladeFlurry"],"picked":"champ:Endure+1","floor":12},{"not_picked":["champ:Endure+1","champ:AdrenalArmor+1"],"picked":"champ:ShieldWall","floor":14},{"not_picked":["champ:Encircle","champ:FanOfKnives"],"picked":"champ:Backstep+1","floor":15},{"not_picked":["champ:SteelEdge","champ:ShieldThrow"],"picked":"champ:Improvising","floor":16},{"not_picked":["champ:Shatter","champ:PreciseThrust"],"picked":"champ:Lariat+1","floor":19},{"not_picked":["champ:Shatter","champ:CrookedStrike"],"picked":"champ:Haymaker","floor":20},{"not_picked":["champ:RecklessLeap","champ:ShieldWall"],"picked":"champ:Circumvent+1","floor":21},{"not_picked":["champ:EnGarde+1","champ:PerfectedStrike"],"picked":"champ:SkillfulDodge+1","floor":25},{"not_picked":["champ:PreciseThrust","champ:DefensiveShout+1"],"picked":"champ:BerserkersShout+1","floor":26},{"not_picked":["champ:CrownThrow","champ:Circumvent+1"],"picked":"champ:HoldFirm+1","floor":27},{"not_picked":["champ:Circumvent+1","champ:Shatter"],"picked":"champ:DefensiveShout+1","floor":28},{"not_picked":["champ:CrookedStrike","champ:SkillfulDodge+1"],"picked":"champ:AdrenalArmor+1","floor":30},{"not_picked":["champ:Backstep+1","champ:EnGarde+1"],"picked":"champ:Circumvent+1","floor":31},{"not_picked":["champ:SkillfulDodge+1","champ:BerserkersShout+1"],"picked":"champ:Improvising","floor":32},{"not_picked":["champ:TripleStrike","champ:Devastate"],"picked":"champ:DancingMaster","floor":33},{"not_picked":["champ:RisingSlash","champ:FaceSlap"],"picked":"champ:SetATrap+1","floor":36},{"not_picked":["champ:FanOfKnives+1","champ:TornadoPunch"],"picked":"champ:IronFortress","floor":37},{"not_picked":["champ:SetATrap+1","champ:RecklessLeap+1"],"picked":"champ:StanceDance+1","floor":38},{"not_picked":["champ:RapidStrikes+1","champ:RisingSlash+1"],"picked":"champ:FalseCounter+1","floor":39},{"not_picked":["champ:AdrenalArmor+1","champ:Haymaker+1"],"picked":"champ:Duel+1","floor":40},{"not_picked":["champ:SetATrap+1","champ:RecklessLeap+1","champ:GutPunch"],"picked":"SKIP","floor":43},{"not_picked":["champ:TornadoPunch+1","champ:Circumvent+1"],"picked":"champ:StanceDance+1","floor":46},{"not_picked":["champ:TornadoPunch","champ:BladeFlurry"],"picked":"champ:HeartStrike+1","floor":48},{"not_picked":["champ:ShieldSlam+1","champ:BladeFlurry+1"],"picked":"champ:DancingMaster","floor":49},{"not_picked":["champ:SetATrap+1","champ:FocusedBerserking+1"],"picked":"champ:BringItOn+1","floor":52}],"player_experience":1536598,"relics_obtained":[{"floor":7,"key":"Toxic Egg 2"},{"floor":14,"key":"Strawberry"},{"floor":24,"key":"sneckomod:BlankCard"},{"floor":27,"key":"champ:DefensiveTrainingManual"},{"floor":29,"key":"Pantograph"},{"floor":38,"key":"hexamod:Sixitude"},{"floor":43,"key":"Potion Belt"},{"floor":45,"key":"Blue Candle"},{"floor":52,"key":"Akabeko"}],"event_choices":[{"cards_removed":["downfall:Icky"],"damage_healed":0,"gold_gain":0,"player_choice":"Card Removal","damage_taken":0,"max_hp_gain":0,"max_hp_loss":0,"event_name":"The Cleric","floor":11,"gold_loss":0}],"is_beta":false,"boss_relics":[{"not_picked":["Black Star","Sozu"],"picked":"Fusion Hammer"},{"not_picked":["Runic Pyramid","Snecko Eye"],"picked":"Empty Cage"}],"items_purged_floors":[],"is_endless":false,"potions_floor_spawned":[6,14,15,21,27,28,32,33,38,40,43,46],"killed_by":"downfall:NeowBossFinal","ascension_level":0}}