{"host":"j4g6ia6asvpyu2b0","time":1611505884,"event":{"mods":["BaseMod","Colored Map","Minty Spire (QoL Compilation)","Permanent Neow","Quick Restart","Relic Stats","StSLib","Unceasing Turn Reminder"],"gold_per_floor":[117,117,192,211,211,211,50,81,132,132,146,160,173,205,205,277,277,288,298,308,322,322,322,322,322],"floor_reached":24,"language":"ENG","playtime":693,"items_purged":["Strike_G"],"score":395,"play_id":"de15fd6b-2820-4083-841b-b584eacaffa3","local_time":"20210124093124","is_ascension_mode":true,"campfire_choices":[{"data":"Dash","floor":6,"key":"SMITH"},{"data":"Well Laid Plans","floor":10,"key":"SMITH"},{"data":"Predator","floor":15,"key":"SMITH"},{"data":"Noxious Fumes","floor":23,"key":"SMITH"}],"circlet_count":0,"master_deck":["AscendersBane","Strike_G+1","Strike_G+1","Strike_G+1","Defend_G+1","Defend_G+1","Defend_G+1","Defend_G+1","Defend_G+1","Survivor","Neutralize","Choke","Dash+1","Bullet Time","Well Laid Plans+1","Dagger Spray","Doubt","Quick Slash","Blade Dance","Quick Slash","Predator+1","Malaise","Footwork+1","Choke+1","Noxious Fumes+1","Quick Slash"],"relics":["Cursed Key","War Paint","Centennial Puzzle","Dream Catcher","Coffee Dripper"],"acts_visited":["Exordium","TheCity"],"potions_floor_usage":[12,24],"damage_taken":[{"damage":2,"enemies":"2 Louse","floor":1,"turns":3},{"damage":0,"enemies":"Small Slimes","floor":4,"turns":3},{"damage":26,"enemies":"Gremlin Nob","floor":8,"turns":5},{"damage":0,"enemies":"Jaw Worm","floor":11,"turns":3},{"damage":0,"enemies":"Lots of Slimes","floor":12,"turns":3},{"damage":0,"enemies":"3 Louse","floor":13,"turns":3},{"damage":5,"enemies":"3 Sentries","floor":14,"turns":6},{"damage":16,"enemies":"Hexaghost","floor":16,"turns":9},{"damage":16,"enemies":"Spheric Guardian","floor":18,"turns":4},{"damage":1,"enemies":"Shell Parasite","floor":19,"turns":5},{"damage":13,"enemies":"Centurion and Healer","floor":20,"turns":5},{"damage":21,"enemies":"Shelled Parasite and Fungi","floor":21,"turns":3},{"damage":14,"enemies":"Book of Stabbing","floor":24,"turns":2}],"seed_played":"7309729983558544234","potions_obtained":[{"floor":1,"key":"Explosive Potion"},{"floor":8,"key":"Dexterity Potion"},{"floor":14,"key":"Explosive Potion"},{"floor":16,"key":"Energy Potion"}],"is_trial":false,"path_per_floor":["M","?","?","M","?","R","$","E","T","R","M","M","M","E","R","B",null,"M","M","M","M","?","R","E"],"character_chosen":"THE_SILENT","items_purchased":["Well Laid Plans"],"campfire_rested":0,"item_purchase_floors":[7],"current_hp_per_floor":[57,62,51,51,51,51,51,25,25,25,25,25,25,20,20,4,54,38,37,24,3,3,3,0,0],"gold":322,"neow_bonus":"BOSS_RELIC","is_daily":false,"chose_seed":false,"campfire_upgraded":4,"win_rate":0.0,"timestamp":1611505884,"path_taken":["M","?","?","M","?","R","$","E","T","R","?","M","M","E","R","BOSS","M","M","M","M","?","R","E"],"items_purchased_type":["Card"],"build_version":"2020-12-22","purchased_purges":1,"victory":false,"max_hp_per_floor":[66,71,71,71,71,71,71,71,71,71,71,71,71,71,71,71,71,71,71,71,71,71,71,71,71],"relic_stats":{"Centennial Puzzle":[18],"Dream Catcher":0,"counters":[13,54],"War Paint":["Defend_G","Defend_G"],"Cursed Key":1,"obtain_stats":[{"Centennial Puzzle":9,"Dream Catcher":14,"Coffee Dripper":17,"War Paint":8,"Cursed Key":0,"Ring of the Snake":0},{"Centennial Puzzle":3,"Dream Catcher":7,"Coffee Dripper":8,"War Paint":3,"Cursed Key":0,"Ring of the Snake":0},{"Centennial Puzzle":11,"Dream Catcher":26,"Coffee Dripper":35,"War Paint":11,"Cursed Key":0,"Ring of the Snake":0}]},"card_choices":[{"not_picked":["Reflex","Calculated Gamble"],"picked":"Choke","floor":1},{"not_picked":["Leg Sweep","Escape Plan"],"picked":"Dash","floor":4},{"not_picked":["Flechettes","Finisher"],"picked":"Dagger Spray","floor":8},{"not_picked":["Deflect","Reflex"],"picked":"Quick Slash","floor":11},{"not_picked":["Underhanded Strike","Dodge and Roll"],"picked":"Blade Dance","floor":12},{"not_picked":["Cloak And Dagger","Concentrate"],"picked":"Quick Slash","floor":13},{"not_picked":["Outmaneuver","Slice"],"picked":"Predator","floor":14},{"not_picked":["Storm of Steel","Venomology"],"picked":"Malaise","floor":16},{"not_picked":["Quick Slash","PiercingWail"],"picked":"Footwork+1","floor":18},{"not_picked":["Dagger Spray","Skewer+1"],"picked":"Choke+1","floor":19},{"not_picked":["Bouncing Flask","Deadly Poison"],"picked":"Noxious Fumes","floor":20},{"not_picked":["Dagger Spray","Outmaneuver+1"],"picked":"Quick Slash","floor":21}],"player_experience":982892,"relics_obtained":[{"floor":8,"key":"War Paint"},{"floor":9,"key":"Centennial Puzzle"},{"floor":14,"key":"Dream Catcher"}],"event_choices":[{"damage_healed":0,"gold_gain":0,"player_choice":"Donut","damage_taken":0,"max_hp_gain":5,"max_hp_loss":0,"event_name":"Big Fish","floor":2,"gold_loss":0},{"damage_healed":0,"gold_gain":75,"player_choice":"Gather Gold","damage_taken":11,"max_hp_gain":0,"max_hp_loss":0,"event_name":"World of Goop","floor":3,"gold_loss":0},{"damage_healed":0,"gold_gain":0,"cards_transformed":["Strike_G"],"player_choice":"Transformed","damage_taken":0,"max_hp_gain":0,"max_hp_loss":0,"event_name":"Transmorgrifier","floor":5,"gold_loss":0,"cards_obtained":["Bullet Time"]},{"damage_healed":0,"gold_gain":0,"player_choice":"Simplicity","damage_taken":0,"max_hp_gain":0,"max_hp_loss":0,"event_name":"Back to Basics","floor":22,"gold_loss":0,"cards_upgraded":["Strike_G","Strike_G","Strike_G","Defend_G","Defend_G","Defend_G"]}],"is_beta":false,"boss_relics":[{"not_picked":["Pandora\u0027s Box","Empty Cage"],"picked":"Coffee Dripper"}],"items_purged_floors":[7],"is_endless":false,"potions_floor_spawned":[1,8,14,16],"killed_by":"Book of Stabbing","ascension_level":18}}