{"host":"j019w4cyowrad0mf","time":1611503808,"event":{"mods":["2.2 Compatiblity","Act Like it!","BaseMod","CapriCore","Gensokyo","HololiveMod","Marisa????????","Minty Spire (QoL Compilation)","Reimu??????","StSLib","Waifu the Spire","WarShipGirlsR/????R mod"],"gold_per_floor":[79,89,89,169,21,21,94,150,175,175,218,241,286,286,286,404,404,415,415,428,92,213,213,254,254,305,349,361,426,66,97,109,224,236,278,290,302,24,49,49,49,79,79,31,31,31,31,53,53,53,53,53,18,52,52,52],"floor_reached":55,"language":"ENG","playtime":2814,"items_purged":["Hololive_Defend"],"score":1096,"play_id":"3ba3b4e1-e215-4ad8-8202-451c7f1133df","local_time":"20210124075648","is_ascension_mode":true,"campfire_choices":[{"data":"Hololive_CallUsadaPekora","floor":6,"key":"SMITH"},{"data":"Hololive_CallShiroganeNoel","floor":10,"key":"SMITH"},{"floor":15,"key":"REST"},{"data":"Hololive_FlareMind","floor":23,"key":"SMITH"},{"data":"Hololive_HuntDinosaur","floor":25,"key":"SMITH"},{"data":"Hololive_FlareMind","floor":28,"key":"SMITH"},{"floor":32,"key":"RECALL"},{"data":"Hololive_StarCraft","floor":40,"key":"SMITH"},{"data":"Hololive_Yoholoon","floor":41,"key":"SMITH"},{"data":"Hololive_CallSakuraMiko","floor":46,"key":"SMITH"},{"data":"Hololive_BringToTrial","floor":47,"key":"SMITH"},{"data":"Hololive_CallHoushouMarine","floor":49,"key":"SMITH"},{"data":"Hololive_LuckPotion","floor":52,"key":"SMITH"}],"circlet_count":0,"master_deck":["Hololive_CallHoushouMarine+1","Hololive_CallShiroganeNoel+1","Hololive_CallUruhaRushia+1","Hololive_CallShiranuiFlare+1","Hololive_CallUsadaPekora+1","Hololive_FlyingPonyTail","Hololive_CallSakuraMiko+1","Hololive_CallNatsuiroMatsuri","Hololive_CallMinatoAqua+1","Hololive_LuckPotion+1","Hololive_CallInugamiKorone+1","Hololive_FlareMind+1","Hololive_CocoNews+1","Hololive_Breathe+1","Hololive_CallAmaneKanata+1","Hololive_HuntDinosaur+1","Hololive_FlareMind+1","Hololive_CallArtia+1","Gensokyo:ManorOfTheDishes+1","Hololive_StarCraft+1","Hololive_Rebound+1","Hololive_BringToTrial+1","Hololive_CallYukihanaLamy+1","Hololive_CallAZKi+1","Hololive_Teleport+1"],"relics":["Hololive_TheStar","Frozen Egg 2","RuthlessExorcism:ReiMu","Ancient Tea Set","Hololive_LightStick","Strawberry","RedLine:ReiMu","Gremlin Horn","WingedGreaves","Pocketwatch","Sundial","MawBank","Smiling Mask","OrangePellets","Empty Cage","Bird Faced Urn","Meat on the Bone","White Beast Statue","Gensokyo:TheCrow","Pear","Anchor"],"acts_visited":["Exordium","Gensokyo:Gensokyo","Gensokyo:Gensokyoer","TheEnding"],"potions_floor_usage":[55,55],"damage_taken":[{"damage":0,"enemies":"Gensokyo:2_Kodama","floor":1,"turns":4},{"damage":0,"enemies":"Gensokyo:3_Fairies","floor":2,"turns":4},{"damage":0,"enemies":"Gensokyo:Mamizou","floor":8,"turns":5},{"damage":0,"enemies":"Gensokyo:Aya","floor":11,"turns":2},{"damage":0,"enemies":"Gensokyo:Gryphon","floor":12,"turns":2},{"damage":0,"enemies":"Gensokyo:Mamizou","floor":13,"turns":4},{"damage":0,"enemies":"Gensokyo:Kokoro","floor":16,"turns":5},{"damage":0,"enemies":"Gensokyo:CosmicMonolith","floor":18,"turns":3},{"damage":0,"enemies":"Gensokyo:2_Gloops","floor":20,"turns":3},{"damage":0,"enemies":"Gensokyo:2_Gloops","floor":22,"turns":5},{"damage":0,"enemies":"Gensokyo:Koishi","floor":24,"turns":4},{"damage":0,"enemies":"Gensokyo:Wraith","floor":27,"turns":3},{"damage":0,"enemies":"Gensokyo:Slime_Group","floor":31,"turns":3},{"damage":0,"enemies":"Gensokyo:Kaguya","floor":33,"turns":8},{"damage":0,"enemies":"Gensokyo:3_Bats","floor":35,"turns":3},{"damage":0,"enemies":"Gensokyo:3_Boulders","floor":39,"turns":4},{"damage":0,"enemies":"Gensokyo:Doremy","floor":42,"turns":4},{"damage":0,"enemies":"Gensokyo:4_Bats","floor":48,"turns":3},{"damage":0,"enemies":"Gensokyo:Yuyuko","floor":50,"turns":6},{"damage":12,"enemies":"Shield and Spear","floor":54,"turns":5},{"damage":66,"enemies":"The Heart","floor":55,"turns":6}],"seed_played":"8929009075047864158","potions_obtained":[{"floor":1,"key":"PowerPotion"},{"floor":8,"key":"AttackPotion"},{"floor":20,"key":"Swift Potion"},{"floor":22,"key":"ColorlessPotion"},{"floor":27,"key":"GamblersBrew"},{"floor":48,"key":"LiquidBronze"}],"is_trial":false,"path_per_floor":["M","M","?","?","$","R","T","E","T","R","E","M","E","?","R","B",null,"M","?","M","$","?","R","E","R","T","M","R","T","COS","M","R","B",null,"M","?","?","$","M","R","R","E","T","COS","?","R","R","M","R","B",null,"R","$","E","B"],"character_chosen":"Hololive_HololiveCharacter","items_purchased":["Hololive_CallNatsuiroMatsuri","Hololive_CallAmaneKanata+1","Gremlin Horn","Bird Faced Urn","Hololive_CallAZKi+1"],"campfire_rested":1,"item_purchase_floors":[5,21,21,38,53],"current_hp_per_floor":[35,35,21,21,21,21,21,21,21,21,21,21,21,18,30,30,42,42,42,42,42,42,42,42,42,42,42,42,42,42,42,42,42,42,42,42,42,42,42,42,42,42,42,42,42,42,42,42,42,42,42,42,42,46,0,0],"gold":52,"neow_bonus":"UPGRADE_CARD","is_daily":false,"chose_seed":false,"campfire_upgraded":11,"win_rate":0.0,"timestamp":1611503808,"path_taken":["M","M","?","?","$","R","?","E","T","R","E","M","E","?","R","BOSS","M","?","M","$","?","R","E","R","T","M","R","?","COS","M","R","BOSS","M","?","?","$","M","R","R","E","T","COS","?","R","R","M","R","BOSS","R","$","E","BOSS"],"items_purchased_type":["Card","Card","Relic","Relic","Card"],"build_version":"2020-12-22","purchased_purges":1,"victory":false,"max_hp_per_floor":[35,35,35,35,35,35,35,35,35,35,35,35,35,42,42,42,42,42,42,42,42,42,42,42,42,42,42,42,42,42,42,42,42,42,42,42,42,42,42,42,42,42,42,42,42,42,42,42,42,42,42,42,42,52,52,52],"card_choices":[{"not_picked":["Hololive_OvertimeWork","Hololive_Trident","Hololive_CallYogiri"],"picked":"Hololive_FlyingPonyTail","floor":1},{"not_picked":["Hololive_CallMomosuzuNene","Hololive_CallNekomataOkayu","Hololive_Rebound"],"picked":"Hololive_CallSakuraMiko","floor":2},{"not_picked":["Hololive_Drill","Hololive_Psychosis","Hololive_CallHimemoriLuna+1"],"picked":"Hololive_CallMinatoAqua+1","floor":8},{"not_picked":["Hololive_HuntDinosaur","Hololive_CallRosalyn+1","Hololive_RevenueBasedLive"],"picked":"Hololive_LuckPotion","floor":11},{"not_picked":["Hololive_HuntDinosaur","Hololive_Sequa","Hololive_Psychosis"],"picked":"Hololive_CallInugamiKorone+1","floor":12},{"not_picked":["Hololive_HighAtkLowDef","Hololive_FlyingPonyTail","Hololive_StrengthChampion"],"picked":"Hololive_FlareMind","floor":13},{"not_picked":["Hololive_OpenUp","Hololive_AWSL","Hololive_MaximGun"],"picked":"Hololive_FlareMind","floor":16},{"not_picked":["Hololive_Drill","Hololive_OvertimeWork+1","Hololive_CallNatsuiroMatsuri+1"],"picked":"Hololive_CocoNews+1","floor":18},{"not_picked":["Hololive_Psychosis","Hololive_Drill+1","Hololive_Rebound"],"picked":"Hololive_Breathe+1","floor":20},{"not_picked":["Hololive_Psychosis","Hololive_RevenueBasedLive","Hololive_Drill+1"],"picked":"Hololive_HuntDinosaur","floor":22},{"not_picked":["Hololive_CocoNews","Hololive_Rebound","Hololive_Drill"],"picked":"Hololive_FlareMind","floor":24},{"not_picked":["Hololive_Psychosis","Hololive_OvertimeWork","Hololive_Drill"],"picked":"Hololive_CallArtia+1","floor":27},{"not_picked":["Hololive_CallNatsuiroMatsuri+1","Hololive_CocoNews","Hololive_Breathe"],"picked":"Hololive_Yoholoon","floor":31},{"not_picked":["Hololive_DiamondStrike","Hololive_Rebirth","Hololive_OpenUp"],"picked":"Hololive_StarCraft","floor":33},{"not_picked":["Hololive_CocoNews+1","Hololive_Drill+1","Hololive_HuntDinosaur"],"picked":"Hololive_Rebound+1","floor":35},{"not_picked":["Hololive_Drill+1","Hololive_DevilCharm+1","Hololive_CallArtia+1","Hololive_CallHoushouMarine+1"],"picked":"SKIP","floor":39},{"not_picked":["Hololive_Drill","Hololive_Breathe","Hololive_HuntDinosaur"],"picked":"Hololive_BringToTrial","floor":42},{"not_picked":["Hololive_CallAiraniIofifteen+1","Hololive_CallTokinoSora+1","Hololive_CallYogiri+1"],"picked":"Hololive_CallYukihanaLamy+1","floor":48},{"not_picked":["Hololive_CallYogiri+1","Hololive_Drill+1","Hololive_CallArtia+1"],"picked":"Hololive_Teleport+1","floor":54}],"player_experience":340302,"relics_obtained":[{"floor":8,"key":"Frozen Egg 2"},{"floor":9,"key":"RuthlessExorcism:ReiMu"},{"floor":11,"key":"Ancient Tea Set"},{"floor":13,"key":"Hololive_LightStick"},{"floor":22,"key":"WingedGreaves"},{"floor":22,"key":"Pocketwatch"},{"floor":24,"key":"Sundial"},{"floor":26,"key":"MawBank"},{"floor":29,"key":"Smiling Mask"},{"floor":42,"key":"Meat on the Bone"},{"floor":43,"key":"White Beast Statue"},{"floor":54,"key":"Anchor"}],"event_choices":[],"is_beta":false,"boss_relics":[{"not_picked":["Pandora\u0027s Box","Tiny House"],"picked":"RedLine:ReiMu"},{"not_picked":["Hololive_ChaosS","SacredBark"],"picked":"Empty Cage"}],"items_purged_floors":[5],"is_endless":false,"potions_floor_spawned":[1,8,20,22,27,39,48,54],"killed_by":"The Heart","ascension_level":1}}