{"host":"j4g6ia6asvpyu2b0","time":1611449164,"event":{"mods":["BaseMod","Colored Map","Minty Spire (QoL Compilation)","Permanent Neow","Quick Restart","Relic Stats","StSLib","Unceasing Turn Reminder"],"gold_per_floor":[109,125,85,98,112,112,140,151,151,179,13,41,41,61,61,138,138,155,155,155,170,220,220,220],"floor_reached":23,"language":"ENG","playtime":614,"items_purged":[],"score":390,"play_id":"3ba5e2f9-f238-42dd-b726-ed13864a5bf3","local_time":"20210123174604","is_ascension_mode":true,"campfire_choices":[{"data":"Bash","floor":6,"key":"SMITH"},{"data":"Berserk","floor":13,"key":"SMITH"},{"data":"Inflame","floor":15,"key":"SMITH"}],"circlet_count":0,"master_deck":["AscendersBane","Strike_R","Strike_R","Strike_R","Strike_R","Strike_R","Defend_R","Defend_R","Defend_R","Defend_R","Bash+1","Master of Strategy","Carnage","Pommel Strike","Inflame+1","Headbutt","Battle Trance","Berserk+1","True Grit","Flash of Steel","Shockwave","Flame Barrier","Demon Form","True Grit","Thunderclap"],"relics":["Burning Blood","Centennial Puzzle","Potion Belt","Meat on the Bone","Velvet Choker","MutagenicStrength"],"acts_visited":["Exordium","TheCity"],"potions_floor_usage":[7,10,10,16],"damage_taken":[{"damage":7,"enemies":"2 Louse","floor":1,"turns":4},{"damage":1,"enemies":"Cultist","floor":2,"turns":3},{"damage":0,"enemies":"Jaw Worm","floor":4,"turns":4},{"damage":15,"enemies":"Gremlin Gang","floor":5,"turns":5},{"damage":12,"enemies":"Gremlin Nob","floor":7,"turns":3},{"damage":11,"enemies":"Blue Slaver","floor":8,"turns":4},{"damage":13,"enemies":"Lagavulin","floor":10,"turns":6},{"damage":8,"enemies":"Gremlin Nob","floor":12,"turns":3},{"damage":23,"enemies":"Exordium Thugs","floor":14,"turns":5},{"damage":26,"enemies":"The Guardian","floor":16,"turns":7},{"damage":25,"enemies":"2 Thieves","floor":18,"turns":4},{"damage":5,"enemies":"Chosen","floor":21,"turns":3},{"damage":61,"enemies":"Gremlin Leader","floor":23,"turns":6}],"seed_played":"-5301421205191614140","potions_obtained":[{"floor":3,"key":"PowerPotion"},{"floor":3,"key":"Block Potion"},{"floor":4,"key":"PowerPotion"},{"floor":7,"key":"Block Potion"},{"floor":10,"key":"Fruit Juice"},{"floor":16,"key":"Weak Potion"},{"floor":18,"key":"Dexterity Potion"}],"is_trial":false,"path_per_floor":["M","M","?","M","M","R","E","M","T","E","$","E","R","M","R","B",null,"M","$","?","M","?","E"],"character_chosen":"IRONCLAD","items_purchased":["Flash of Steel","Shockwave"],"campfire_rested":0,"item_purchase_floors":[11,11],"current_hp_per_floor":[49,54,54,60,51,51,45,40,40,38,38,36,36,31,31,23,66,47,47,47,48,48,0,0],"gold":220,"neow_bonus":"RANDOM_COLORLESS_2","is_daily":false,"chose_seed":false,"campfire_upgraded":3,"win_rate":0.0,"timestamp":1611449164,"path_taken":["M","M","?","M","M","R","E","M","T","E","?","E","R","?","R","BOSS","M","$","?","M","?","E"],"items_purchased_type":["Card","Card"],"build_version":"2020-12-22","purchased_purges":0,"victory":false,"max_hp_per_floor":[75,75,75,75,75,75,75,75,75,80,80,80,80,80,80,80,80,80,80,80,80,80,80,80],"relic_stats":{"Centennial Puzzle":[24],"counters":[13,57],"obtain_stats":[{"Potion Belt":10,"Centennial Puzzle":7,"MutagenicStrength":20,"Velvet Choker":17,"Burning Blood":0,"Meat on the Bone":12},{"Potion Belt":7,"Centennial Puzzle":5,"MutagenicStrength":11,"Velvet Choker":10,"Burning Blood":0,"Meat on the Bone":8},{"Potion Belt":29,"Centennial Puzzle":19,"MutagenicStrength":48,"Velvet Choker":44,"Burning Blood":0,"Meat on the Bone":32}],"Burning Blood":72,"Meat on the Bone":24},"card_choices":[{"not_picked":["Panache","Mayhem"],"picked":"Master of Strategy","floor":0},{"not_picked":["Heavy Blade","Headbutt"],"picked":"Carnage","floor":1},{"not_picked":["Evolve","Perfected Strike"],"picked":"Pommel Strike","floor":2},{"not_picked":["Hemokinesis","True Grit"],"picked":"Inflame","floor":4},{"not_picked":["Power Through","Body Slam"],"picked":"Headbutt","floor":5},{"not_picked":["Perfected Strike","Intimidate"],"picked":"Battle Trance","floor":7},{"not_picked":["Body Slam","Wild Strike"],"picked":"Berserk","floor":8},{"not_picked":["Dual Wield","Dark Embrace"],"picked":"True Grit","floor":10},{"not_picked":["Sword Boomerang","Havoc"],"picked":"Flame Barrier","floor":12},{"not_picked":["Clash","Searing Blow","Power Through"],"picked":"SKIP","floor":14},{"not_picked":["Bludgeon","Fiend Fire"],"picked":"Demon Form","floor":16},{"not_picked":["Wild Strike","Perfected Strike"],"picked":"True Grit","floor":18},{"not_picked":["Anger","True Grit"],"picked":"Thunderclap","floor":21}],"player_experience":966845,"relics_obtained":[{"floor":7,"key":"Centennial Puzzle"},{"floor":10,"key":"Potion Belt"},{"floor":12,"key":"Meat on the Bone"}],"event_choices":[{"damage_healed":0,"gold_gain":0,"player_choice":"Bought 3 Potions","damage_taken":0,"max_hp_gain":0,"max_hp_loss":0,"event_name":"The Woman in Blue","floor":3,"gold_loss":0},{"damage_healed":0,"gold_gain":0,"player_choice":"Inject Mutagens","damage_taken":0,"relics_obtained":["MutagenicStrength"],"max_hp_gain":0,"max_hp_loss":0,"event_name":"Drug Dealer","floor":20,"gold_loss":0},{"damage_healed":0,"gold_gain":100,"player_choice":"Bet on Murderer","damage_taken":0,"max_hp_gain":0,"max_hp_loss":0,"event_name":"The Joust","floor":22,"gold_loss":50}],"is_beta":false,"boss_relics":[{"not_picked":["Runic Pyramid","SlaversCollar"],"picked":"Velvet Choker"}],"items_purged_floors":[],"is_endless":false,"potions_floor_spawned":[4,7,8,10,16,18],"killed_by":"Gremlin Leader","ascension_level":17}}