{"host":"mep2b6vzdxhg46zq","time":1611519878,"event":{"mods":["Aspiration","Bard","BaseMod","Hermit","Hubris","Minty Spire (QoL Compilation)","READ ME - Guardian Mod","Random Character Button","Shade Mod","StSLib","The Animator","The Blackbeard","The Bladedancer","The Clintock","The Cursed","The Disciple","The Exalted","The Forsaken","The Judge","The Runesmith","vexMod"],"gold_per_floor":[119,3,19,32,32,32,61,74,121,132,132,149,161,181,181,278,278,292,292,292,304,304,304,323,335,335,335,346,261,272,285,285,285,285],"floor_reached":33,"language":"ENG","playtime":2115,"items_purged":[],"score":255,"play_id":"2eb66d4e-ee82-47b0-ad41-79ea8b460f72","local_time":"20210124202438","is_ascension_mode":false,"campfire_choices":[{"data":"Runesmith:PerfectChisel","floor":6,"key":"SMITH"},{"floor":11,"key":"REST"},{"floor":15,"key":"REST"},{"floor":23,"key":"REST"},{"floor":27,"key":"REST"},{"floor":32,"key":"REST"}],"circlet_count":0,"master_deck":["Runesmith:Strike_RS","Runesmith:Strike_RS","Runesmith:Strike_RS","Runesmith:Strike_RS","Runesmith:Defend_RS","Runesmith:Defend_RS","Runesmith:Defend_RS","Runesmith:Defend_RS","Runesmith:CraftFirestone","Runesmith:Fortify","Runesmith:PerfectChisel+1","Runesmith:EarthShield","Runesmith:CraftMagma","Runesmith:CreatorForm","Runesmith:Permafrost","Runesmith:ShiftingStrike","Runesmith:BackupBattery","Runesmith:HeatedChisel","Runesmith:StaticCage","Runesmith:CraftIndustria","Runesmith:CraftPrismatica","Runesmith:ChiselStab","Runesmith:OneForEveryone","Runesmith:Augment+1","Runesmith:DoubleUp","Runesmith:BackupBattery","hubris:NaturalOne","Runesmith:HeatExchange+1","Runesmith:EarthShield"],"relics":["Runesmith:BrokenRuby","vexMod:HeadHunter","theForsaken:Gavel","Centennial Puzzle","hubris:GrandSneckoEye","vexMod:FocusSash","hubris:Icosahedron","hubris:64BitClover","Bromod:ArcaneVictory"],"acts_visited":["Exordium","TheCity"],"potions_floor_usage":[21,21,21,24,28],"damage_taken":[{"damage":4,"enemies":"2 Louse","floor":1,"turns":4},{"damage":0,"enemies":"Cultist","floor":3,"turns":4},{"damage":0,"enemies":"Jaw Worm","floor":4,"turns":4},{"damage":17,"enemies":"Lagavulin","floor":7,"turns":8},{"damage":4,"enemies":"3 Louse","floor":8,"turns":4},{"damage":4,"enemies":"2 Fungi Beasts","floor":10,"turns":4},{"damage":12,"enemies":"Exordium Thugs","floor":12,"turns":4},{"damage":13,"enemies":"Large Slime","floor":13,"turns":6},{"damage":5,"enemies":"Looter","floor":14,"turns":3},{"damage":17,"enemies":"Slime Boss","floor":16,"turns":9},{"damage":35,"enemies":"3 Byrds","floor":18,"turns":5},{"damage":11,"enemies":"Chosen","floor":21,"turns":5},{"damage":10,"enemies":"Centurion and Healer","floor":24,"turns":8},{"damage":24,"enemies":"Cultist and Chosen","floor":25,"turns":6},{"damage":5,"enemies":"Sentry and Sphere","floor":28,"turns":5},{"damage":0,"enemies":"Snecko","floor":30,"turns":6},{"damage":20,"enemies":"Snake Plant","floor":31,"turns":8},{"damage":53,"enemies":"Collector","floor":33,"turns":5}],"seed_played":"6428266858061748261","potions_obtained":[{"floor":3,"key":"ColorlessPotion"},{"floor":4,"key":"Swift Potion"},{"floor":10,"key":"Swift Potion"},{"floor":13,"key":"Explosive Potion"},{"floor":21,"key":"Energy Potion"},{"floor":25,"key":"BlessingOfTheForge"},{"floor":31,"key":"Strength Potion"}],"is_trial":false,"path_per_floor":["M","?","M","M","$","R","E","M","T","M","R","M","M","M","R","B",null,"M","T","?","M","?","R","M","M","T","R","M","?","M","M","R","B"],"character_chosen":"RUNESMITH_CLASS","items_purchased":[],"campfire_rested":5,"item_purchase_floors":[],"current_hp_per_floor":[73,73,73,73,73,73,56,52,52,48,71,59,46,41,64,47,77,42,42,42,31,17,41,31,7,7,31,26,26,27,8,32,0,0],"gold":285,"neow_bonus":"TEN_PERCENT_HP_BONUS","is_daily":false,"chose_seed":false,"campfire_upgraded":1,"win_rate":0.0,"timestamp":1611519878,"path_taken":["M","?","M","M","$","R","E","M","T","M","R","M","M","?","R","BOSS","M","?","?","M","?","R","M","M","T","R","M","?","M","M","R","BOSS"],"items_purchased_type":[],"build_version":"2020-12-22","purchased_purges":0,"victory":false,"max_hp_per_floor":[77,77,77,77,77,77,77,77,77,77,77,77,77,77,77,77,77,77,77,77,77,82,82,82,82,82,82,82,82,82,82,82,82,82],"card_choices":[{"not_picked":["Runesmith:ChiselStab","Runesmith:Overpower"],"picked":"Runesmith:PerfectChisel","floor":1},{"not_picked":["Runesmith:LithiumIon","Runesmith:ChaoticBlast"],"picked":"Runesmith:EarthShield","floor":3},{"not_picked":["Runesmith:FieryHammer","Runesmith:Prism"],"picked":"Runesmith:CraftMagma","floor":4},{"not_picked":["Runesmith:CraftMedicinae","Runesmith:Duplicate"],"picked":"Runesmith:CreatorForm","floor":7},{"not_picked":["Runesmith:UnstableHammer","Runesmith:Refine"],"picked":"Runesmith:Permafrost","floor":7},{"not_picked":["Runesmith:ChargedHammer","Runesmith:Repurpose"],"picked":"Runesmith:ShiftingStrike","floor":8},{"not_picked":["Runesmith:NegativeSpace","Runesmith:WhiteBalance"],"picked":"Runesmith:BackupBattery","floor":10},{"not_picked":["Runesmith:Attraction","Runesmith:LithiumIon"],"picked":"Runesmith:HeatedChisel","floor":12},{"not_picked":["Runesmith:RuneHurl","Runesmith:HammerAndChisel"],"picked":"Runesmith:StaticCage","floor":13},{"not_picked":["Runesmith:Grindstone","Runesmith:BackupBattery"],"picked":"Runesmith:CraftIndustria","floor":14},{"not_picked":["Runesmith:LastStand","Runesmith:GenerateForcefield"],"picked":"Runesmith:CraftPrismatica","floor":16},{"not_picked":["Runesmith:PoweredAnvil","Runesmith:HeatedChisel"],"picked":"Runesmith:ChiselStab","floor":18},{"not_picked":["Runesmith:UnstableHammer","Runesmith:Repurpose+1"],"picked":"Runesmith:OneForEveryone","floor":21},{"not_picked":["Runesmith:ShiftingStrike","Runesmith:RuneHurl"],"picked":"Runesmith:Augment+1","floor":24},{"not_picked":["Runesmith:CraftReservo","Runesmith:Malloc"],"picked":"Runesmith:DoubleUp","floor":25},{"not_picked":["Runesmith:HeatExchange","Runesmith:RuneHurl+1"],"picked":"Runesmith:BackupBattery","floor":28},{"not_picked":["Runesmith:StaticCage","Runesmith:DuctTape"],"picked":"Runesmith:HeatExchange+1","floor":30},{"not_picked":["Runesmith:OneForEveryone+1","Runesmith:MakeshiftArmor"],"picked":"Runesmith:EarthShield","floor":31}],"player_experience":44414,"relics_obtained":[{"floor":7,"key":"theForsaken:Gavel"},{"floor":9,"key":"Centennial Puzzle"},{"floor":19,"key":"vexMod:FocusSash"},{"floor":26,"key":"hubris:64BitClover"}],"event_choices":[{"damage_healed":0,"gold_gain":0,"player_choice":"Paid Gold","damage_taken":0,"relics_obtained":["vexMod:HeadHunter"],"max_hp_gain":0,"max_hp_loss":0,"event_name":"WeMeetAgain","floor":2,"gold_loss":116},{"damage_healed":0,"gold_gain":0,"player_choice":"Shed Blood","damage_taken":19,"max_hp_gain":5,"max_hp_loss":0,"event_name":"Forgotten Altar","floor":22,"gold_loss":0},{"damage_healed":0,"gold_gain":0,"player_choice":"Obtained Relic","damage_taken":0,"relics_obtained":["Bromod:ArcaneVictory"],"max_hp_gain":0,"max_hp_loss":0,"event_name":"Addict","floor":29,"gold_loss":85}],"is_beta":false,"boss_relics":[{"not_picked":["Tiny House","vexMod:BigBerry"],"picked":"hubris:GrandSneckoEye"}],"items_purged_floors":[],"is_endless":false,"potions_floor_spawned":[3,4,10,13,21,25,31],"killed_by":"Collector","ascension_level":0}}