{"host":"srk2drlvga69hbot","time":1611483205,"event":{"mods":["BaseMod","Bestiary","Block Reminder","Colored Map","Colored Powertips","Dark Map","DeckTracker","Highlight Path","Minty Spire (QoL Compilation)","Quick Restart","Rare Cards Sparkle","Relic Stats","SuperFastMode","Unceasing Turn Reminder"],"gold_per_floor":[113,113,38,56,56,56,81,95,121,187,226,238,325,353,365,481,493,516,528,540,564,590,602,602],"floor_reached":23,"language":"ZHS","playtime":844,"items_purged":["Defend_G"],"score":239,"play_id":"d839aaad-acc8-4274-8c33-bf38f7af9a3b","local_time":"20210124181325","is_ascension_mode":true,"campfire_choices":[{"data":"Bouncing Flask","floor":6.0,"key":"SMITH"},{"floor":12.0,"key":"REST"},{"floor":15.0,"key":"REST"}],"circlet_count":0,"master_deck":["Strike_G+1","Strike_G+1","Defend_G","Defend_G+1","Defend_G","Survivor","Neutralize+1","Bouncing Flask+1","Acrobatics","Catalyst","Concentrate","Reflex","Deadly Poison+1"],"relics":["Ring of the Snake","Whetstone","MawBank","Potion Belt","Blood Vial","HoveringKite"],"acts_visited":["Exordium","TheCity"],"potions_floor_usage":[23,23],"damage_taken":[{"damage":5.0,"enemies":"Cultist","floor":1.0,"turns":5.0},{"damage":1.0,"enemies":"Small Slimes","floor":4.0,"turns":4.0},{"damage":15.0,"enemies":"Lagavulin","floor":7.0,"turns":5.0},{"damage":1.0,"enemies":"Jaw Worm","floor":8.0,"turns":2.0},{"damage":13.0,"enemies":"Gremlin Nob","floor":11.0,"turns":3.0},{"damage":7.0,"enemies":"2 Fungi Beasts","floor":14.0,"turns":4.0},{"damage":16.0,"enemies":"Hexaghost","floor":16.0,"turns":7.0},{"damage":0.0,"enemies":"Spheric Guardian","floor":18.0,"turns":3.0},{"damage":2.0,"enemies":"Shell Parasite","floor":21.0,"turns":3.0},{"damage":13.0,"enemies":"Cultist and Chosen","floor":22.0,"turns":5.0},{"damage":57,"enemies":"Slavers","floor":23,"turns":6}],"seed_played":"-7172663978413410538","potions_obtained":[{"floor":1.0,"key":"Fruit Juice"},{"floor":11.0,"key":"CunningPotion"},{"floor":16.0,"key":"Ancient Potion"},{"floor":18.0,"key":"AttackPotion"}],"is_trial":false,"path_per_floor":["M","?","$","M","?","R","E","M","T","T","E","R","?","M","R","B",null,"M","?","$","M","M","E"],"character_chosen":"THE_SILENT","items_purchased":[],"campfire_rested":2,"item_purchase_floors":[],"current_hp_per_floor":[63,63,63,62,48,48,33,32,32,32,19,39,33,28,48,34,68,68,68,68,66,55,0,0],"gold":602,"neow_bonus":"REMOVE_TWO","is_daily":false,"chose_seed":false,"campfire_upgraded":1,"win_rate":0.0,"timestamp":1611483205,"path_taken":["M","?","$","M","?","R","E","M","T","?","E","R","?","M","R","BOSS","M","?","$","M","?","E"],"items_purchased_type":[],"build_version":"2020-12-22","purchased_purges":1,"victory":false,"max_hp_per_floor":[68,68,68,68,68,68,68,68,68,68,68,68,68,68,68,68,68,68,68,68,68,68,68,68],"relic_stats":{"Blood Vial":8,"counters":[11,47],"HoveringKite":[10],"Whetstone":["Strike_G","Strike_G"],"MawBank":168,"obtain_stats":[{"Potion Belt":10,"Blood Vial":11,"HoveringKite":17,"Whetstone":7,"MawBank":9,"Ring of the Snake":0},{"Potion Belt":4,"Blood Vial":5,"HoveringKite":7,"Whetstone":3,"MawBank":4,"Ring of the Snake":0},{"Potion Belt":16,"Blood Vial":19,"HoveringKite":30,"Whetstone":14,"MawBank":16,"Ring of the Snake":0}],"Ring of the Snake":[22]},"card_choices":[{"not_picked":["Setup","Quick Slash"],"picked":"Bouncing Flask","floor":1.0},{"not_picked":["Quick Slash","Prepared"],"picked":"Acrobatics","floor":4.0},{"not_picked":["Finisher","Reflex"],"picked":"Catalyst","floor":7.0},{"not_picked":["Deflect","Flying Knee","Outmaneuver"],"picked":"SKIP","floor":8.0},{"not_picked":["Sucker Punch","Slice"],"picked":"Concentrate","floor":11.0},{"not_picked":["Dagger Spray","Flechettes"],"picked":"Reflex","floor":14.0},{"not_picked":["Bane","Blade Dance+1","Flying Knee+1"],"picked":"SKIP","floor":18.0},{"not_picked":["Endless Agony","PiercingWail+1","Outmaneuver"],"picked":"SKIP","floor":21.0},{"not_picked":["Skewer","Blade Dance"],"picked":"Deadly Poison+1","floor":22.0}],"player_experience":201217,"relics_obtained":[{"floor":7.0,"key":"Whetstone"},{"floor":9.0,"key":"MawBank"},{"floor":10.0,"key":"Potion Belt"},{"floor":11.0,"key":"Blood Vial"}],"event_choices":[{"cards_removed":["Strike_G"],"damage_healed":0.0,"max_hp_gain":0.0,"max_hp_loss":0.0,"gold_gain":0.0,"event_name":"Living Wall","player_choice":"Forget","floor":2.0,"gold_loss":0.0,"damage_taken":0.0},{"damage_healed":0.0,"max_hp_gain":0.0,"max_hp_loss":0.0,"gold_gain":0.0,"event_name":"Shining Light","player_choice":"Entered Light","floor":5.0,"gold_loss":0.0,"damage_taken":14.0,"cards_upgraded":["Neutralize","Defend_G"]},{"damage_healed":0.0,"max_hp_gain":0.0,"max_hp_loss":0.0,"gold_gain":75.0,"event_name":"FaceTrader","player_choice":"Touch","floor":13.0,"gold_loss":0.0,"damage_taken":6.0},{"cards_removed":["Defend_G"],"damage_healed":0.0,"max_hp_gain":0.0,"max_hp_loss":0.0,"gold_gain":0.0,"event_name":"Wheel of Change","player_choice":"Card Removal","floor":19.0,"gold_loss":0.0,"damage_taken":0.0}],"is_beta":false,"boss_relics":[{"not_picked":["Busted Crown","Ectoplasm"],"picked":"HoveringKite"}],"items_purged_floors":[3],"is_endless":false,"potions_floor_spawned":[1,11,16,18],"killed_by":"Slavers","ascension_level":4}}