{"host":"m1hsm1cztz438mir","time":1611452561,"event":{"mods":["2.2 Compatiblity","AchievementEnabler","Act Like it!","BaseMod","Colored Map","Curses Come First","Downfall","Minty Spire (QoL Compilation)","Relic Stats","Shop Mod","StSLib"],"gold_per_floor":[99,112,127,127,189,20,20,33,51,64,64,49,83,98,111,111,111,111],"floor_reached":16,"language":"ENG","playtime":1600,"items_purged":["champ:Strike"],"score":104,"play_id":"2316e101-d593-46b6-b956-9ce8b1f70773","local_time":"20210124014241","is_ascension_mode":false,"campfire_choices":[{"data":"Apotheosis","floor":1,"key":"SMITH"}],"circlet_count":0,"master_deck":["champ:Strike","champ:Strike","champ:Strike","champ:Defend","champ:Defend","champ:Defend","champ:Defend","champ:Execute","champ:Taunt","Apotheosis+1","champ:Parry","champ:RisingSlash","champ:FocusedBerserking","champ:FocusedDefense","champ:IronFortress","champ:Backstep","champ:Lariat","Parasite","champ:IronFortress","champ:Circumvent","champ:AdrenalArmor","champ:FlashCut"],"relics":["champ:ChampionCrown","Lizard Tail","Mummified Hand","HornCleat"],"acts_visited":["Exordium"],"potions_floor_usage":[],"damage_taken":[{"damage":0,"enemies":"2 Louse","floor":2,"turns":3},{"damage":12,"enemies":"Small Slimes","floor":3,"turns":5},{"damage":36,"enemies":"3 Sentries","floor":5,"turns":5},{"damage":17,"enemies":"downfall:FleeingMerchant","floor":6,"turns":4},{"damage":10,"enemies":"Jaw Worm","floor":8,"turns":2},{"damage":26,"enemies":"2 Fungi Beasts","floor":9,"turns":3},{"damage":7,"enemies":"Lots of Slimes","floor":10,"turns":4},{"damage":10,"enemies":"downfall:FleeingMerchant","floor":12,"turns":4},{"damage":32,"enemies":"Lagavulin","floor":13,"turns":5},{"damage":19,"enemies":"3 Louse","floor":14,"turns":4},{"damage":4,"enemies":"Exordium Wildlife","floor":15,"turns":6},{"damage":66,"enemies":"DF_ARCHETYPE_STREAMLINE","floor":16,"turns":9}],"seed_played":"6393857647926166451","potions_obtained":[{"floor":2,"key":"hexamod:SoulburnPotion"},{"floor":8,"key":"SpeedPotion"},{"floor":9,"key":"bronze:BurnAndBuffPotion"}],"is_trial":false,"path_per_floor":["R","M","M","?","?","$","T","M","M","M","?","$","E","M","M","B"],"character_chosen":"THE_CHAMP","items_purchased":["champ:IronFortress"],"campfire_rested":0,"item_purchase_floors":[6],"current_hp_per_floor":[63,63,61,61,25,23,23,23,17,15,37,37,20,5,3,0,0,0],"gold":111,"neow_bonus":"RANDOM_COLORLESS_2","is_daily":false,"chose_seed":false,"campfire_upgraded":1,"win_rate":0.0,"timestamp":1611452561,"path_taken":["R","M","M","?","?","$","T","M","M","M","?","$","E","?","M","BOSS"],"items_purchased_type":["Card"],"build_version":"2020-12-22","purchased_purges":1,"victory":false,"max_hp_per_floor":[90,90,90,90,90,90,90,90,90,90,90,90,90,90,90,90,90,90],"relic_stats":{"Lizard Tail":45,"counters":[12,54],"Mummified Hand":[17],"obtain_stats":[{"Lizard Tail":5,"HornCleat":13,"Mummified Hand":7,"champ:ChampionCrown":0},{"Lizard Tail":3,"HornCleat":9,"Mummified Hand":4,"champ:ChampionCrown":0},{"Lizard Tail":13,"HornCleat":35,"Mummified Hand":17,"champ:ChampionCrown":0}]},"card_choices":[{"not_picked":["Magnetism","The Bomb"],"picked":"Apotheosis","floor":0},{"not_picked":["champ:FanOfKnives","champ:BerserkersShout"],"picked":"champ:Parry","floor":2},{"not_picked":["champ:Haymaker","champ:EnGarde"],"picked":"champ:RisingSlash","floor":3},{"not_picked":["champ:Shatter","champ:RisingSlash"],"picked":"champ:FocusedBerserking","floor":5},{"not_picked":["champ:BerserkersShout","champ:IgnorePain"],"picked":"champ:FocusedDefense","floor":6},{"not_picked":["champ:FalseCounter","champ:BladeFlurry"],"picked":"champ:Backstep","floor":8},{"not_picked":["champ:BerserkersShout","champ:DefensiveShout"],"picked":"champ:Lariat","floor":9},{"not_picked":["champ:BladeFlurry","champ:DefensiveShout","champ:FocusedBerserking"],"picked":"SKIP","floor":10},{"not_picked":["champ:EnragedBash","champ:SkillfulDodge"],"picked":"champ:IronFortress","floor":12},{"not_picked":["champ:Devastate","champ:Haymaker"],"picked":"champ:Circumvent","floor":13},{"not_picked":["champ:DeathBlow","champ:FaceSlap"],"picked":"champ:AdrenalArmor","floor":14},{"not_picked":["champ:FocusedDefense","champ:Haymaker"],"picked":"champ:FlashCut","floor":15}],"player_experience":397312,"relics_obtained":[{"floor":5,"key":"Lizard Tail"},{"floor":7,"key":"Mummified Hand"},{"floor":13,"key":"HornCleat"}],"event_choices":[{"damage_healed":22,"gold_gain":0,"player_choice":"Healed and dodged fight","damage_taken":0,"max_hp_gain":0,"max_hp_loss":0,"event_name":"Mushrooms","floor":11,"gold_loss":0,"cards_obtained":["Parasite"]}],"is_beta":false,"boss_relics":[],"items_purged_floors":[6],"is_endless":false,"potions_floor_spawned":[2,8,9,14,15],"killed_by":"DF_ARCHETYPE_STREAMLINE","ascension_level":0}}