{"host":"ix2a18c4ohfsrslv","time":1611448439,"event":{"mods":["BaseMod","Better Third Choice","Downfall","Minty Spire (QoL Compilation)","StSLib","The Marked"],"gold_per_floor":[15,15,15,190,190,190,221,245,245,210,224,224,247,285,285,413,413,433,468,483,483,507,507,507,507,533,141,157,157,192,47,47,167,167,192,212,1211,1211,1226,1270,1270,1270,1270],"floor_reached":42,"language":"ENG","playtime":2225,"items_purged":["Defend_R"],"score":672,"play_id":"e55789f9-d151-41ee-adf3-2ef1750b7cb2","local_time":"20210123163359","is_ascension_mode":true,"campfire_choices":[{"data":"Spot Weakness","floor":6,"key":"SMITH"},{"data":"Fire Breathing","floor":15,"key":"SMITH"},{"data":"Battle Trance","floor":23,"key":"SMITH"},{"data":"RitualDagger","floor":25,"key":"SMITH"},{"data":"Dramatic Entrance","floor":29,"key":"SMITH"},{"data":"Dark Embrace","floor":32,"key":"SMITH"},{"data":"Second Wind","floor":41,"key":"SMITH"}],"circlet_count":0,"master_deck":["Defend_R+1","Defend_R","Defend_R","Bash","Spot Weakness+1","downfall:Haunted","Clumsy","Clumsy","Berserk","Injury","Doubt","Battle Trance+1","Fire Breathing+1","Sword Boomerang","Impervious+1","Spot Weakness+1","Inflame+1","RitualDagger+1","Second Wind+1","Bite+1","Bite","Bite","Bite","Bite","Second Wind","Dramatic Entrance+1","Disarm+1","Dark Embrace+1","Immolate","True Grit+1","Normality","Normality","Sever Soul","Purity","Disarm","Pummel+1"],"relics":["Black Blood","Du-Vu Doll","Golden Idol","Anchor","Lantern","Boot","Red Mask","War Paint","Medical Kit","Toy Ornithopter","champ:Barbells","Runic Dome","Centennial Puzzle"],"acts_visited":["Exordium","TheCity","TheBeyond"],"potions_floor_usage":[7,16,19,19,30,33,33,42],"damage_taken":[{"damage":10,"enemies":"Small Slimes","floor":1,"turns":3},{"damage":22,"enemies":"3 Sentries","floor":7,"turns":7},{"damage":9,"enemies":"2 Louse","floor":8,"turns":3},{"damage":0,"enemies":"Jaw Worm","floor":11,"turns":2},{"damage":12,"enemies":"Large Slime","floor":13,"turns":3},{"damage":22,"enemies":"Lagavulin","floor":14,"turns":4},{"damage":49,"enemies":"Hexaghost","floor":16,"turns":8},{"damage":4,"enemies":"Shell Parasite","floor":18,"turns":3},{"damage":48,"enemies":"Masked Bandits","floor":19,"turns":4},{"damage":13,"enemies":"3 Byrds","floor":20,"turns":4},{"damage":24,"enemies":"3 Cultists","floor":22,"turns":5},{"damage":7,"enemies":"Chosen and Byrds","floor":28,"turns":4},{"damage":6,"enemies":"Gremlin Leader","floor":30,"turns":5},{"damage":88,"enemies":"Collector","floor":33,"turns":10},{"damage":30,"enemies":"3 Darklings","floor":35,"turns":3},{"damage":0,"enemies":"3 Shapes","floor":36,"turns":1},{"damage":13,"enemies":"Sphere and 2 Shapes","floor":39,"turns":3},{"damage":46,"enemies":"Reptomancer","floor":40,"turns":6},{"damage":52,"enemies":"Maw","floor":42,"turns":6}],"seed_played":"934242136340162808","potions_obtained":[{"floor":1,"key":"SpeedPotion"},{"floor":8,"key":"BloodPotion"},{"floor":14,"key":"bronze:BurnAndBuffPotion"},{"floor":16,"key":"Regen Potion"},{"floor":19,"key":"Dexterity Potion"},{"floor":20,"key":"hexamod:SoulburnPotion"},{"floor":22,"key":"Block Potion"},{"floor":36,"key":"SteroidPotion"},{"floor":39,"key":"Weak Potion"}],"is_trial":false,"path_per_floor":["M","?","?","?","?","R","E","M","T","?","M","?","M","E","R","B",null,"M","?","M","?","M","R","?","R","T","$","M","R","E","$","R","B",null,"M","M","?","?","M","E","R","M"],"character_chosen":"IRONCLAD","items_purchased":["Medical Kit","Second Wind","Dramatic Entrance","champ:Barbells"],"campfire_rested":0,"item_purchase_floors":[27,27,27,31],"current_hp_per_floor":[92,97,97,97,90,90,74,71,71,96,101,101,95,79,79,36,101,101,92,91,85,73,73,70,70,70,70,70,70,70,70,70,18,70,56,68,68,68,69,40,40,0,0],"gold":1270,"neow_bonus":"TWENTY_PERCENT_HP_BONUS","is_daily":false,"chose_seed":false,"campfire_upgraded":7,"win_rate":0.0,"timestamp":1611448439,"path_taken":["M","?","?","?","?","R","E","?","T","?","M","?","M","E","R","BOSS","M","?","M","?","M","R","?","R","T","$","M","R","E","$","R","BOSS","M","M","?","?","?","E","R","M"],"items_purchased_type":["Relic","Card","Card","Relic"],"build_version":"2020-12-22","purchased_purges":1,"victory":false,"max_hp_per_floor":[96,101,101,101,101,101,101,101,101,101,101,101,101,101,101,101,101,101,101,101,101,101,101,70,70,70,70,70,70,70,70,70,70,70,70,70,70,70,70,70,70,70,70],"card_choices":[{"not_picked":["Pommel Strike","Body Slam"],"picked":"Spot Weakness","floor":1},{"not_picked":["Intimidate","True Grit"],"picked":"Battle Trance","floor":7},{"not_picked":["Uppercut","Disarm"],"picked":"Fire Breathing","floor":8},{"not_picked":["Cleave","Feel No Pain"],"picked":"Sword Boomerang","floor":11},{"not_picked":["Anger","Thunderclap","Armaments"],"picked":"SKIP","floor":13},{"not_picked":["Warcry","Combust","Hemokinesis"],"picked":"SKIP","floor":14},{"not_picked":["Demon Form","Corruption"],"picked":"Impervious","floor":16},{"not_picked":["Wild Strike","Reckless Charge","Havoc+1"],"picked":"SKIP","floor":18},{"not_picked":["Body Slam","Ghostly Armor+1"],"picked":"Spot Weakness","floor":19},{"not_picked":["Uppercut+1","Rupture"],"picked":"Inflame+1","floor":20},{"not_picked":["Infernal Blade","Sword Boomerang+1"],"picked":"Second Wind","floor":22},{"not_picked":["Armaments","Ghostly Armor"],"picked":"Disarm+1","floor":28},{"not_picked":["Pommel Strike","Clash"],"picked":"Dark Embrace","floor":30},{"not_picked":["Barricade","Demon Form"],"picked":"Immolate","floor":33},{"not_picked":["Anger","Clash+1","Thunderclap"],"picked":"SKIP","floor":35},{"not_picked":["Cleave+1","Sentinel+1"],"picked":"True Grit+1","floor":36},{"not_picked":["Sever Soul+1","Sentinel+1"],"picked":"Disarm","floor":39},{"not_picked":["Inflame","Sever Soul+1"],"picked":"Pummel+1","floor":40}],"player_experience":179953,"relics_obtained":[{"floor":7,"key":"Anchor"},{"floor":9,"key":"Lantern"},{"floor":14,"key":"Boot"},{"floor":19,"key":"Red Mask"},{"floor":26,"key":"War Paint"},{"floor":30,"key":"Toy Ornithopter"},{"floor":40,"key":"Centennial Puzzle"}],"event_choices":[{"damage_healed":0,"gold_gain":0,"player_choice":"Take Wound","damage_taken":0,"relics_obtained":["Golden Idol"],"max_hp_gain":0,"max_hp_loss":0,"event_name":"Golden Idol","floor":3,"gold_loss":0,"cards_obtained":["Injury"]},{"damage_healed":0,"gold_gain":175,"player_choice":"AGREE","damage_taken":15,"max_hp_gain":0,"max_hp_loss":0,"event_name":"betterThird:BetterSerpent","floor":4,"gold_loss":0},{"cards_removed":["downfall:Haunted"],"damage_healed":0,"gold_gain":0,"player_choice":"Card Removal","damage_taken":7,"max_hp_gain":0,"max_hp_loss":0,"event_name":"Golden Wing","floor":5,"gold_loss":0},{"damage_healed":25,"gold_gain":0,"player_choice":"Healed","damage_taken":0,"max_hp_gain":0,"max_hp_loss":0,"event_name":"The Cleric","floor":10,"gold_loss":35},{"damage_healed":0,"gold_gain":0,"player_choice":"Ignored","damage_taken":0,"max_hp_gain":0,"max_hp_loss":0,"event_name":"Fountain of Cleansing","floor":12,"gold_loss":0},{"damage_healed":0,"gold_gain":0,"player_choice":"Fought Bandits","damage_taken":0,"max_hp_gain":0,"max_hp_loss":0,"event_name":"Masked Bandits","floor":19,"gold_loss":0},{"damage_healed":0,"gold_gain":0,"player_choice":"Dagger","damage_taken":6,"max_hp_gain":0,"max_hp_loss":0,"event_name":"betterThird:BetterNest","floor":21,"gold_loss":0,"cards_obtained":["RitualDagger"]},{"damage_healed":0,"gold_gain":0,"player_choice":"Became a vampire","damage_taken":0,"max_hp_gain":0,"max_hp_loss":31,"event_name":"Vampires","floor":24,"gold_loss":0,"cards_obtained":["Bite","Bite","Bite","Bite","Bite"]},{"damage_healed":0,"gold_gain":999,"player_choice":"Gold","damage_taken":0,"max_hp_gain":0,"max_hp_loss":0,"event_name":"MindBloom","floor":37,"gold_loss":0,"cards_obtained":["Normality","Normality"]},{"damage_healed":0,"gold_gain":0,"player_choice":"2 cards matched","damage_taken":0,"max_hp_gain":0,"max_hp_loss":0,"event_name":"Match and Keep!","floor":38,"gold_loss":0,"cards_obtained":["Sever Soul","Purity"]}],"is_beta":false,"boss_relics":[{"not_picked":["Empty Cage","Mark of Pain"],"picked":"Black Blood"},{"not_picked":["Black Star","Coffee Dripper"],"picked":"Runic Dome"}],"items_purged_floors":[27],"is_endless":false,"potions_floor_spawned":[1,8,14,16,19,20,22,36,39],"killed_by":"Maw","ascension_level":2}}