{"host":"rj1j8apb2x4vafcu","time":1611526411,"event":{"mods":["AchievementEnabler","Act Like it!","BaseMod","Colored Map","Colored Powertips","Minty Spire (QoL Compilation)","Rare Cards Sparkle","StSLib"],"gold_per_floor":[109,123,142,142,154,154,486,506,533,21,21,55,35,55,55,154,154,173,191,209,229,241,270,281,281,281,281,311,328,129,145,145,145,145],"floor_reached":33,"language":"ENG","playtime":1456,"items_purged":["Strike_G","Shame"],"score":361,"play_id":"2e491123-afc1-4f2b-b711-8287f827dab9","local_time":"20210124201331","is_ascension_mode":true,"campfire_choices":[{"data":"Blur","floor":6,"key":"SMITH"},{"data":"Blade Dance","floor":11,"key":"SMITH"},{"data":"Cloak And Dagger","floor":15,"key":"SMITH"},{"data":"Envenom","floor":25,"key":"SMITH"},{"data":"Cloak And Dagger","floor":27,"key":"SMITH"},{"data":"After Image","floor":32,"key":"SMITH"}],"circlet_count":0,"master_deck":["Strike_G","Strike_G","Strike_G","Strike_G","Defend_G","Defend_G","Defend_G","Defend_G","Defend_G","Survivor","Neutralize","Blade Dance+1","Blur+1","Escape Plan","Blade Dance+1","Infinite Blades","After Image+1","Tactician","Slice","Cloak And Dagger+1","Envenom+1","Reflex+1","Deflect+1","Cloak And Dagger+1","Backflip","Malaise","Corpse Explosion","Escape Plan","Heel Hook+1","Blade Dance","Accuracy","Acrobatics","Cloak And Dagger"],"relics":["WristBlade","Old Coin","Art of War","Shuriken","Boot","Cursed Key","Vajra","PreservedInsect","Meat on the Bone"],"acts_visited":["Exordium","TheCity"],"potions_floor_usage":[22,24,28,28,28,33,33],"damage_taken":[{"damage":3,"enemies":"Cultist","floor":1,"turns":5},{"damage":4,"enemies":"2 Louse","floor":2,"turns":2},{"damage":4,"enemies":"Small Slimes","floor":3,"turns":3},{"damage":0,"enemies":"Exordium Wildlife","floor":5,"turns":2},{"damage":5,"enemies":"Lagavulin","floor":7,"turns":5},{"damage":3,"enemies":"3 Louse","floor":8,"turns":3},{"damage":0,"enemies":"3 Sentries","floor":12,"turns":4},{"damage":0,"enemies":"Gremlin Gang","floor":14,"turns":3},{"damage":12,"enemies":"The Guardian","floor":16,"turns":7},{"damage":0,"enemies":"Spheric Guardian","floor":18,"turns":2},{"damage":2,"enemies":"2 Thieves","floor":19,"turns":3},{"damage":0,"enemies":"Centurion and Healer","floor":20,"turns":4},{"damage":0,"enemies":"3 Cultists","floor":21,"turns":4},{"damage":0,"enemies":"Shelled Parasite and Fungi","floor":22,"turns":3},{"damage":3,"enemies":"Book of Stabbing","floor":23,"turns":4},{"damage":14,"enemies":"Sentry and Sphere","floor":24,"turns":4},{"damage":3,"enemies":"Gremlin Leader","floor":28,"turns":3},{"damage":1,"enemies":"Snake Plant","floor":29,"turns":4},{"damage":2,"enemies":"Cultist and Chosen","floor":31,"turns":3},{"damage":48,"enemies":"Collector","floor":33,"turns":5}],"seed_played":"669639046054265598","potions_obtained":[{"floor":1,"key":"Swift Potion"},{"floor":7,"key":"Swift Potion"},{"floor":12,"key":"EntropicBrew"},{"floor":13,"key":"Weak Potion"},{"floor":24,"key":"DuplicationPotion"},{"floor":28,"key":"SkillPotion"}],"is_trial":false,"path_per_floor":["M","M","M","?","M","R","E","M","T","$","R","E","?","M","R","B",null,"M","M","M","M","M","E","M","R","T","R","E","M","$","M","R","B"],"character_chosen":"THE_SILENT","items_purchased":["After Image","Tactician","Slice","Shuriken","Accuracy","Acrobatics"],"campfire_rested":0,"item_purchase_floors":[10,10,10,10,30,30],"current_hp_per_floor":[67,63,59,59,59,59,54,51,51,51,51,51,51,51,51,39,70,70,68,68,68,68,65,51,51,51,51,48,47,47,45,45,0,0],"gold":145,"neow_bonus":"BOSS_RELIC","is_daily":false,"chose_seed":false,"campfire_upgraded":6,"win_rate":0.0,"timestamp":1611526411,"path_taken":["M","?","M","?","M","R","E","M","T","?","R","E","?","?","R","BOSS","M","M","M","M","M","E","M","R","T","R","E","M","$","M","R","BOSS"],"items_purchased_type":["Card","Card","Card","Relic","Card","Card"],"build_version":"2020-12-22","purchased_purges":2,"victory":false,"max_hp_per_floor":[70,70,70,70,70,70,70,70,70,70,70,70,70,70,70,70,70,70,70,70,70,70,70,70,70,70,70,70,70,70,70,70,70,70],"card_choices":[{"not_picked":["Endless Agony","Backstab"],"picked":"Blade Dance","floor":1},{"not_picked":["Infinite Blades","Bane"],"picked":"Blur","floor":2},{"not_picked":["Predator","Underhanded Strike"],"picked":"Escape Plan","floor":3},{"not_picked":["Dodge and Roll","Distraction"],"picked":"Blade Dance","floor":5},{"not_picked":["Adrenaline","Outmaneuver"],"picked":"Infinite Blades","floor":7},{"not_picked":["Eviscerate","Outmaneuver","Dagger Spray"],"picked":"SKIP","floor":8},{"not_picked":["Acrobatics","Flying Knee"],"picked":"Cloak And Dagger","floor":12},{"not_picked":["Tools of the Trade","Dodge and Roll","Quick Slash"],"picked":"SKIP","floor":14},{"not_picked":["Burst","Unload"],"picked":"Envenom","floor":16},{"not_picked":["Dagger Throw+1","Choke"],"picked":"Reflex+1","floor":18},{"not_picked":["Catalyst+1","PiercingWail"],"picked":"Deflect+1","floor":19},{"not_picked":["Escape Plan","Reflex"],"picked":"Cloak And Dagger","floor":20},{"not_picked":["Masterful Stab","Flying Knee"],"picked":"Backflip","floor":21},{"not_picked":["Noxious Fumes","Underhanded Strike"],"picked":"Malaise","floor":22},{"not_picked":["Choke","Backstab"],"picked":"Corpse Explosion","floor":23},{"not_picked":["Skewer","Reflex"],"picked":"Escape Plan","floor":24},{"not_picked":["All Out Attack+1","Quick Slash+1"],"picked":"Heel Hook+1","floor":28},{"not_picked":["PiercingWail","Caltrops+1"],"picked":"Blade Dance","floor":29},{"not_picked":["Expertise","Dagger Throw"],"picked":"Cloak And Dagger","floor":31}],"player_experience":113988,"relics_obtained":[{"floor":7,"key":"Old Coin"},{"floor":9,"key":"Art of War"},{"floor":12,"key":"Boot"},{"floor":23,"key":"Vajra"},{"floor":26,"key":"PreservedInsect"},{"floor":28,"key":"Meat on the Bone"}],"event_choices":[{"damage_healed":0,"gold_gain":0,"player_choice":"Upgraded","damage_taken":0,"max_hp_gain":0,"max_hp_loss":0,"event_name":"Upgrade Shrine","floor":4,"gold_loss":0,"cards_upgraded":["Blade Dance"]},{"damage_healed":0,"gold_gain":0,"player_choice":"Bought 1 Potion","damage_taken":0,"max_hp_gain":0,"max_hp_loss":0,"event_name":"The Woman in Blue","floor":13,"gold_loss":0}],"is_beta":false,"boss_relics":[{"not_picked":["Coffee Dripper","Runic Dome"],"picked":"Cursed Key"}],"items_purged_floors":[10,30],"is_endless":false,"potions_floor_spawned":[1,7,12,16,20,21,24,28,31],"killed_by":"Collector","ascension_level":2}}