{"host":"r7z4an43h95gvocz","time":1611458800,"event":{"mods":["AchievementEnabler","BaseMod","Colored Map","Colored Powertips","Downfall","Minty Spire (QoL Compilation)","StSLib"],"gold_per_floor":[99,99,84,149,168,202,228,228,248,248,423,437,465,476,495,495,495,495],"floor_reached":16,"language":"ENG","playtime":978,"items_purged":[],"score":110,"play_id":"dfc58868-67c6-4b3c-b536-efa936d73070","local_time":"20210123192640","is_ascension_mode":false,"campfire_choices":[{"data":"Slimebound:CorrosiveSpit","floor":1,"key":"SMITH"},{"data":"Slimebound:HauntingLick","floor":8,"key":"SMITH"},{"data":"Slimebound:GoopSpray","floor":10,"key":"SMITH"}],"circlet_count":0,"master_deck":["Slimebound:Strike_Slimebound","Slimebound:Strike_Slimebound","Slimebound:Strike_Slimebound","Slimebound:Tackle","Slimebound:Defend_Slimebound","Slimebound:Defend_Slimebound","Slimebound:Defend_Slimebound","Slimebound:Split","Slimebound:CorrosiveSpit+1","Slimebound:Schlurp","Slimebound:GoopSpray+1","Slimebound:HauntingLick+1","Slimebound:SlimeSpikes","Slimebound:RollThrough","Doubt","Slimebound:TongueLash","Slimebound:RainOfGoop","Slimebound:LeechingTouch"],"relics":["Slimebound:AbsorbEndCombat","MealTicket","Blood Vial","Anchor","Tiny Chest"],"acts_visited":["Exordium"],"potions_floor_usage":[13,16,16],"damage_taken":[{"damage":13,"enemies":"downfall:FleeingMerchant","floor":3,"turns":4},{"damage":20,"enemies":"Lagavulin Event","floor":4,"turns":5},{"damage":0,"enemies":"2 Louse","floor":5,"turns":2},{"damage":26,"enemies":"Gremlin Nob","floor":6,"turns":4},{"damage":0,"enemies":"Jaw Worm","floor":9,"turns":2},{"damage":0,"enemies":"Small Slimes","floor":12,"turns":2},{"damage":4,"enemies":"3 Sentries","floor":13,"turns":8},{"damage":0,"enemies":"Red Slaver","floor":14,"turns":3},{"damage":8,"enemies":"Exordium Thugs","floor":15,"turns":4},{"damage":81,"enemies":"WA_ARCHETYPE_RETAIN","floor":16,"turns":13}],"seed_played":"1898632674494631825","potions_obtained":[{"floor":4,"key":"SpeedPotion"},{"floor":6,"key":"Strength Potion"},{"floor":12,"key":"EssenceOfSteel"},{"floor":13,"key":"champ:CounterPotion"}],"is_trial":false,"path_per_floor":["R","?","$","?","M","E","T","R","M","R","?","M","E","M","M","B"],"character_chosen":"SLIMEBOUND","items_purchased":[],"campfire_rested":0,"item_purchase_floors":[],"current_hp_per_floor":[71,71,66,54,58,38,38,38,46,46,46,56,60,66,66,0,0,0],"gold":495,"neow_bonus":"TEN_PERCENT_HP_BONUS","is_daily":false,"chose_seed":false,"campfire_upgraded":3,"win_rate":0.0,"timestamp":1611458800,"path_taken":["R","?","$","?","M","E","T","R","M","R","?","M","E","M","M","BOSS"],"items_purchased_type":[],"build_version":"2020-12-22","purchased_purges":0,"victory":false,"max_hp_per_floor":[71,71,71,71,71,71,71,71,71,71,71,71,71,71,71,71,71,71],"card_choices":[{"not_picked":["Slimebound:Replication","Slimebound:GoopTackle"],"picked":"Slimebound:Schlurp","floor":3},{"not_picked":["Slimebound:SplitBruiser","Slimebound:ComboTackle"],"picked":"Slimebound:GoopSpray","floor":4},{"not_picked":["Slimebound:SplitMire","Slimebound:SamplingLick"],"picked":"Slimebound:HauntingLick","floor":5},{"not_picked":["Slimebound:SplitBruiser","Slimebound:AcidTongue"],"picked":"Slimebound:SlimeSpikes","floor":6},{"not_picked":["Slimebound:SamplingLick","Slimebound:DouseInSlime"],"picked":"Slimebound:RollThrough","floor":9},{"not_picked":["Slimebound:ForwardTackle","Slimebound:FlameTackle"],"picked":"Slimebound:TongueLash","floor":12},{"not_picked":["Slimebound:Grow","Slimebound:CheckThePlaybook"],"picked":"Slimebound:RainOfGoop","floor":13},{"not_picked":["Slimebound:GoopSpray","Slimebound:SplitMire","Slimebound:GoopTackle"],"picked":"SKIP","floor":14},{"not_picked":["Slimebound:SplitAcid","Slimebound:ProtectTheBoss"],"picked":"Slimebound:LeechingTouch","floor":15}],"player_experience":425019,"relics_obtained":[{"floor":4,"key":"MealTicket"},{"floor":6,"key":"Blood Vial"},{"floor":7,"key":"Anchor"},{"floor":13,"key":"Tiny Chest"}],"event_choices":[{"cards_removed":["Slimebound:Defend_Slimebound"],"damage_healed":0,"gold_gain":0,"player_choice":"Card Removal","damage_taken":0,"max_hp_gain":0,"max_hp_loss":0,"event_name":"The Cleric","floor":2,"gold_loss":0}],"is_beta":false,"boss_relics":[],"items_purged_floors":[],"is_endless":false,"potions_floor_spawned":[4,6,12,13,15],"killed_by":"WA_ARCHETYPE_RETAIN","ascension_level":0}}