{"host":"3y2rtlgteqp2nuo3","time":1611473022,"event":{"mods":["2.2 Compatiblity","AchievementEnabler","BaseMod","Colored Map","DeckTracker","Highlight Path","Keyboard Shortcuts","Minty Spire (QoL Compilation)","Permanent Neow","Quick Restart","StSLib","SuperFastMode","everything is the same but u backflip on backflip"],"gold_per_floor":[116,127,144,69,86,86,119,44,44,65,215,27,27,27,27,98,98,113,113,127,83,93,93,103,103,150,25,25,38,88,99,99,99,99],"floor_reached":33,"language":"KOR","playtime":889,"items_purged":["Strike_G","Doubt","Glass Knife"],"score":441,"play_id":"2673aa37-f502-4cee-a842-2caa9bde0fdc","local_time":"20210124162342","is_ascension_mode":true,"campfire_choices":[{"data":"Deadly Poison","floor":6.0,"key":"SMITH"},{"floor":13.0,"key":"REST"},{"data":"Sucker Punch","floor":15.0,"key":"SMITH"},{"data":"Burst","floor":23.0,"key":"SMITH"},{"floor":25.0,"key":"REST"},{"floor":32,"key":"REST"}],"circlet_count":0,"master_deck":["AscendersBane","Survivor","Neutralize","Adrenaline","Sucker Punch+1","Poisoned Stab","Predator","Deadly Poison+1","Corpse Explosion","Footwork+1","Noxious Fumes+1","Burst+1","Eviscerate","Dash","Concentrate","Quick Slash","Prepared","Predator","Outmaneuver","Tactician","Well Laid Plans+1","Backflip","Envenom+1","Dagger Throw+1"],"relics":["Ring of the Snake","Mercury Hourglass","Frozen Egg 2","Odd Mushroom","Pandora\u0027s Box","Lantern","Smiling Mask"],"acts_visited":["Exordium","TheCity"],"potions_floor_usage":[31],"damage_taken":[{"damage":0.0,"enemies":"Small Slimes","floor":1.0,"turns":5.0},{"damage":0.0,"enemies":"2 Louse","floor":2.0,"turns":3.0},{"damage":1.0,"enemies":"Jaw Worm","floor":3.0,"turns":4.0},{"damage":7.0,"enemies":"3 Louse","floor":5.0,"turns":3.0},{"damage":35.0,"enemies":"3 Sentries","floor":7.0,"turns":10.0},{"damage":4.0,"enemies":"The Mushroom Lair","floor":10.0,"turns":2.0},{"damage":41.0,"enemies":"Slime Boss","floor":16.0,"turns":9.0},{"damage":0.0,"enemies":"3 Byrds","floor":18.0,"turns":2.0},{"damage":19.0,"enemies":"Spheric Guardian","floor":20.0,"turns":4.0},{"damage":10.0,"enemies":"Centurion and Healer","floor":22.0,"turns":4.0},{"damage":8.0,"enemies":"3 Cultists","floor":24.0,"turns":3.0},{"damage":10,"enemies":"Snake Plant","floor":29,"turns":3},{"damage":14,"enemies":"Centurion and Healer","floor":31,"turns":5},{"damage":37,"enemies":"Collector","floor":33,"turns":6}],"seed_played":"-3385007731320346895","potions_obtained":[{"floor":2.0,"key":"Strength Potion"},{"floor":10.0,"key":"Block Potion"},{"floor":22.0,"key":"Weak Potion"}],"is_trial":false,"path_per_floor":["M","M","M","?","M","R","E","$","T","?","?","$","R","?","R","B",null,"M","?","M","$","M","R","M","R","T","$","T","M","?","M","R","B"],"character_chosen":"THE_SILENT","items_purchased":["Noxious Fumes+1","Well Laid Plans+1"],"campfire_rested":3,"item_purchase_floors":[12,21],"current_hp_per_floor":[59,59,58,58,51,51,16,16,16,12,12,12,31,53,53,12,53,53,53,34,34,24,24,16,35,35,35,35,25,25,11,30,0,0],"gold":99,"neow_bonus":"ONE_RANDOM_RARE_CARD","is_daily":false,"chose_seed":false,"campfire_upgraded":3,"win_rate":0.0,"timestamp":1611473022,"path_taken":["M","M","M","?","M","R","E","$","T","?","?","?","R","?","R","BOSS","M","?","M","?","M","R","M","R","T","$","?","?","?","M","R","BOSS"],"items_purchased_type":["Card","Card"],"build_version":"2020-12-22","purchased_purges":3,"victory":false,"max_hp_per_floor":[66,66,66,66,66,66,66,66,66,66,66,66,66,66,66,66,66,66,66,66,66,66,66,66,66,66,66,66,66,66,66,66,66,66],"card_choices":[{"not_picked":["Slice","Outmaneuver"],"picked":"Sucker Punch","floor":1.0},{"not_picked":["Dash","Underhanded Strike"],"picked":"Poisoned Stab","floor":2.0},{"not_picked":["Tactician","Backflip"],"picked":"Predator","floor":3.0},{"not_picked":["Prepared","Flechettes"],"picked":"Deadly Poison","floor":5.0},{"not_picked":["Underhanded Strike","Blur"],"picked":"Corpse Explosion","floor":7.0},{"not_picked":["All Out Attack","Sucker Punch"],"picked":"Footwork+1","floor":10.0},{"not_picked":["Bullet Time","Corpse Explosion"],"picked":"Burst","floor":16.0},{"not_picked":["Dagger Throw","Prepared","All Out Attack"],"picked":"SKIP","floor":18.0},{"not_picked":["Noxious Fumes+1","Riddle With Holes"],"picked":"Tactician","floor":20.0},{"not_picked":["Deflect+1","Prepared"],"picked":"Backflip","floor":22.0},{"not_picked":["Quick Slash","Masterful Stab","Dagger Spray"],"picked":"SKIP","floor":24.0},{"not_picked":["Tactician+1","Poisoned Stab"],"picked":"Envenom+1","floor":29},{"not_picked":["Outmaneuver","All Out Attack+1"],"picked":"Dagger Throw+1","floor":31}],"player_experience":715617,"relics_obtained":[{"floor":7.0,"key":"Mercury Hourglass"},{"floor":9.0,"key":"Frozen Egg 2"},{"floor":10.0,"key":"Odd Mushroom"},{"floor":26.0,"key":"Lantern"},{"floor":28.0,"key":"Smiling Mask"}],"event_choices":[{"cards_removed":["Strike_G"],"damage_healed":0.0,"max_hp_gain":0.0,"max_hp_loss":0.0,"gold_gain":0.0,"event_name":"The Cleric","player_choice":"Card Removal","floor":4.0,"gold_loss":75.0,"damage_taken":0.0},{"damage_healed":0.0,"max_hp_gain":0.0,"max_hp_loss":0.0,"gold_gain":0.0,"event_name":"Mushrooms","player_choice":"Fought Mushrooms","floor":10.0,"gold_loss":0.0,"damage_taken":0.0},{"damage_healed":0.0,"max_hp_gain":0.0,"max_hp_loss":0.0,"gold_gain":150.0,"event_name":"Liars Game","player_choice":"AGREE","floor":11.0,"gold_loss":0.0,"damage_taken":0.0,"cards_obtained":["Doubt"]},{"damage_healed":22.0,"max_hp_gain":0.0,"max_hp_loss":0.0,"gold_gain":0.0,"event_name":"Big Fish","player_choice":"Banana","floor":14.0,"gold_loss":0.0,"damage_taken":0.0},{"damage_healed":0.0,"max_hp_gain":0.0,"max_hp_loss":0.0,"gold_gain":0.0,"cards_transformed":["Setup"],"event_name":"Transmorgrifier","player_choice":"Transformed","floor":19.0,"gold_loss":0.0,"damage_taken":0.0,"cards_obtained":["Outmaneuver"]},{"damage_healed":0,"gold_gain":50,"player_choice":"Stole From Cult","damage_taken":0,"max_hp_gain":0,"max_hp_loss":0,"event_name":"Nest","floor":30,"gold_loss":0}],"is_beta":false,"boss_relics":[{"not_picked":["Velvet Choker","Runic Dome"],"picked":"Pandora\u0027s Box"}],"items_purged_floors":[8,12,27],"is_endless":false,"potions_floor_spawned":[2,10,22,29],"killed_by":"Collector","ascension_level":16}}