{"host":"2tgyrzvaa7l04o2e","time":1611510064,"event":{"mods":["BaseMod","Highlight Path","Minty Spire (QoL Compilation)","Permanent Neow","Relic Stats"],"gold_per_floor":[110,110,122,139,159,159,193,193,242,20,50,50,85,98,98,172,172,186,196,207,107,124,151,162,195,195,213,213,213,245,89,89,173,173,187,187,211,227,227,227,265,265,289,328,203,231,231,265,265,265,265,274,45,80,80,80],"floor_reached":55,"language":"ENG","playtime":3854,"items_purged":["Strike_B","Strike_B","Defend_B"],"score":1416,"play_id":"3e6dbc11-6f2e-4c92-b6ad-d6fa99fbf310","local_time":"20210124184104","is_ascension_mode":true,"campfire_choices":[{"data":"Darkness","floor":6,"key":"SMITH"},{"data":"Self Repair","floor":8,"key":"SMITH"},{"data":"Loop","floor":12,"key":"SMITH"},{"floor":15,"key":"RECALL"},{"floor":28,"key":"REST"},{"data":"Meteor Strike","floor":32,"key":"SMITH"},{"data":"Fission","floor":40,"key":"SMITH"},{"data":"Electrodynamics","floor":42,"key":"SMITH"},{"data":"Echo Form","floor":47,"key":"SMITH"},{"data":"Biased Cognition","floor":49,"key":"SMITH"},{"floor":52,"key":"REST"}],"circlet_count":0,"master_deck":["AscendersBane","Defend_B","Defend_B","Zap","Dualcast","Ball Lightning","Undo","Darkness+1","Cold Snap","Recycle","Self Repair+1","Loop+1","Echo Form+1","Meteor Strike+1","Fission+1","Capacitor","Compile Driver","Conserve Battery","Biased Cognition","Biased Cognition+1","Electrodynamics+1","Conserve Battery","Hologram+1","Defragment+1","Reinforced Body+1","Tempest+1","Dark Shackles","White Noise+1"],"relics":["Snecko Eye","White Beast Statue","Dream Catcher","OrangePellets","MealTicket","Pen Nib","Empty Cage","Art of War","Shuriken","Pantograph","CeramicFish","DataDisk","Inserter","Bag of Preparation","Blood Vial","Omamori","Emotion Chip","Happy Flower","Akabeko"],"acts_visited":["Exordium","TheCity","TheBeyond","TheEnding"],"potions_floor_usage":[11,13,13,14,55,55,55,55],"damage_taken":[{"damage":0,"enemies":"2 Louse","floor":1,"turns":4},{"damage":1,"enemies":"Cultist","floor":3,"turns":4},{"damage":0,"enemies":"Small Slimes","floor":4,"turns":3},{"damage":7,"enemies":"Looter","floor":5,"turns":3},{"damage":0,"enemies":"Lagavulin","floor":7,"turns":5},{"damage":4,"enemies":"Gremlin Nob","floor":11,"turns":3},{"damage":8,"enemies":"3 Sentries","floor":13,"turns":4},{"damage":11,"enemies":"Exordium Wildlife","floor":14,"turns":6},{"damage":5,"enemies":"Hexaghost","floor":16,"turns":8},{"damage":7,"enemies":"Chosen","floor":18,"turns":4},{"damage":1,"enemies":"Spheric Guardian","floor":19,"turns":3},{"damage":0,"enemies":"Centurion and Healer","floor":20,"turns":4},{"damage":0,"enemies":"Snecko","floor":22,"turns":3},{"damage":48,"enemies":"Slavers","floor":23,"turns":6},{"damage":7,"enemies":"Cultist and Chosen","floor":24,"turns":5},{"damage":31,"enemies":"Book of Stabbing","floor":25,"turns":6},{"damage":30,"enemies":"Centurion and Healer","floor":27,"turns":5},{"damage":18,"enemies":"Slavers","floor":30,"turns":6},{"damage":18,"enemies":"Champ","floor":33,"turns":7},{"damage":10,"enemies":"3 Shapes","floor":35,"turns":5},{"damage":30,"enemies":"3 Darklings","floor":37,"turns":5},{"damage":22,"enemies":"Writhing Mass","floor":38,"turns":5},{"damage":18,"enemies":"Nemesis","floor":41,"turns":5},{"damage":28,"enemies":"Giant Head","floor":44,"turns":6},{"damage":17,"enemies":"Nemesis","floor":46,"turns":5},{"damage":0,"enemies":"Mind Bloom Boss Battle","floor":48,"turns":4},{"damage":28,"enemies":"Time Eater","floor":50,"turns":9},{"damage":57,"enemies":"Shield and Spear","floor":54,"turns":4},{"damage":70,"enemies":"The Heart","floor":55,"turns":8}],"seed_played":"-6196317881970438097","potions_obtained":[{"floor":1,"key":"DistilledChaos"},{"floor":3,"key":"Weak Potion"},{"floor":5,"key":"AttackPotion"},{"floor":11,"key":"ColorlessPotion"},{"floor":13,"key":"Energy Potion"},{"floor":14,"key":"Ancient Potion"},{"floor":16,"key":"Strength Potion"},{"floor":19,"key":"Explosive Potion"},{"floor":23,"key":"DuplicationPotion"},{"floor":24,"key":"FocusPotion"},{"floor":25,"key":"EntropicBrew"}],"is_trial":false,"path_per_floor":["M","?","M","M","M","R","E","R","T","$","E","R","E","M","R","B",null,"M","M","M","$","M","E","M","E","T","M","R","?","E","$","R","B",null,"M","?","M","M","$","R","E","R","T","E","$","E","R","?","R","B",null,"R","$","E","B"],"character_chosen":"DEFECT","items_purchased":["OrangePellets","DataDisk","Dark Shackles","Happy Flower"],"campfire_rested":2,"item_purchase_floors":[10,31,53,53],"current_hp_per_floor":[64,64,63,63,56,56,56,56,56,56,62,62,54,53,53,68,70,71,71,71,71,71,43,46,35,35,25,46,46,48,63,63,71,71,71,67,57,55,67,67,67,67,67,49,64,59,59,67,67,59,65,67,67,30,0,0],"gold":80,"neow_bonus":"BOSS_RELIC","is_daily":false,"chose_seed":false,"campfire_upgraded":8,"win_rate":0.0,"timestamp":1611510064,"path_taken":["M","?","M","M","M","R","E","R","T","$","E","R","E","M","R","BOSS","M","M","M","$","?","E","M","E","T","M","R","?","E","?","R","BOSS","M","?","M","M","$","R","E","R","T","E","$","E","R","?","R","BOSS","R","$","E","BOSS"],"items_purchased_type":["Relic","Relic","Card","Relic"],"build_version":"2020-12-22","purchased_purges":3,"victory":false,"max_hp_per_floor":[71,71,71,71,71,71,71,71,71,71,71,71,71,71,71,71,71,71,71,71,71,71,71,71,71,71,71,71,71,71,71,71,71,71,71,67,67,67,67,67,67,67,67,67,67,67,67,67,67,67,67,67,67,67,67,67],"relic_stats":{"Inserter":[27],"Happy Flower":[4],"counters":[29,145],"CeramicFish":72,"Pen Nib":[16],"Bag of Preparation":[12],"Blood Vial":6,"OrangePellets":[52],"Dream Catcher":2,"Emotion Chip":[37,15,3,1,18],"Shuriken":[15],"Pantograph":39,"Snecko Eye":[128,128,105,115],"MealTicket":42,"Art of War":[23],"obtain_stats":[{"Inserter":34,"Happy Flower":53,"CeramicFish":30,"Pen Nib":13,"Bag of Preparation":41,"Omamori":46,"Empty Cage":17,"White Beast Statue":7,"Akabeko":54,"Blood Vial":44,"OrangePellets":10,"Dream Catcher":9,"DataDisk":31,"Emotion Chip":48,"Shuriken":25,"Pantograph":26,"Snecko Eye":0,"MealTicket":11,"Art of War":23,"Cracked Core":0},{"Inserter":19,"Happy Flower":27,"CeramicFish":18,"Pen Nib":7,"Bag of Preparation":23,"Omamori":25,"Empty Cage":9,"White Beast Statue":5,"Akabeko":28,"Blood Vial":24,"OrangePellets":5,"Dream Catcher":5,"DataDisk":18,"Emotion Chip":26,"Shuriken":16,"Pantograph":16,"Snecko Eye":0,"MealTicket":6,"Art of War":14,"Cracked Core":0},{"Inserter":89,"Happy Flower":133,"CeramicFish":82,"Pen Nib":26,"Bag of Preparation":109,"Omamori":120,"Empty Cage":40,"White Beast Statue":19,"Akabeko":137,"Blood Vial":115,"OrangePellets":19,"Dream Catcher":19,"DataDisk":82,"Emotion Chip":124,"Shuriken":71,"Pantograph":71,"Snecko Eye":0,"MealTicket":22,"Art of War":60,"Cracked Core":0}]},"card_choices":[{"not_picked":["Darkness","Cold Snap"],"picked":"Ball Lightning","floor":1},{"not_picked":["Ball Lightning","Auto Shields"],"picked":"Darkness","floor":3},{"not_picked":["Undo","Recycle"],"picked":"Cold Snap","floor":4},{"not_picked":["Turbo","Heatsinks"],"picked":"Recycle","floor":5},{"not_picked":["Force Field","Genetic Algorithm"],"picked":"Self Repair","floor":7},{"not_picked":["Beam Cell","Go for the Eyes"],"picked":"Loop","floor":11},{"not_picked":["Auto Shields","Streamline"],"picked":"Echo Form","floor":13},{"not_picked":["Go for the Eyes","Gash","Stack"],"picked":"SKIP","floor":14},{"not_picked":["Reboot","Rainbow"],"picked":"Meteor Strike","floor":16},{"not_picked":["Gash","Turbo","Recycle"],"picked":"SKIP","floor":18},{"not_picked":["Steam","Scrape","Rebound+1"],"picked":"SKIP","floor":19},{"not_picked":["Double Energy+1","Storm+1","Gash+1"],"picked":"SKIP","floor":20},{"not_picked":["Ball Lightning","Cold Snap"],"picked":"Fission","floor":22},{"not_picked":["Stack","Go for the Eyes"],"picked":"Capacitor","floor":23},{"not_picked":["Chill","Heatsinks"],"picked":"Compile Driver","floor":24},{"not_picked":["Go for the Eyes","Melter"],"picked":"Conserve Battery","floor":25},{"not_picked":["White Noise","Hologram"],"picked":"Biased Cognition","floor":27},{"not_picked":["Ball Lightning","Cold Snap","Barrage"],"picked":"SKIP","floor":30},{"not_picked":["Reboot","Amplify"],"picked":"Electrodynamics","floor":33},{"not_picked":["Leap","Beam Cell","Gash"],"picked":"SKIP","floor":35},{"not_picked":["Meteor Strike","Turbo"],"picked":"Conserve Battery","floor":37},{"not_picked":["Doom and Gloom","Recycle","Hologram"],"picked":"SKIP","floor":38},{"not_picked":["Leap","Sweeping Beam"],"picked":"Hologram+1","floor":41},{"not_picked":["Reprogram","Go for the Eyes+1"],"picked":"Defragment+1","floor":44},{"not_picked":["Hello World","Reprogram","Ball Lightning+1"],"picked":"SKIP","floor":46},{"not_picked":["Consume","Conserve Battery"],"picked":"Reinforced Body+1","floor":48},{"not_picked":["Scrape","Melter+1"],"picked":"Tempest+1","floor":52},{"not_picked":["Leap","Chill"],"picked":"White Noise+1","floor":54}],"player_experience":658336,"relics_obtained":[{"floor":7,"key":"White Beast Statue"},{"floor":9,"key":"Dream Catcher"},{"floor":11,"key":"MealTicket"},{"floor":13,"key":"Pen Nib"},{"floor":23,"key":"Art of War"},{"floor":25,"key":"Shuriken"},{"floor":26,"key":"Pantograph"},{"floor":30,"key":"CeramicFish"},{"floor":41,"key":"Bag of Preparation"},{"floor":44,"key":"Blood Vial"},{"floor":46,"key":"Omamori"},{"floor":48,"key":"Emotion Chip"},{"floor":54,"key":"Akabeko"}],"event_choices":[{"damage_healed":0,"gold_gain":0,"cards_transformed":["Strike_B"],"player_choice":"Transformed","damage_taken":0,"max_hp_gain":0,"max_hp_loss":0,"event_name":"Transmorgrifier","floor":2,"gold_loss":0,"cards_obtained":["Undo"]},{"damage_healed":0,"gold_gain":0,"player_choice":"Copied","damage_taken":0,"max_hp_gain":0,"max_hp_loss":0,"event_name":"Duplicator","floor":29,"gold_loss":0,"cards_obtained":["Biased Cognition"]},{"damage_healed":0,"gold_gain":0,"player_choice":"Max HP","damage_taken":0,"max_hp_gain":0,"max_hp_loss":4,"event_name":"Winding Halls","floor":36,"gold_loss":0},{"damage_healed":0,"gold_gain":0,"player_choice":"Fight","damage_taken":0,"max_hp_gain":0,"max_hp_loss":0,"event_name":"MindBloom","floor":48,"gold_loss":0}],"is_beta":false,"boss_relics":[{"not_picked":["SacredBark","Runic Pyramid"],"picked":"Empty Cage"},{"not_picked":["Fusion Hammer","Busted Crown"],"picked":"Inserter"}],"items_purged_floors":[10,21,45],"is_endless":false,"potions_floor_spawned":[1,3,5,11,13,14,16,18,19,20,22,23,24,25,27,30,33,35,37,38,41,44,46,48,54],"killed_by":"The Heart","ascension_level":14}}