{"host":"6gickdzyi2e936w7","time":1611455958,"event":{"mods":["Ascension Reborn","BaseMod","BetterRewards","Minty Spire (QoL Compilation)","Random Character Button","Replay The Spire","StSLib","Synergy Search"],"gold_per_floor":[118,118,17,33,33,33,60,60,60,74,93,93,105,116,116,220,220,232,232,87,105,120,120,120,120],"floor_reached":24,"language":"ENG","playtime":1008,"items_purged":["Strike_P"],"score":248,"play_id":"d18a4054-0cb9-4813-988c-d6ddb7d64d27","local_time":"20210123213918","is_ascension_mode":true,"campfire_choices":[{"data":"SandsOfTime","floor":6,"key":"SMITH"},{"data":"Devotion","floor":12,"key":"SMITH"},{"floor":15,"key":"REST"},{"floor":23,"key":"REST"}],"circlet_count":0,"master_deck":["Strike_P","Strike_P","Strike_P","Defend_P","Defend_P","Defend_P","Defend_P","Eruption","Vigilance","SandsOfTime+1","PathToVictory+1","Devotion+1","FearNoEvil","LessonLearned","Devotion+1","PathToVictory","MasterReality","Fasting2"],"relics":["PureWater","NeowsBlessing","Pen Nib","TungstenRod","VioletLotus","Orrery"],"acts_visited":["Exordium","TheCity"],"potions_floor_usage":[22,22],"damage_taken":[{"damage":0,"enemies":"Cultist","floor":1,"turns":1},{"damage":0,"enemies":"2 Louse","floor":4,"turns":1},{"damage":0,"enemies":"3 Sentries","floor":7,"turns":1},{"damage":5,"enemies":"Jaw Worm","floor":10,"turns":3},{"damage":3,"enemies":"2 Fungi Beasts","floor":11,"turns":4},{"damage":22,"enemies":"3 Louse","floor":13,"turns":3},{"damage":12,"enemies":"Large Slime","floor":14,"turns":5},{"damage":25,"enemies":"Hexaghost","floor":16,"turns":8},{"damage":31,"enemies":"Spheric Guardian","floor":18,"turns":6},{"damage":10,"enemies":"Shell Parasite","floor":21,"turns":4},{"damage":25,"enemies":"Shelled Parasite and Fungi","floor":22,"turns":4},{"damage":27,"enemies":"Book of Stabbing","floor":24,"turns":3}],"seed_played":"4927323353108453022","potions_obtained":[{"floor":7,"key":"AttackPotion"},{"floor":11,"key":"Ancient Potion"}],"is_trial":false,"path_per_floor":["M","?","$","M","?","R","E","$","T","M","M","R","M","M","R","B",null,"M","?","$","M","M","R","E"],"character_chosen":"WATCHER","items_purchased":["PathToVictory","Orrery"],"campfire_rested":2,"item_purchase_floors":[3,20],"current_hp_per_floor":[72,72,72,72,72,72,72,72,72,67,64,64,42,30,51,26,72,41,41,41,31,6,27,0,0],"gold":120,"neow_bonus":"THREE_ENEMY_KILL","is_daily":false,"chose_seed":false,"campfire_upgraded":2,"win_rate":0.0,"timestamp":1611455958,"path_taken":["M","?","$","M","?","R","E","$","T","M","?","R","M","M","R","BOSS","M","?","$","M","M","R","E"],"items_purchased_type":["Card","Relic"],"build_version":"2020-12-22","purchased_purges":1,"victory":false,"max_hp_per_floor":[72,72,72,72,72,72,72,72,72,72,72,72,72,72,72,72,72,72,72,72,72,72,72,72,72],"card_choices":[{"not_picked":["FollowUp","ClearTheMind"],"picked":"SandsOfTime","floor":1},{"not_picked":["ThirdEye","CrushJoints","EmptyFist"],"picked":"SKIP","floor":4},{"not_picked":["WreathOfFlame","Replay:BluntJabs","Sanctity"],"picked":"SKIP","floor":7},{"not_picked":["EmptyFist","FearNoEvil"],"picked":"Devotion","floor":10},{"not_picked":["SignatureMove","EmptyBody","SashWhip"],"picked":"SKIP","floor":11},{"not_picked":["WaveOfTheHand","CutThroughFate","FollowUp"],"picked":"SKIP","floor":13},{"not_picked":["EmptyBody","Wireheading"],"picked":"FearNoEvil","floor":14},{"not_picked":["Omniscience","Replay:LoomingThreat"],"picked":"LessonLearned","floor":16},{"not_picked":["Sanctity","BowlingBash","FollowUp"],"picked":"SKIP","floor":18},{"not_picked":["Replay:Hum","Pray"],"picked":"PathToVictory","floor":20},{"not_picked":["Vengeance+1","ForeignInfluence"],"picked":"MasterReality","floor":20},{"not_picked":["JustLucky","BowlingBash+1"],"picked":"Fasting2","floor":20},{"not_picked":["EmptyBody","Replay:Cycle","SashWhip"],"picked":"SKIP","floor":21},{"not_picked":["Replay:ManipulateFuture","CrushJoints","Replay:BluntJabs"],"picked":"SKIP","floor":22}],"player_experience":93418,"relics_obtained":[{"floor":7,"key":"Pen Nib"},{"floor":9,"key":"TungstenRod"}],"event_choices":[{"damage_healed":0,"gold_gain":0,"player_choice":"Leave","damage_taken":0,"max_hp_gain":0,"max_hp_loss":0,"event_name":"The Cleric","floor":2,"gold_loss":0},{"damage_healed":0,"gold_gain":0,"player_choice":"Upgraded","damage_taken":0,"max_hp_gain":0,"max_hp_loss":0,"event_name":"Upgrade Shrine","floor":5,"gold_loss":0,"cards_upgraded":["PathToVictory"]},{"damage_healed":0,"gold_gain":0,"player_choice":"Copied","damage_taken":0,"max_hp_gain":0,"max_hp_loss":0,"event_name":"Duplicator","floor":19,"gold_loss":0,"cards_obtained":["Devotion"]}],"is_beta":false,"boss_relics":[{"not_picked":["Ectoplasm","Black Star"],"picked":"VioletLotus"}],"items_purged_floors":[3],"is_endless":false,"potions_floor_spawned":[7,11,13,21],"killed_by":"Book of Stabbing","ascension_level":0}}