{"host":"h0xw20cia6ppa69g","time":1611474895,"event":{"mods":["AchievementEnabler","BaseMod","Colored Map","Filter the Spire","Googly Eyes","Minty Spire (QoL Compilation)","Relic Stats","StSLib","The Awakened One except there are too many feathers","everything is the same but u backflip on backflip"],"gold_per_floor":[117,117,217,242,263,327,345,369,369,394,438,438,112,131,131,250,250,263,276,295,295,320,353,353,372,442,442,462,478,491,505,505,659,659,705,720,720,720,720,794,612,657,657,657,687,687],"floor_reached":45,"language":"ENG","playtime":3158,"items_purged":[],"score":583,"play_id":"a87cb3f7-5029-4841-bb8a-2ba5d552cd19","local_time":"20210124015455","is_ascension_mode":true,"campfire_choices":[{"data":"TalkToTheHand","floor":15.0,"key":"SMITH"},{"data":"Apotheosis","floor":24,"key":"SMITH"},{"floor":27,"key":"REST"},{"floor":32,"key":"REST"},{"floor":44,"key":"RECALL"}],"circlet_count":0,"master_deck":["Eruption","Vigilance","Establishment","ConjureBlade","WaveOfTheHand","CutThroughFate","ReachHeaven+1","Perseverance+1","ForeignInfluence","Fasting2","ThirdEye","TalkToTheHand+1","Wireheading","Halt","Crescendo+1","Nirvana","DeceiveReality","Tantrum","Worship","Apotheosis+1","DeceiveReality","Judgement","JustLucky","Perseverance+1","DeusExMachina","EmptyFist+1","Indignation","WindmillStrike","ClearTheMind","Halt","Wish","LessonLearned","Worship","Prostrate","Indignation+1","Nirvana"],"relics":["Pandora\u0027s Box","Golden Idol","White Beast Statue","Gremlin Horn","Mercury Hourglass","VioletLotus","Enchiridion","TeardropLocket","Cursed Key","Yang","PrismaticShard"],"acts_visited":["Exordium","TheCity","TheBeyond"],"potions_floor_usage":[19,23,23,29,45,45],"damage_taken":[{"damage":0.0,"enemies":"Jaw Worm","floor":1.0,"turns":6.0},{"damage":0.0,"enemies":"Small Slimes","floor":4.0,"turns":3.0},{"damage":0.0,"enemies":"Cultist","floor":5.0,"turns":2.0},{"damage":12.0,"enemies":"Gremlin Nob","floor":6.0,"turns":4.0},{"damage":13.0,"enemies":"Exordium Wildlife","floor":7.0,"turns":4.0},{"damage":2.0,"enemies":"2 Fungi Beasts","floor":8.0,"turns":5.0},{"damage":3.0,"enemies":"Looter","floor":10.0,"turns":3.0},{"damage":5.0,"enemies":"3 Sentries","floor":11.0,"turns":10.0},{"damage":0.0,"enemies":"Blue Slaver","floor":14.0,"turns":6.0},{"damage":10.0,"enemies":"Hexaghost","floor":16.0,"turns":10.0},{"damage":1.0,"enemies":"Chosen","floor":18.0,"turns":8.0},{"damage":1,"enemies":"2 Thieves","floor":19,"turns":3},{"damage":1,"enemies":"Snecko","floor":20,"turns":8},{"damage":3,"enemies":"Cultist and Chosen","floor":22,"turns":6},{"damage":27,"enemies":"Slavers","floor":23,"turns":5},{"damage":4,"enemies":"Chosen and Byrds","floor":25,"turns":7},{"damage":5,"enemies":"Centurion and Healer","floor":28,"turns":6},{"damage":6,"enemies":"Sentry and Sphere","floor":29,"turns":5},{"damage":7,"enemies":"Snake Plant","floor":30,"turns":3},{"damage":6,"enemies":"Snecko","floor":31,"turns":5},{"damage":10,"enemies":"Champ","floor":33,"turns":14},{"damage":7,"enemies":"3 Darklings","floor":35,"turns":10},{"damage":12,"enemies":"Orb Walker","floor":36,"turns":3},{"damage":3,"enemies":"Nemesis","floor":40,"turns":9},{"damage":16,"enemies":"Transient","floor":42,"turns":5},{"damage":40,"enemies":"2 Orb Walkers","floor":45,"turns":6}],"seed_played":"1309161233456180872","potions_obtained":[{"floor":5.0,"key":"LiquidMemories"},{"floor":7.0,"key":"GamblersBrew"},{"floor":8.0,"key":"StancePotion"},{"floor":11.0,"key":"Block Potion"},{"floor":14.0,"key":"Explosive Potion"},{"floor":19,"key":"GamblersBrew"},{"floor":23,"key":"PowerPotion"},{"floor":25,"key":"StancePotion"},{"floor":28,"key":"Ambrosia"},{"floor":29,"key":"SpeedPotion"}],"is_trial":false,"path_per_floor":["M","?","?","M","M","E","M","M","T","M","E","?","$","M","R","B",null,"M","M","M","?","M","E","R","M","T","R","M","M","M","M","R","B",null,"M","M","?","?","T","E","$","M","T","R","?"],"character_chosen":"WATCHER","items_purchased":["Tantrum","Worship","Apotheosis","Nirvana","PrismaticShard"],"campfire_rested":2,"item_purchase_floors":[13,13,13,41,41],"current_hp_per_floor":[72,54,54,54,54,42,29,27,27,24,19,19,19,19,19,9,72,71,70,69,53,50,23,23,19,19,40,35,29,22,16,37,27,72,65,53,53,53,53,50,50,34,34,34,0,0],"gold":687,"neow_bonus":"BOSS_RELIC","is_daily":false,"chose_seed":false,"campfire_upgraded":2,"win_rate":0.0,"timestamp":1611474895,"path_taken":["M","?","?","M","M","E","?","M","T","M","E","?","$","M","R","BOSS","M","M","M","?","M","E","R","M","T","R","M","M","M","M","R","BOSS","M","M","?","?","?","E","?","?","T","R","?"],"items_purchased_type":["Card","Card","Card","Card","Relic"],"build_version":"2020-12-22","purchased_purges":0,"victory":false,"max_hp_per_floor":[72,72,72,72,72,72,72,72,72,72,72,72,72,72,72,72,72,72,72,72,72,72,72,72,72,72,72,72,72,72,72,72,72,72,72,72,72,68,68,68,68,68,68,68,68,68],"relic_stats":{"Gremlin Horn":[16,16],"counters":[26,156],"Golden Idol":165,"Pandora\u0027s Box":["Establishment","ConjureBlade","WaveOfTheHand","CutThroughFate","ReachHeaven","Perseverance","ForeignInfluence","Fasting2"],"Yang":[15],"VioletLotus":[24],"Cursed Key":0,"obtain_stats":[{"Gremlin Horn":9,"Golden Idol":2,"Enchiridion":21,"Pandora\u0027s Box":0,"Yang":40,"VioletLotus":17,"TeardropLocket":23,"PureWater":0,"Cursed Key":34,"PrismaticShard":41,"White Beast Statue":6,"Mercury Hourglass":11},{"Gremlin Horn":6,"Golden Idol":1,"Enchiridion":13,"Pandora\u0027s Box":0,"Yang":24,"VioletLotus":10,"TeardropLocket":15,"PureWater":0,"Cursed Key":21,"PrismaticShard":24,"White Beast Statue":4,"Mercury Hourglass":8},{"Gremlin Horn":24,"Golden Idol":6,"Enchiridion":72,"Pandora\u0027s Box":0,"Yang":145,"VioletLotus":53,"TeardropLocket":83,"PureWater":0,"Cursed Key":123,"PrismaticShard":145,"White Beast Statue":15,"Mercury Hourglass":37}],"Mercury Hourglass":[420]},"card_choices":[{"not_picked":["SashWhip","PathToVictory","FollowUp"],"picked":"SKIP","floor":1.0},{"not_picked":["Vault","CutThroughFate"],"picked":"ThirdEye","floor":4.0},{"not_picked":["FollowUp","EmptyBody"],"picked":"TalkToTheHand","floor":5.0},{"not_picked":["SashWhip","EmptyFist"],"picked":"Wireheading","floor":6.0},{"not_picked":["CutThroughFate","Sanctity"],"picked":"Halt","floor":7.0},{"not_picked":["FlurryOfBlows","WreathOfFlame"],"picked":"Crescendo","floor":8.0},{"not_picked":["Establishment","Crescendo"],"picked":"Nirvana","floor":10.0},{"not_picked":["TalkToTheHand","BattleHymn"],"picked":"DeceiveReality","floor":11.0},{"not_picked":["CrushJoints","SandsOfTime"],"picked":"DeceiveReality","floor":14.0},{"not_picked":["Wish","Brilliance"],"picked":"Judgement","floor":16.0},{"not_picked":["Protect","SashWhip+1"],"picked":"JustLucky","floor":18.0},{"not_picked":["JustLucky","CutThroughFate+1"],"picked":"Perseverance+1","floor":19},{"not_picked":["FlurryOfBlows","CarveReality+1"],"picked":"DeusExMachina","floor":20},{"not_picked":["CutThroughFate","WaveOfTheHand"],"picked":"EmptyFist+1","floor":22},{"not_picked":["ThirdEye+1","Halt"],"picked":"Indignation","floor":23},{"not_picked":["CutThroughFate+1","FollowUp+1"],"picked":"WindmillStrike","floor":25},{"not_picked":["Wallop","FlurryOfBlows+1","Crescendo+1"],"picked":"SKIP","floor":28},{"not_picked":["Prostrate","BowlingBash"],"picked":"ClearTheMind","floor":29},{"not_picked":["Prostrate","JustLucky"],"picked":"Halt","floor":30},{"not_picked":["SashWhip+1","FollowUp+1"],"picked":"Wish","floor":31},{"not_picked":["SpiritShield","Omniscience"],"picked":"LessonLearned","floor":33},{"not_picked":["WheelKick+1","Crescendo+1"],"picked":"Worship","floor":35},{"not_picked":["EmptyBody","FollowUp"],"picked":"Prostrate","floor":36},{"not_picked":["Worship+1","Collect"],"picked":"Indignation+1","floor":40},{"not_picked":["Underhanded Strike","Dagger Throw","CutThroughFate+1"],"picked":"SKIP","floor":42}],"player_experience":3752484,"relics_obtained":[{"floor":6.0,"key":"White Beast Statue"},{"floor":9.0,"key":"Gremlin Horn"},{"floor":11.0,"key":"Mercury Hourglass"},{"floor":21,"key":"Enchiridion"},{"floor":23,"key":"TeardropLocket"},{"floor":40,"key":"Yang"}],"event_choices":[{"damage_healed":0.0,"max_hp_gain":0.0,"max_hp_loss":0.0,"gold_gain":0.0,"event_name":"Golden Idol","player_choice":"Take Damage","floor":2.0,"gold_loss":0.0,"damage_taken":18.0,"relics_obtained":["Golden Idol"]},{"damage_healed":0.0,"max_hp_gain":0.0,"max_hp_loss":0.0,"gold_gain":100.0,"event_name":"Wheel of Change","player_choice":"Gold","floor":3.0,"gold_loss":0.0,"damage_taken":0.0},{"damage_healed":0.0,"max_hp_gain":0.0,"max_hp_loss":0.0,"gold_gain":0.0,"event_name":"The Cleric","player_choice":"Leave","floor":12.0,"gold_loss":0.0,"damage_taken":0.0},{"damage_healed":0,"gold_gain":0,"player_choice":"Obtained Book","damage_taken":16,"max_hp_gain":0,"max_hp_loss":0,"event_name":"Cursed Tome","floor":21,"gold_loss":0},{"damage_healed":0,"gold_gain":0,"player_choice":"Ignored","damage_taken":0,"max_hp_gain":0,"max_hp_loss":0,"event_name":"Tomb of Lord Red Mask","floor":37,"gold_loss":0},{"damage_healed":0,"gold_gain":0,"player_choice":"Max HP","damage_taken":0,"max_hp_gain":0,"max_hp_loss":4,"event_name":"Winding Halls","floor":38,"gold_loss":0},{"damage_healed":0,"gold_gain":0,"player_choice":"Fight","damage_taken":0,"max_hp_gain":0,"max_hp_loss":0,"event_name":"Mysterious Sphere","floor":45,"gold_loss":0}],"is_beta":false,"boss_relics":[{"not_picked":["Black Star","Ectoplasm"],"picked":"VioletLotus"},{"not_picked":["Calling Bell","Velvet Choker"],"picked":"Cursed Key"}],"items_purged_floors":[],"is_endless":false,"potions_floor_spawned":[5,7,8,10,11,14,16,18,19,20,22,23,25,28,29,30,31,33,35,36,40,42],"killed_by":"2 Orb Walkers","ascension_level":1}}