{"host":"9hmnsypyq1c5u7i3","time":1611525746,"event":{"mods":["BaseMod","Bestiary","Hermit","Marisa????????","Minty Spire (QoL Compilation)","Permanent Neow","Quick Restart","Relic Stats","StSLib","The Cursed","The Hierophant"],"gold_per_floor":[113,141,141,169,177,177,203,203,203,219,219,219,246,246,246,242,242],"floor_reached":16,"language":"ENG","playtime":1154,"items_purged":[],"score":200,"play_id":"fbe38f21-ef8c-49b0-bbf7-c367a86c52b2","local_time":"20210124170226","is_ascension_mode":true,"campfire_choices":[{"data":"hierophant:Batter","floor":6.0,"key":"SMITH"},{"data":"hierophant:Rebuild","floor":8.0,"key":"SMITH"},{"data":"hierophant:Shelter","floor":11.0,"key":"SMITH"},{"data":"hierophant:HammerAndAnvil","floor":15.0,"key":"SMITH"}],"circlet_count":0,"master_deck":["AscendersBane","hierophant:Strike_Hierophant","hierophant:Strike_Hierophant","hierophant:Strike_Hierophant","hierophant:Strike_Hierophant","hierophant:Punish","hierophant:Defend_Hierophant","hierophant:Defend_Hierophant","hierophant:Defend_Hierophant","hierophant:Defend_Hierophant","hierophant:ChurchCoffers","hierophant:Doubloon","hierophant:CoinFling","hierophant:Shelter+1","Decay","hierophant:Batter+1","hierophant:Rebuild+1","hierophant:HammerAndAnvil+1","Parasite"],"relics":["Coffee Dripper","Potion Belt","Lantern","Blood Vial"],"acts_visited":["Exordium"],"potions_floor_usage":[16],"damage_taken":[{"damage":7.0,"enemies":"Jaw Worm","floor":1.0,"turns":3.0},{"damage":1.0,"enemies":"Cultist","floor":2.0,"turns":4.0},{"damage":0.0,"enemies":"2 Louse","floor":4.0,"turns":2.0},{"damage":18.0,"enemies":"Large Slime","floor":5.0,"turns":8.0},{"damage":1.0,"enemies":"3 Louse","floor":7.0,"turns":3.0},{"damage":14.0,"enemies":"3 Sentries","floor":10.0,"turns":10.0},{"damage":89,"enemies":"Hexaghost","floor":16,"turns":14}],"seed_played":"6188866818280286783","potions_obtained":[{"floor":4.0,"key":"FairyPotion"},{"floor":5.0,"key":"Fire Potion"},{"floor":10.0,"key":"Block Potion"}],"is_trial":false,"path_per_floor":["M","M","?","M","M","R","M","R","T","E","R","?","T","?","R","B"],"character_chosen":"HIEROPHANT","items_purchased":[],"campfire_rested":0,"item_purchase_floors":[],"current_hp_per_floor":[61,60,60,60,42,42,41,41,41,27,27,45,45,50,50,0,0],"gold":242,"neow_bonus":"BOSS_RELIC","is_daily":false,"chose_seed":false,"campfire_upgraded":4,"win_rate":0.0,"timestamp":1611525746,"path_taken":["M","M","?","M","?","R","M","R","T","E","R","?","?","?","R","BOSS"],"items_purchased_type":[],"build_version":"2020-12-22","purchased_purges":0,"victory":false,"max_hp_per_floor":[75,75,75,75,75,75,75,75,75,75,75,75,75,80,80,80,80],"relic_stats":{"Blood Vial":2,"counters":[7,44],"obtain_stats":[{"Potion Belt":9,"Blood Vial":13,"Lantern":10,"hierophant:PropheticMaskRelic":0,"Coffee Dripper":0},{"Potion Belt":5,"Blood Vial":6,"Lantern":6,"hierophant:PropheticMaskRelic":0,"Coffee Dripper":0},{"Potion Belt":20,"Blood Vial":30,"Lantern":30,"hierophant:PropheticMaskRelic":0,"Coffee Dripper":0}]},"card_choices":[{"not_picked":["hierophant:HammerAndAnvil","hierophant:Sermon"],"picked":"hierophant:CoinFling","floor":1.0},{"not_picked":["hierophant:Zeal","hierophant:Prophecy"],"picked":"hierophant:Shelter","floor":2.0},{"not_picked":["hierophant:PristineSoul","hierophant:RecallFunds"],"picked":"hierophant:Batter","floor":4.0},{"not_picked":["hierophant:SealAway","hierophant:Zeal","hierophant:Empathy"],"picked":"SKIP","floor":5.0},{"not_picked":["hierophant:ConvertCurrency","hierophant:Doomsaying"],"picked":"hierophant:Rebuild","floor":7.0},{"not_picked":["hierophant:Martyrdom","hierophant:ThreeLashes"],"picked":"hierophant:HammerAndAnvil","floor":10.0}],"player_experience":922606,"relics_obtained":[{"floor":9.0,"key":"Potion Belt"},{"floor":10.0,"key":"Lantern"},{"floor":13.0,"key":"Blood Vial"}],"event_choices":[{"damage_healed":0.0,"max_hp_gain":0.0,"max_hp_loss":0.0,"gold_gain":0.0,"event_name":"Wheel of Change","player_choice":"Cursed","floor":3.0,"gold_loss":0.0,"damage_taken":0.0,"cards_obtained":["Decay"]},{"damage_healed":18.0,"max_hp_gain":0.0,"max_hp_loss":0.0,"gold_gain":0.0,"event_name":"Mushrooms","player_choice":"Healed and dodged fight","floor":12.0,"gold_loss":0.0,"damage_taken":0.0,"cards_obtained":["Parasite"]},{"damage_healed":0.0,"max_hp_gain":5.0,"max_hp_loss":0.0,"gold_gain":0.0,"event_name":"Big Fish","player_choice":"Donut","floor":14.0,"gold_loss":0.0,"damage_taken":0.0}],"is_beta":false,"boss_relics":[],"items_purged_floors":[],"is_endless":false,"potions_floor_spawned":[4,5,10],"killed_by":"Hexaghost","ascension_level":20}}