{"host":"w7o06k3e8uel8euj","time":1611487008,"event":{"mods":["AchievementEnabler","BaseMod","Colored Powertips","Custom Start","DeckTracker","Keyboard Shortcuts","Minty Spire (QoL Compilation)","Quick Restart","Relic Stats","StSLib","SuperFastMode","everything is the same but u backflip on backflip"],"gold_per_floor":[119,134,84,9,9,43,62,62,85,172,217,229,254,301,313,429,441,469,481,493,523,535,577,601,613,649,722,178,218,218,230,230,230,230],"floor_reached":33,"language":"KOR","playtime":789,"items_purged":["Strike_G","Defend_G"],"score":416,"play_id":"7b4559c6-281b-434e-82f1-bd10cd87e2c2","local_time":"20210124201648","is_ascension_mode":true,"campfire_choices":[{"data":"Bouncing Flask","floor":8.0,"key":"SMITH"},{"data":"Dash","floor":15.0,"key":"SMITH"},{"data":"Footwork","floor":25.0,"key":"SMITH"},{"data":"Venomology","floor":30.0,"key":"SMITH"},{"data":"Tactician","floor":32,"key":"SMITH"}],"circlet_count":0,"master_deck":["Defend_G","Defend_G","Survivor","Neutralize","Dash+1","Bouncing Flask+1","Die Die Die","Deadly Poison","Venomology+1","Backstab","Night Terror","Well Laid Plans","Blur","Footwork+1","Tactician+1"],"relics":["Ring of the Snake","NeowsBlessing","MealTicket","MawBank","Mummified Hand","Lantern","Empty Cage","SsserpentHead","Ninja Scroll","Lee\u0027s Waffle","Thread and Needle","CeramicFish"],"acts_visited":["Exordium","TheCity"],"potions_floor_usage":[31,33,33],"damage_taken":[{"damage":0.0,"enemies":"Jaw Worm","floor":1.0,"turns":1.0},{"damage":0.0,"enemies":"2 Louse","floor":2.0,"turns":1.0},{"damage":0.0,"enemies":"Lagavulin","floor":6.0,"turns":1.0},{"damage":0.0,"enemies":"Cultist","floor":7.0,"turns":3.0},{"damage":18.0,"enemies":"3 Sentries","floor":11.0,"turns":9.0},{"damage":0.0,"enemies":"3 Louse","floor":13.0,"turns":1.0},{"damage":0.0,"enemies":"Lagavulin","floor":14.0,"turns":5.0},{"damage":17.0,"enemies":"The Guardian","floor":16.0,"turns":7.0},{"damage":0.0,"enemies":"Chosen","floor":18.0,"turns":4.0},{"damage":0.0,"enemies":"Spheric Guardian","floor":21.0,"turns":3.0},{"damage":32.0,"enemies":"Gremlin Leader","floor":23.0,"turns":7.0},{"damage":23.0,"enemies":"Centurion and Healer","floor":24.0,"turns":6.0},{"damage":11.0,"enemies":"Snake Plant","floor":27.0,"turns":3.0},{"damage":0.0,"enemies":"Book of Stabbing","floor":29.0,"turns":8.0},{"damage":0,"enemies":"3 Cultists","floor":31,"turns":4},{"damage":84,"enemies":"Collector","floor":33,"turns":7}],"seed_played":"3669699068410561020","potions_obtained":[{"floor":2.0,"key":"Swift Potion"},{"floor":7.0,"key":"SpeedPotion"},{"floor":11.0,"key":"Dexterity Potion"},{"floor":18.0,"key":"LiquidMemories"},{"floor":23.0,"key":"SpeedPotion"}],"is_trial":false,"path_per_floor":["M","M","?","$","?","E","M","R","T","?","E","$","M","E","R","B",null,"M","?","$","M","?","E","M","R","T","M","$","E","R","M","R","B"],"character_chosen":"THE_SILENT","items_purchased":["Lee\u0027s Waffle","Thread and Needle"],"campfire_rested":0,"item_purchase_floors":[28,28],"current_hp_per_floor":[70,70,70,70,70,70,70,70,70,59,41,56,56,56,56,39,70,70,70,70,70,70,47,24,24,24,13,77,77,77,77,77,0,0],"gold":230,"neow_bonus":"THREE_ENEMY_KILL","is_daily":false,"chose_seed":false,"campfire_upgraded":5,"win_rate":0.0,"timestamp":1611487008,"path_taken":["M","M","?","$","?","E","M","R","T","?","E","?","M","E","R","BOSS","M","?","$","M","?","E","M","R","T","?","$","E","R","M","R","BOSS"],"items_purchased_type":["Relic","Relic"],"build_version":"2020-12-22","purchased_purges":2,"victory":false,"max_hp_per_floor":[70,70,70,70,70,70,70,70,70,70,70,70,70,70,70,70,70,70,70,70,70,70,70,70,70,70,70,77,77,77,77,77,77,77],"relic_stats":{"SsserpentHead":50,"Lee\u0027s Waffle":49,"counters":[16,70],"Mummified Hand":[15],"CeramicFish":9,"MealTicket":30,"MawBank":228,"obtain_stats":[{"SsserpentHead":22,"Lantern":14,"Lee\u0027s Waffle":28,"NeowsBlessing":0,"Mummified Hand":11,"Ninja Scroll":23,"CeramicFish":29,"MealTicket":6,"Thread and Needle":28,"MawBank":9,"Empty Cage":17,"Ring of the Snake":0},{"SsserpentHead":10,"Lantern":7,"Lee\u0027s Waffle":13,"NeowsBlessing":0,"Mummified Hand":5,"Ninja Scroll":11,"CeramicFish":14,"MealTicket":3,"Thread and Needle":13,"MawBank":4,"Empty Cage":8,"Ring of the Snake":0},{"SsserpentHead":35,"Lantern":21,"Lee\u0027s Waffle":51,"NeowsBlessing":0,"Mummified Hand":15,"Ninja Scroll":42,"CeramicFish":59,"MealTicket":3,"Thread and Needle":51,"MawBank":6,"Empty Cage":28,"Ring of the Snake":0}],"Ring of the Snake":[32]},"card_choices":[{"not_picked":["Bane","Endless Agony"],"picked":"Dash","floor":1.0},{"not_picked":["Caltrops","Terror","Dagger Throw"],"picked":"SKIP","floor":2.0},{"not_picked":["Dodge and Roll","Bane","Sucker Punch"],"picked":"SKIP","floor":6.0},{"not_picked":["Dodge and Roll","Bane","Sucker Punch"],"picked":"SKIP","floor":6.0},{"not_picked":["Dagger Throw","Blade Dance","Deflect"],"picked":"SKIP","floor":7.0},{"not_picked":["Flechettes","Setup"],"picked":"Die Die Die","floor":11.0},{"not_picked":["Blade Dance","Cloak And Dagger","Flechettes"],"picked":"SKIP","floor":13.0},{"not_picked":["Bane","Acrobatics"],"picked":"Deadly Poison","floor":14.0},{"not_picked":["A Thousand Cuts","Bullet Time"],"picked":"Venomology","floor":16.0},{"not_picked":["Deadly Poison","Flechettes","Deflect"],"picked":"SKIP","floor":18.0},{"not_picked":["Dagger Throw","Underhanded Strike"],"picked":"Well Laid Plans","floor":21.0},{"not_picked":["Flying Knee","PiercingWail"],"picked":"Blur","floor":23.0},{"not_picked":["Dodge and Roll","Deadly Poison"],"picked":"Footwork","floor":24.0},{"not_picked":["Terror","Caltrops+1","A Thousand Cuts"],"picked":"SKIP","floor":27.0},{"not_picked":["Deflect","Acrobatics"],"picked":"Tactician","floor":29.0},{"not_picked":["Eviscerate","Well Laid Plans","Outmaneuver"],"picked":"SKIP","floor":31}],"player_experience":502357,"relics_obtained":[{"floor":6.0,"key":"MealTicket"},{"floor":9.0,"key":"MawBank"},{"floor":11.0,"key":"Mummified Hand"},{"floor":14.0,"key":"Lantern"},{"floor":23.0,"key":"Ninja Scroll"},{"floor":29.0,"key":"CeramicFish"}],"event_choices":[{"cards_removed":["Strike_G"],"damage_healed":0.0,"max_hp_gain":0.0,"max_hp_loss":0.0,"gold_gain":0.0,"event_name":"The Cleric","player_choice":"Card Removal","floor":3.0,"gold_loss":50.0,"damage_taken":0.0},{"damage_healed":0.0,"max_hp_gain":0.0,"max_hp_loss":0.0,"gold_gain":0.0,"cards_transformed":["Defend_G"],"event_name":"Living Wall","player_choice":"Change","floor":5.0,"gold_loss":0.0,"damage_taken":0.0,"cards_obtained":["Bouncing Flask"]},{"damage_healed":0.0,"max_hp_gain":0.0,"max_hp_loss":0.0,"gold_gain":75.0,"event_name":"World of Goop","player_choice":"Gather Gold","floor":10.0,"gold_loss":0.0,"damage_taken":11.0},{"damage_healed":0.0,"max_hp_gain":0.0,"max_hp_loss":0.0,"gold_gain":0.0,"cards_transformed":["Strike_G","Defend_G"],"event_name":"Drug Dealer","player_choice":"Became Test Subject","floor":19.0,"gold_loss":0.0,"damage_taken":0.0,"cards_obtained":["Backstab","Night Terror"]},{"damage_healed":0.0,"max_hp_gain":0.0,"max_hp_loss":0.0,"gold_gain":0.0,"event_name":"FaceTrader","player_choice":"Trade","floor":22.0,"gold_loss":0.0,"damage_taken":0.0,"relics_obtained":["SsserpentHead"]}],"is_beta":false,"boss_relics":[{"not_picked":["Busted Crown","Tiny House"],"picked":"Empty Cage"}],"items_purged_floors":[4,28],"is_endless":false,"potions_floor_spawned":[2,7,11,13,18,23,24],"killed_by":"Collector","ascension_level":2}}