{"host":"htqwg582tjjtn9p7","time":1611524467,"event":{"mods":["2.2 Compatiblity","AchievementEnabler","Act Like it!","Aspiration","BaseMod","Better Third Choice","Colored Map","Conspire","Curses Come First","Displayed Cursed Tome","Energized Spire","Force Act Four","Fox Events","GifTheSpireLib","Hermit","Highlight Path","JesterMod","Mad Scientist","Minty Spire (QoL Compilation)","Pale of the Ancients","Permanent Neow","Random Character Button","Relic Stats","Replay The Spire","Robot Space Explorer","Somnambulant","Spicy Shops","Spikes Relics","StSLib","Stuff the Spire","The Blue Laboratory","The Bug Knight","The Forsaken","The Gatherer","The Judge","The Jungle","The Marked","The Runesmith","The Servant 0.9.4","Uncapped"],"gold_per_floor":[115,127,142,220,237,237,263,263,317,352,352,369,386,386,386,458,458,476,486,56,36,49,84,103,103,103,18,18,30,30,74,74,149,149,162,187,201,23,23,23,0,19,101,101,101,113,113,113,113],"floor_reached":48,"language":"ENG","playtime":1673,"items_purged":["Strike_R","Amnesia"],"score":1093,"play_id":"cfd4fcb4-bc99-48f1-9491-f217e9dde507","local_time":"20210124224107","is_ascension_mode":true,"campfire_choices":[{"data":"StuffTheSpire:Resist","floor":6.0,"key":"SMITH"},{"floor":25.0,"key":"REST"},{"data":"Demon Form","floor":32.0,"key":"SMITH"},{"floor":44.0,"key":"REST"}],"circlet_count":0,"master_deck":["AscendersBane","Strike_R+1","Strike_R","Strike_R","Strike_R","Defend_R","Defend_R","Defend_R+1","Defend_R","Bash","StuffTheSpire:Resist+1","Pummel+1","Ghostly Armor","Feel No Pain+1","Spot Weakness","Pummel","Demon Form+1","StuffTheSpire:Incineration","Armaments+1","StuffTheSpire:Resist+1","Feel No Pain","ReplayTheSpireMod:Stacked+1","Sword Boomerang+1","Feel No Pain","conspire:Charge","Exhume+1","Blood for Blood+1","Sword Boomerang","Blood for Blood+1","StuffTheSpire:Perfection","True Grit+1","Parasite"],"relics":["Burning Blood","StuffTheSpire:Gunfinga","RoseTintedShades","Pantograph","Replay:Wax Seal","Juzu Bracelet","aspiration:RitualDagger","Vajra","theForsaken:ScaryMask","Eternal Feather","Iron Hammer","Ring of Fury","ReplayTheSpireMod:Ring of Exchange","Golden Egg","conspire:SlowCooker","Replay:Multitool","Red Mask","Kunai","StuffTheSpire:GreaterSneckoEye"],"acts_visited":["Exordium","TheCity","TheBeyond"],"potions_floor_usage":[46,46,48],"damage_taken":[{"damage":1.0,"enemies":"Cultist","floor":1.0,"turns":3.0},{"damage":4.0,"enemies":"2 Louse","floor":2.0,"turns":4.0},{"damage":12.0,"enemies":"Jaw Worm","floor":3.0,"turns":2.0},{"damage":16.0,"enemies":"Large Slime","floor":5.0,"turns":6.0},{"damage":22.0,"enemies":"Lagavulin","floor":7.0,"turns":3.0},{"damage":2.0,"enemies":"3 Sentries","floor":10.0,"turns":10.0},{"damage":2.0,"enemies":"2 Fungi Beasts","floor":12.0,"turns":3.0},{"damage":5.0,"enemies":"Blue Slaver","floor":13.0,"turns":2.0},{"damage":34.0,"enemies":"Hexaghost","floor":16.0,"turns":9.0},{"damage":26.0,"enemies":"3 Byrds","floor":18.0,"turns":5.0},{"damage":22.0,"enemies":"Spheric Guardian","floor":19.0,"turns":4.0},{"damage":43.0,"enemies":"Centurion and Healer","floor":22.0,"turns":7.0},{"damage":99.0,"enemies":"Book of Stabbing","floor":23.0,"turns":8.0},{"damage":12.0,"enemies":"Chosen and Byrds","floor":24.0,"turns":8.0},{"damage":26.0,"enemies":"Sentry and Sphere","floor":29.0,"turns":4.0},{"damage":23.0,"enemies":"conspire:MimicChest","floor":31.0,"turns":10.0},{"damage":114.0,"enemies":"Pondfish","floor":33.0,"turns":9.0},{"damage":10.0,"enemies":"3 Shapes","floor":35.0,"turns":9.0},{"damage":22.0,"enemies":"Mind Bloom Boss Battle","floor":36.0,"turns":8.0},{"damage":24.0,"enemies":"Orb Walker","floor":37.0,"turns":3.0},{"damage":67.0,"enemies":"Transient","floor":42.0,"turns":5.0},{"damage":44,"enemies":"Writhing Mass","floor":46,"turns":5},{"damage":4,"enemies":"Sphere and 2 Shapes","floor":48,"turns":2}],"seed_played":"1773719937301998949","potions_obtained":[{"floor":3.0,"key":"Death Potion"},{"floor":5.0,"key":"BloodPotion"},{"floor":12.0,"key":"SpeedPotion"},{"floor":16.0,"key":"blueLaboratory:ConflagurationPotion"},{"floor":19.0,"key":"conspire:TimeTravelPotion"},{"floor":21.0,"key":"FairyPotion"},{"floor":29.0,"key":"HeartOfIron"},{"floor":33.0,"key":"blueLaboratory:Moonshine"},{"floor":36.0,"key":"LiquidBronze"},{"floor":46,"key":"LifebloodPotion"}],"is_trial":false,"path_per_floor":["M","M","M","T","M","R","E","?","T","E","?","M","M","?","R_BF","B",null,"M","M","$","?","M","E","M","R","T","?","$","M","?","?","R","B",null,"M","?","M","$","?","?","?","M","T","R","?","M","?","M"],"character_chosen":"IRONCLAD","items_purchased":["Armaments+1","Vajra","StuffTheSpire:Resist","Runesmith:AutoHammer","Blood for Blood"],"campfire_rested":2,"item_purchase_floors":[20,20,20,20,38],"current_hp_per_floor":[73,75,69,69,59,59,43,20,20,39,39,43,44,44,66,47,68,48,32,32,32,18,30,36,58,58,58,58,46,46,53,68,15,60,74,75,65,65,65,65,65,21,21,61,31,12,12,10,10],"gold":113,"neow_bonus":"RANDOM_COMMON_RELIC","is_daily":false,"chose_seed":false,"campfire_upgraded":2,"win_rate":0.0,"timestamp":1611524467,"path_taken":["M","M","M","?","?","R","E","?","T","E","?","M","M","?","R_BF","BOSS","M","M","$","?","M","E","M","R","T","?","$","M","?","?","R","BOSS","M","?","M","$","?","?","?","M","T","R","?","M","?","M"],"items_purchased_type":["Card","Relic","Card","Relic","Card"],"build_version":"2020-12-22","purchased_purges":2,"victory":false,"max_hp_per_floor":[75,75,75,75,75,75,75,75,75,75,75,75,75,75,75,75,75,75,75,75,75,75,75,75,75,75,75,75,75,75,75,75,75,75,75,75,75,75,75,75,75,75,75,75,75,75,75,75,75],"relic_stats":{"counters":[23,129],"Pantograph":17,"Eternal Feather":33,"Juzu Bracelet":1,"Kunai":[1],"obtain_stats":[{"ReplayTheSpireMod:Ring of Exchange":30,"Golden Egg":31,"theForsaken:ScaryMask":23,"Vajra":20,"RoseTintedShades":4,"Eternal Feather":26,"conspire:SlowCooker":34,"Juzu Bracelet":10,"Replay:Multitool":36,"Burning Blood":0,"StuffTheSpire:Gunfinga":0,"Pantograph":7,"StuffTheSpire:GreaterSneckoEye":45,"Ring of Fury":30,"Iron Hammer":27,"Red Mask":41,"aspiration:RitualDagger":17,"Runesmith:AutoHammer":20,"Kunai":43,"Replay:Wax Seal":9},{"ReplayTheSpireMod:Ring of Exchange":15,"Golden Egg":16,"theForsaken:ScaryMask":13,"Vajra":11,"RoseTintedShades":3,"Eternal Feather":14,"conspire:SlowCooker":17,"Juzu Bracelet":6,"Replay:Multitool":19,"Burning Blood":0,"StuffTheSpire:Gunfinga":0,"Pantograph":5,"StuffTheSpire:GreaterSneckoEye":21,"Ring of Fury":15,"Iron Hammer":14,"Red Mask":20,"aspiration:RitualDagger":9,"Runesmith:AutoHammer":11,"Kunai":21,"Replay:Wax Seal":5},{"ReplayTheSpireMod:Ring of Exchange":78,"Golden Egg":88,"theForsaken:ScaryMask":66,"Vajra":51,"RoseTintedShades":9,"Eternal Feather":74,"conspire:SlowCooker":97,"Juzu Bracelet":28,"Replay:Multitool":114,"Burning Blood":0,"StuffTheSpire:Gunfinga":0,"Pantograph":18,"StuffTheSpire:GreaterSneckoEye":122,"Ring of Fury":78,"Iron Hammer":74,"Red Mask":117,"aspiration:RitualDagger":42,"Runesmith:AutoHammer":51,"Kunai":122,"Replay:Wax Seal":18}],"Burning Blood":126},"card_choices":[{"not_picked":["Pommel Strike","Run Through"],"picked":"StuffTheSpire:Resist","floor":1.0},{"not_picked":["Shrug It Off","Intimidate"],"picked":"Pummel","floor":2.0},{"not_picked":["Clash","ReplayTheSpireMod:Strike From Hell"],"picked":"Ghostly Armor","floor":3.0},{"not_picked":["Flex","Shrug It Off"],"picked":"Feel No Pain","floor":5.0},{"not_picked":["StuffTheSpire:Incineration","Havoc"],"picked":"Spot Weakness","floor":7.0},{"not_picked":["Flame Barrier","Clothesline"],"picked":"Pummel","floor":10.0},{"not_picked":["Body Slam","Battle Trance"],"picked":"Demon Form","floor":12.0},{"not_picked":["Perfected Strike","ReplayTheSpireMod:Corrosion Curse"],"picked":"StuffTheSpire:Incineration","floor":13.0},{"not_picked":["Absolvement","Headbutt","Havoc"],"picked":"SKIP","floor":18.0},{"not_picked":["Replay:Undeath\u0027s Touch","Anger","Perfected Strike"],"picked":"SKIP","floor":19.0},{"not_picked":["Perfected Strike+1","ReplayTheSpireMod:Corrosion Curse"],"picked":"Feel No Pain","floor":22.0},{"not_picked":["Feel No Pain","Massacre"],"picked":"ReplayTheSpireMod:Stacked+1","floor":23.0},{"not_picked":["ReplayTheSpireMod:Strike From Hell+1","ReplayTheSpireMod:Corrosion Curse"],"picked":"Sword Boomerang","floor":24.0},{"not_picked":["Fiend Fire","Perfected Strike"],"picked":"Feel No Pain","floor":29.0},{"not_picked":["True Grit","Defy Death"],"picked":"conspire:Charge","floor":31.0},{"not_picked":["Juggernaut","Eclipse"],"picked":"Exhume","floor":33.0},{"not_picked":["Run Through+1","Blood for Blood+1","Iron Wave+1"],"picked":"SKIP","floor":35.0},{"not_picked":["Run Through+1","Iron Wave+1"],"picked":"Blood for Blood+1","floor":35.0},{"not_picked":["Sever Soul+1","Armaments+1"],"picked":"Sword Boomerang","floor":37.0},{"not_picked":["StuffTheSpire:CelestialWarden","StuffTheSpire:Rapture"],"picked":"StuffTheSpire:Perfection","floor":40.0},{"not_picked":["Spot Weakness","Heavy Blade"],"picked":"True Grit+1","floor":42.0},{"not_picked":["Body Slam+1","ReplayTheSpireMod:Strike From Hell+1","Pommel Strike"],"picked":"SKIP","floor":46}],"player_experience":1957183,"relics_obtained":[{"floor":4.0,"key":"RoseTintedShades"},{"floor":7.0,"key":"Pantograph"},{"floor":9.0,"key":"Replay:Wax Seal"},{"floor":10.0,"key":"Juzu Bracelet"},{"floor":23.0,"key":"theForsaken:ScaryMask"},{"floor":26.0,"key":"Eternal Feather"},{"floor":30.0,"key":"Ring of Fury"},{"floor":30.0,"key":"ReplayTheSpireMod:Ring of Exchange"},{"floor":31.0,"key":"Golden Egg"},{"floor":36.0,"key":"Replay:Multitool"},{"floor":43.0,"key":"Kunai"},{"floor":45.0,"key":"StuffTheSpire:GreaterSneckoEye"}],"event_choices":[{"damage_healed":43.0,"max_hp_gain":0.0,"max_hp_loss":75.0,"gold_gain":0.0,"event_name":"betterThird:BetterShining","player_choice":"Upgrade","floor":8.0,"gold_loss":0.0,"damage_taken":23.0,"cards_upgraded":["Pummel","Defend_R"]},{"damage_healed":0.0,"max_hp_gain":0.0,"max_hp_loss":0.0,"gold_gain":0.0,"event_name":"The Woman in Blue","player_choice":"Bought 1 Potion","floor":21.0,"gold_loss":0.0,"damage_taken":0.0},{"damage_healed":0.0,"max_hp_gain":0.0,"max_hp_loss":0.0,"gold_gain":0.0,"event_name":"Addict","player_choice":"Obtained Relic","floor":27.0,"gold_loss":85.0,"damage_taken":0.0,"relics_obtained":["Iron Hammer"]},{"damage_healed":0.0,"max_hp_gain":0.0,"max_hp_loss":0.0,"gold_gain":0.0,"event_name":"MindBloom","player_choice":"Fight","floor":36.0,"gold_loss":0.0,"damage_taken":0.0},{"damage_healed":0.0,"max_hp_gain":0.0,"max_hp_loss":0.0,"gold_gain":0.0,"event_name":"SensoryStone","player_choice":"Memory 1","floor":39.0,"gold_loss":0.0,"damage_taken":0.0},{"damage_healed":0.0,"max_hp_gain":0.0,"max_hp_loss":0.0,"gold_gain":0.0,"event_name":"Tomb of Lord Red Mask","player_choice":"Paid","floor":41.0,"gold_loss":23.0,"damage_taken":0.0,"relics_obtained":["Red Mask"]},{"damage_healed":0,"gold_gain":0,"player_choice":"Ignored","damage_taken":0,"max_hp_gain":0,"max_hp_loss":0,"event_name":"Mysterious Sphere","floor":47,"gold_loss":0}],"is_beta":false,"boss_relics":[{"not_picked":["StuffTheSpire:RunicConfusion","Runic Pyramid"],"picked":"aspiration:RitualDagger"},{"not_picked":["Fusion Hammer","aspiration:Nostalgia"],"picked":"conspire:SlowCooker"}],"items_purged_floors":[20,38],"is_endless":false,"potions_floor_spawned":[3,5,12,16,19,29,33,36,46],"killed_by":"Sphere and 2 Shapes","ascension_level":15}}