{"host":"c5j8t0wyh2hvx9ju","time":1611489373,"event":{"mods":["Astrologer","BaseMod","BetterRewards","Minty Spire (QoL Compilation)","Prisma Mod","StSLib"],"gold_per_floor":[116,116,191,216,216,216,234,254,254,279,317,331,331,331,331,461,461,479,43,43,58,58,93,93,106,106,106,129,129,153,174,174,174,174],"floor_reached":33,"language":"JPN","playtime":2064,"items_purged":["Strike_P"],"score":468,"play_id":"a94c3e44-3e7c-40e8-8db4-cd256a533f91","local_time":"20210124205613","is_ascension_mode":true,"campfire_choices":[{"floor":6.0,"key":"REST"},{"data":"Eruption","floor":13.0,"key":"SMITH"},{"data":"Adaptation","floor":15.0,"key":"SMITH"},{"floor":24.0,"key":"REST"},{"data":"TalkToTheHand","floor":27.0,"key":"SMITH"},{"data":"MentalFortress","floor":29.0,"key":"SMITH"},{"data":"Blasphemy","floor":32.0,"key":"SMITH"}],"circlet_count":0,"master_deck":["Strike_P","Strike_P","Strike_P","Defend_P+1","Defend_P","Defend_P","Defend_P","Eruption+1","Vigilance","CarveReality","Evaluate","Adaptation+1","FollowUp","Meditate+1","Omniscience","ReachHeaven","TalkToTheHand+1","Ghostly","Ghostly","Ghostly","Ghostly","Ghostly","Vengeance+1","RitualDagger","MentalFortress+1","Conclude","SashWhip","Blasphemy+1","Worship"],"relics":["PureWater","Thread and Needle","Golden Idol","FaceOfCleric","Yang","The Courier","VioletLotus","Eternal Feather","Ancient Tea Set","Tiny Chest","Mercury Hourglass"],"acts_visited":["Exordium","TheCity"],"potions_floor_usage":[],"damage_taken":[{"damage":0.0,"enemies":"2 Louse","floor":1.0,"turns":3.0},{"damage":4.0,"enemies":"Small Slimes","floor":4.0,"turns":4.0},{"damage":0.0,"enemies":"Cultist","floor":7.0,"turns":2.0},{"damage":0.0,"enemies":"Looter","floor":8.0,"turns":2.0},{"damage":0.0,"enemies":"2 Fungi Beasts","floor":10.0,"turns":3.0},{"damage":10.0,"enemies":"Lagavulin","floor":11.0,"turns":7.0},{"damage":4.0,"enemies":"3 Louse","floor":12.0,"turns":4.0},{"damage":21.0,"enemies":"Slime Boss","floor":16.0,"turns":9.0},{"damage":19.0,"enemies":"Spheric Guardian","floor":18.0,"turns":6.0},{"damage":0.0,"enemies":"Shell Parasite","floor":21.0,"turns":5.0},{"damage":28.0,"enemies":"Slavers","floor":23.0,"turns":10.0},{"damage":0.0,"enemies":"Snecko","floor":25.0,"turns":6.0},{"damage":0.0,"enemies":"Centurion and Healer","floor":28.0,"turns":6.0},{"damage":15.0,"enemies":"Snake Plant","floor":30.0,"turns":3.0},{"damage":0.0,"enemies":"Cultist and Chosen","floor":31.0,"turns":7.0},{"damage":100040,"enemies":"Collector","floor":33,"turns":8}],"seed_played":"-7001075283784336909","potions_obtained":[{"floor":4.0,"key":"Regen Potion"},{"floor":10.0,"key":"Energy Potion"},{"floor":18.0,"key":"Swift Potion"},{"floor":30.0,"key":"Strength Potion"}],"is_trial":false,"path_per_floor":["M","?","?","M","?","R","M","M","T","M","E","M","R","?","R","B",null,"M","$","?","M","?","E","R","M","T","R","M","R","M","M","R","B"],"character_chosen":"WATCHER","items_purchased":["Thread and Needle","CarveReality","TalkToTheHand","Eternal Feather","Ancient Tea Set"],"campfire_rested":2,"item_purchase_floors":[0,0,19,19,19],"current_hp_per_floor":[61,43,32,28,28,49,50,51,51,52,43,40,40,25,25,20,78,60,60,39,40,34,7,34,35,35,42,43,43,29,30,45,0,0],"gold":174,"neow_bonus":"","is_daily":false,"chose_seed":false,"campfire_upgraded":5,"win_rate":0.0,"timestamp":1611489373,"path_taken":["M","?","?","M","?","R","?","M","T","M","E","M","R","?","R","BOSS","M","$","?","M","?","E","R","M","T","R","M","R","M","M","R","BOSS"],"items_purchased_type":["Relic","Card","Card","Relic","Relic"],"build_version":"2020-12-22","purchased_purges":1,"victory":false,"max_hp_per_floor":[72,72,72,72,72,72,73,74,74,75,76,77,77,77,77,78,78,79,79,39,40,40,41,41,42,42,42,43,43,44,45,45,45,45],"card_choices":[{"not_picked":["WreathOfFlame","Prostrate"],"picked":"Evaluate","floor":1.0},{"not_picked":["SashWhip","Conclude"],"picked":"Adaptation","floor":4.0},{"not_picked":["FlyingSleeves","Prostrate"],"picked":"FollowUp","floor":7.0},{"not_picked":["PathToVictory","Evaluate","EmptyMind"],"picked":"SKIP","floor":8.0},{"not_picked":["JustLucky","CarveReality","Protect"],"picked":"SKIP","floor":10.0},{"not_picked":["Consecrate","Evaluate"],"picked":"Meditate","floor":11.0},{"not_picked":["Swivel","PathToVictory","FollowUp"],"picked":"SKIP","floor":12.0},{"not_picked":["SpiritShield","Establishment"],"picked":"Omniscience","floor":16.0},{"not_picked":["Fasting2","LikeWater+1"],"picked":"ReachHeaven","floor":18.0},{"not_picked":["Prostrate+1","Wireheading"],"picked":"Vengeance+1","floor":21.0},{"not_picked":["CutThroughFate","Evaluate"],"picked":"MentalFortress","floor":23.0},{"not_picked":["Halt","EmptyBody"],"picked":"Conclude","floor":25.0},{"not_picked":["CutThroughFate","EmptyBody"],"picked":"SashWhip","floor":28.0},{"not_picked":["TalkToTheHand","EmptyMind"],"picked":"Blasphemy","floor":30.0},{"not_picked":["CutThroughFate","JustLucky+1"],"picked":"Worship","floor":31.0}],"player_experience":854210,"relics_obtained":[{"floor":9.0,"key":"Yang"},{"floor":11.0,"key":"The Courier"},{"floor":23.0,"key":"Tiny Chest"},{"floor":26.0,"key":"Mercury Hourglass"}],"event_choices":[{"damage_healed":0.0,"max_hp_gain":0.0,"max_hp_loss":0.0,"gold_gain":0.0,"event_name":"Golden Idol","player_choice":"Take Damage","floor":2.0,"gold_loss":0.0,"damage_taken":18.0,"relics_obtained":["Golden Idol"]},{"damage_healed":0.0,"max_hp_gain":0.0,"max_hp_loss":0.0,"gold_gain":75.0,"event_name":"World of Goop","player_choice":"Gather Gold","floor":3.0,"gold_loss":0.0,"damage_taken":11.0},{"damage_healed":0.0,"max_hp_gain":0.0,"max_hp_loss":0.0,"gold_gain":0.0,"event_name":"FaceTrader","player_choice":"Trade","floor":5.0,"gold_loss":0.0,"damage_taken":0.0,"relics_obtained":["FaceOfCleric"]},{"damage_healed":0.0,"max_hp_gain":0.0,"max_hp_loss":0.0,"gold_gain":0.0,"event_name":"Shining Light","player_choice":"Entered Light","floor":14.0,"gold_loss":0.0,"damage_taken":15.0,"cards_upgraded":["Meditate","Defend_P"]},{"damage_healed":0.0,"max_hp_gain":0.0,"max_hp_loss":40.0,"gold_gain":0.0,"event_name":"Ghosts","player_choice":"Became a Ghost","floor":20.0,"gold_loss":0.0,"damage_taken":0.0,"cards_obtained":["Ghostly","Ghostly","Ghostly","Ghostly","Ghostly"]},{"damage_healed":0.0,"max_hp_gain":0.0,"max_hp_loss":0.0,"gold_gain":0.0,"event_name":"Nest","player_choice":"Joined the Cult","floor":22.0,"gold_loss":0.0,"damage_taken":6.0,"cards_obtained":["RitualDagger"]}],"is_beta":false,"boss_relics":[{"not_picked":["SacredBark","Philosopher\u0027s Stone"],"picked":"VioletLotus"}],"items_purged_floors":[19],"is_endless":false,"potions_floor_spawned":[4,10,18,30],"killed_by":"Collector","ascension_level":4}}