{"host":"ye2yc4zsa4mr9ewr","time":1611523577,"event":{"mods":["BaseMod","Downfall","Minty Spire (QoL Compilation)","Relic Stats","StSLib"],"gold_per_floor":[99,119,149,299,65,65,117,150,250,268,281,299,299,326,338,439,439,439,449,113,133,133,152,152,177,177,191,206,206,306,325,339,436,436,436,447,447,292,292,309,309,109,142,142,266,266,279,307,323,323],"floor_reached":51,"language":"ENG","playtime":5653,"items_purged":["downfall:Icky","bronze:Strike","bronze:Strike","bronze:Defend"],"score":904,"play_id":"5a0f2faf-2667-4531-927d-bf6939f62232","local_time":"20210124152617","is_ascension_mode":true,"campfire_choices":[{"data":"bronze:Format","floor":1.0,"key":"SMITH"},{"data":"bronze:Deprecate","floor":13.0,"key":"SMITH"},{"data":"bronze:FineTuning","floor":18.0,"key":"SMITH"},{"data":"bronze:Shell","floor":26.0,"key":"SMITH"},{"data":"bronze:FineTuning","floor":29.0,"key":"SMITH"},{"floor":35.0,"key":"RECALL"},{"data":"bronze:Iterate","floor":42.0,"key":"SMITH"},{"data":"bronze:Boost","floor":44.0,"key":"SMITH"},{"floor":46.0,"key":"REST"}],"circlet_count":0,"master_deck":["bronze:Strike","bronze:Defend","bronze:Defend","bronze:Replicate","bronze:Goto","bronze:Format+1","bronze:Terminator","bronze:FineTuning+1","bronze:Repulsor+1","bronze:BronzeArmor","bronze:Deprecate+1","bronze:Terminator","bronze:Boost","bronze:Iterate","bronze:Boost+1","bronze:Shell+1","bronze:Iterate+1","expansioncontent:StudyTheSpire","bronze:DelayedGuard","bronze:FineTuning+1","bronze:ForceShield","bronze:Overheat","bronze:DecaBeam","bronze:Optimize","bronze:ThunderWave","bronze:HardenedForm","bronze:FollowUp+1","bronze:Shell+1","bronze:Philosophize"],"relics":["bronze:PlatinumCore","Membership Card","Orichalcum","FossilizedHelix","Turnip","bronze:MakeshiftBattery","Eternal Feather","Smiling Mask","Question Card","Mummified Hand","bronze:BottledCode","downfall:HeartBlessingRed","downfall:HeartBlessingBlue","Bronze Scales","Gambling Chip","Anchor"],"acts_visited":["Exordium","TheCity","TheBeyond"],"potions_floor_usage":[50],"damage_taken":[{"damage":0.0,"enemies":"Small Slimes","floor":2.0,"turns":3.0},{"damage":0.0,"enemies":"downfall:FleeingMerchant","floor":5.0,"turns":4.0},{"damage":2.0,"enemies":"Gremlin Nob","floor":8.0,"turns":4.0},{"damage":23.0,"enemies":"downfall:Heads","floor":9.0,"turns":8.0},{"damage":6.0,"enemies":"2 Louse","floor":10.0,"turns":3.0},{"damage":0.0,"enemies":"Cultist","floor":11.0,"turns":4.0},{"damage":0.0,"enemies":"Large Slime","floor":12.0,"turns":7.0},{"damage":0.0,"enemies":"3 Sentries","floor":14.0,"turns":7.0},{"damage":0.0,"enemies":"3 Louse","floor":15.0,"turns":4.0},{"damage":31.0,"enemies":"WA_ARCHETYPE_RETAIN","floor":16.0,"turns":8.0},{"damage":0.0,"enemies":"Spheric Guardian","floor":19.0,"turns":4.0},{"damage":0.0,"enemies":"downfall:FleeingMerchant","floor":20.0,"turns":4.0},{"damage":5.0,"enemies":"Shell Parasite","floor":21.0,"turns":6.0},{"damage":2.0,"enemies":"Snecko","floor":23.0,"turns":5.0},{"damage":0.0,"enemies":"Slavers","floor":25.0,"turns":9.0},{"damage":0.0,"enemies":"Cultist and Chosen","floor":27.0,"turns":9.0},{"damage":10.0,"enemies":"Snake Plant","floor":28.0,"turns":4.0},{"damage":0.0,"enemies":"Snake Plant","floor":30.0,"turns":3.0},{"damage":14.0,"enemies":"Shelled Parasite and Fungi","floor":31.0,"turns":6.0},{"damage":0.0,"enemies":"Centurion and Healer","floor":32.0,"turns":8.0},{"damage":8.0,"enemies":"IC_MUSHROOM_ARCHETYPE","floor":33.0,"turns":10.0},{"damage":10.0,"enemies":"3 Darklings","floor":36.0,"turns":8.0},{"damage":8.0,"enemies":"downfall:FleeingMerchant","floor":38.0,"turns":4.0},{"damage":0.0,"enemies":"3 Shapes","floor":40.0,"turns":7.0},{"damage":53.0,"enemies":"Reptomancer","floor":43.0,"turns":6.0},{"damage":0.0,"enemies":"downfall:FleeingMerchant","floor":45.0,"turns":4.0},{"damage":0.0,"enemies":"Sphere and 2 Shapes","floor":47.0,"turns":5.0},{"damage":0.0,"enemies":"Giant Head","floor":48.0,"turns":7.0},{"damage":0,"enemies":"3 Darklings","floor":49,"turns":5},{"damage":67,"enemies":"SI_POISON_ARCHETYPE","floor":50,"turns":11}],"seed_played":"7261144690662880268","potions_obtained":[{"floor":2.0,"key":"EssenceOfSteel"},{"floor":9.0,"key":"SneckoOil"},{"floor":14.0,"key":"champ:CounterPotion"},{"floor":15.0,"key":"SpeedPotion"},{"floor":16.0,"key":"EssenceOfSteel"},{"floor":21.0,"key":"SpeedPotion"},{"floor":25.0,"key":"SkillPotion"},{"floor":27.0,"key":"Energy Potion"},{"floor":28.0,"key":"Regen Potion"},{"floor":33.0,"key":"Fruit Juice"},{"floor":36.0,"key":"SneckoOil"}],"is_trial":false,"path_per_floor":["R","M","?","?","$","?","T","E","?","M","M","M","R","E","M","B",null,"R","M","$","M","?","M","T","E","R","M","M","R","?","M","M","B",null,"R","M","?","$","?","M","T","R","E","R","$","R","M","E","M","B",null],"character_chosen":"THE_AUTOMATON","items_purchased":["Membership Card","bronze:Repulsor","expansioncontent:StudyTheSpire","bronze:DelayedGuard","Eternal Feather","bronze:FineTuning","bronze:Optimize","EntropicBrew","Gambling Chip","SkillPotion"],"campfire_rested":1,"item_purchase_floors":[5,5,20,20,20,20,38,38,45,45],"current_hp_per_floor":[70,70,70,70,70,70,70,68,45,39,39,39,39,39,39,8,70,70,70,70,65,65,63,63,63,70,70,60,70,70,56,56,48,70,70,60,60,52,52,65,65,75,22,37,37,74,74,74,74,7],"gold":323,"neow_bonus":"ONE_RANDOM_RARE_CARD","is_daily":false,"chose_seed":false,"campfire_upgraded":7,"win_rate":0.0,"timestamp":1611523577,"path_taken":["R","M","?","?","$","?","T","E","?","M","M","M","R","E","M","BOSS","R","M","$","M","?","M","T","E","R","?","M","R","?","M","M","BOSS","R","M","?","$","?","M","T","R","E","R","$","R","M","E","R","BOSS"],"items_purchased_type":["Relic","Card","Card","Card","Relic","Card","Card","Potion","Relic","Potion"],"build_version":"2020-12-22","purchased_purges":4,"victory":true,"max_hp_per_floor":[70,70,70,70,70,70,70,70,70,70,70,70,70,70,70,70,70,70,70,70,70,70,70,70,70,70,70,70,70,70,70,70,70,70,70,70,60,60,60,65,65,75,75,75,75,75,75,75,75,75],"relic_stats":{"counters":[30,177],"Mummified Hand":[41],"Bronze Scales":[64],"Gambling Chip":[15],"Eternal Feather":47,"Turnip":[16],"Orichalcum":[66],"Smiling Mask":38,"Question Card":17,"obtain_stats":[{"bronze:PlatinumCore":34,"bronze:BronzeCore":0,"downfall:HeartBlessingRed":42,"Eternal Feather":20,"Orichalcum":7,"Smiling Mask":22,"Question Card":24,"bronze:BottledCode":37,"Anchor":48,"Mummified Hand":25,"downfall:HeartBlessingBlue":42,"Bronze Scales":43,"Gambling Chip":45,"Turnip":14,"Membership Card":5,"FossilizedHelix":8,"bronze:MakeshiftBattery":17},{"bronze:PlatinumCore":21,"bronze:BronzeCore":0,"downfall:HeartBlessingRed":24,"Eternal Feather":12,"Orichalcum":2,"Smiling Mask":13,"Question Card":14,"bronze:BottledCode":22,"Anchor":28,"Mummified Hand":15,"downfall:HeartBlessingBlue":24,"Bronze Scales":25,"Gambling Chip":26,"Turnip":8,"Membership Card":2,"FossilizedHelix":3,"bronze:MakeshiftBattery":10},{"bronze:PlatinumCore":120,"bronze:BronzeCore":0,"downfall:HeartBlessingRed":139,"Eternal Feather":60,"Orichalcum":7,"Smiling Mask":66,"Question Card":71,"bronze:BottledCode":128,"Anchor":161,"Mummified Hand":80,"downfall:HeartBlessingBlue":139,"Bronze Scales":145,"Gambling Chip":149,"Turnip":40,"Membership Card":7,"FossilizedHelix":11,"bronze:MakeshiftBattery":52}]},"card_choices":[{"not_picked":["bronze:Safeguard","bronze:ClassDefault"],"picked":"bronze:Terminator","floor":2.0},{"not_picked":["bronze:WhirlingStrike","bronze:Invalidate"],"picked":"bronze:FineTuning","floor":5.0},{"not_picked":["bronze:GetLatest","bronze:BronzeArmor","bronze:Frontload"],"picked":"SKIP","floor":8.0},{"not_picked":["bronze:Assembly","bronze:FineTuning"],"picked":"bronze:Deprecate","floor":10.0},{"not_picked":["bronze:BitShift","bronze:BuggyMess"],"picked":"bronze:Terminator","floor":11.0},{"not_picked":["bronze:FineTuning","bronze:BuggyMess"],"picked":"bronze:Boost","floor":12.0},{"not_picked":["bronze:BuggyMess","bronze:ItsAFeature"],"picked":"bronze:Iterate","floor":14.0},{"not_picked":["bronze:Constructor","bronze:MaxOutput"],"picked":"bronze:Boost","floor":15.0},{"not_picked":["bronze:ForLoop","bronze:MaxOutput"],"picked":"bronze:Shell","floor":19.0},{"not_picked":["bronze:DigitalCarnage","bronze:Flail"],"picked":"bronze:Iterate","floor":20.0},{"not_picked":["bronze:CloningBeam","bronze:Iterate","bronze:Overload"],"picked":"SKIP","floor":21.0},{"not_picked":["bronze:Invalidate","bronze:BitShift+1"],"picked":"bronze:ForceShield","floor":23.0},{"not_picked":["bronze:Iterate","bronze:Branch","bronze:Shield","bronze:Overheat"],"picked":"SKIP","floor":25.0},{"not_picked":["bronze:Iterate","bronze:Branch","bronze:Shield"],"picked":"bronze:Overheat","floor":25.0},{"not_picked":["bronze:Backtrace","bronze:MaxOutput","bronze:Philosophize"],"picked":"bronze:OilSpill","floor":27.0},{"not_picked":["bronze:WildBeam","bronze:Branch+1","bronze:DigitalCarnage","bronze:CutThrough+1"],"picked":"SKIP","floor":28.0},{"not_picked":[],"picked":"bronze:DecaBeam","floor":30.0},{"not_picked":["bronze:BronzeOrb","bronze:BitShift","bronze:BurnOut","bronze:DelayedGuard"],"picked":"SKIP","floor":31.0},{"not_picked":["bronze:Shield","bronze:Overheat","bronze:NullPointer","bronze:Frontload"],"picked":"SKIP","floor":32.0},{"not_picked":["bronze:Deprecate+1","bronze:BugBarrage+1","bronze:WildBeam+1","bronze:Constructor"],"picked":"SKIP","floor":36.0},{"not_picked":["bronze:ClassDefault+1","bronze:Overload+1","bronze:Constructor","bronze:BitShift"],"picked":"SKIP","floor":38.0},{"not_picked":["bronze:Turbo+1","bronze:Invalidate","bronze:Overload"],"picked":"bronze:ThunderWave","floor":40.0},{"not_picked":["bronze:Repair+1","bronze:CloningBeam","bronze:ShipIt"],"picked":"bronze:HardenedForm","floor":43.0},{"not_picked":["bronze:Overheat","bronze:CutThrough+1","bronze:BugBarrage+1"],"picked":"bronze:FollowUp+1","floor":45.0},{"not_picked":["bronze:WhirlingStrike+1","bronze:Overheat","bronze:DarkDash+1"],"picked":"bronze:Shell+1","floor":47.0},{"not_picked":["bronze:Frontload","bronze:Return+1","bronze:Overload+1"],"picked":"bronze:Philosophize","floor":48.0},{"not_picked":["bronze:Allocate","bronze:Frontload+1","bronze:ThunderWave","bronze:Backtrace"],"picked":"SKIP","floor":49}],"player_experience":923978,"relics_obtained":[{"floor":7.0,"key":"Orichalcum"},{"floor":8.0,"key":"FossilizedHelix"},{"floor":14.0,"key":"Turnip"},{"floor":22.0,"key":"Smiling Mask"},{"floor":24.0,"key":"Question Card"},{"floor":25.0,"key":"Mummified Hand"},{"floor":43.0,"key":"Bronze Scales"},{"floor":48.0,"key":"Anchor"}],"event_choices":[{"damage_healed":0.0,"max_hp_gain":0.0,"max_hp_loss":0.0,"gold_gain":0.0,"event_name":"Wheel of Change","player_choice":"Relic","floor":22.0,"gold_loss":0.0,"damage_taken":0.0},{"cards_removed":["bronze:OilSpill"],"damage_healed":0.0,"max_hp_gain":0.0,"max_hp_loss":0.0,"gold_gain":0.0,"event_name":"Falling","player_choice":"Removed Attack","floor":39.0,"gold_loss":0.0,"damage_taken":0.0}],"is_beta":false,"boss_relics":[{"not_picked":["Velvet Choker","Philosopher\u0027s Stone"],"picked":"bronze:MakeshiftBattery"},{"not_picked":["Cursed Key","Coffee Dripper"],"picked":"bronze:PlatinumCore"}],"items_purged_floors":[5,20,38,45],"is_endless":false,"potions_floor_spawned":[2,9,14,15,16,21,25,27,28,33,36,47,48],"ascension_level":1}}