{"host":"qy6st0zp32tctd9l","time":1611476965,"event":{"mods":["BaseMod","Colored Map","Downfall","GifTheSpireLib","Hermit","Marisa£®ÏF”Í°°ƒß¿Ì…≥£©","Minty Spire (QoL Compilation)","Remilia£®¿Ÿ√◊¿Ú—«£©","StSLib","The Cursed","The Servant 0.9.4","UnlockEverythingMod"],"gold_per_floor":[111,36,54,54,54,54,384,384,464,496,506,20,48,64,64,159,159,173,193,19,34,47,47,47,47],"floor_reached":24,"language":"ZHS","playtime":1070,"items_purged":["Strike_S","Strike_S","TrueSight"],"score":379,"play_id":"4d836dcb-ae4f-4b6c-873d-7689b72f55ed","local_time":"20210124162925","is_ascension_mode":true,"campfire_choices":[{"data":"KidneyShot","floor":6.0,"key":"SMITH"},{"floor":8.0,"key":"RECALL"},{"data":"TimeTheft","floor":15.0,"key":"SMITH"},{"data":"MurderousAura","floor":23,"key":"SMITH"}],"circlet_count":0,"master_deck":["KidneyShot+1","Exchange","Potential","SilverBlades+1","Barrier","TimeTheft+1","Revamp","Snipe","BottledTime","Duplication","Comet","TrueSight","SoulSculpture","StarChef","Deny","Potential","Misdirection","Read+1","BottledTime","BottledTime+1","MurderousAura+1"],"relics":["Uniform","NeowsBlessing","Old Coin","HornCleat","Centennial Puzzle","Sundial","Omamori","Pandora\u0027s Box"],"acts_visited":["Exordium","TheCity"],"potions_floor_usage":[21,22,24],"damage_taken":[{"damage":0.0,"enemies":"Cultist","floor":1.0,"turns":1.0},{"damage":0.0,"enemies":"2 Louse","floor":3.0,"turns":2.0},{"damage":0.0,"enemies":"Gremlin Nob","floor":7.0,"turns":1.0},{"damage":11.0,"enemies":"3 Sentries","floor":10.0,"turns":10.0},{"damage":0.0,"enemies":"Small Slimes","floor":11.0,"turns":4.0},{"damage":0.0,"enemies":"Lagavulin","floor":13.0,"turns":8.0},{"damage":9.0,"enemies":"3 Louse","floor":14.0,"turns":4.0},{"damage":0.0,"enemies":"Hexaghost","floor":16.0,"turns":8.0},{"damage":3,"enemies":"Shell Parasite","floor":18,"turns":3},{"damage":12,"enemies":"3 Byrds","floor":19,"turns":6},{"damage":11,"enemies":"Shelled Parasite and Fungi","floor":21,"turns":4},{"damage":23,"enemies":"Centurion and Healer","floor":22,"turns":4},{"damage":25,"enemies":"Slavers","floor":24,"turns":3}],"seed_played":"7448812192819025564","potions_obtained":[{"floor":7.0,"key":"Fire Potion"},{"floor":11.0,"key":"Regen Potion"},{"floor":14.0,"key":"DuplicationPotion"}],"is_trial":false,"path_per_floor":["M","$","M","$","?","R","E","R","T","E","M","$","E","M","R","B",null,"M","M","$","M","M","R","E"],"character_chosen":"THE_SERVANT","items_purchased":["Snipe","Sundial","BottledTime","BottledTime"],"campfire_rested":0,"item_purchase_floors":[12,12,12,20],"current_hp_per_floor":[65,65,65,65,65,65,65,65,65,54,54,54,54,45,45,45,65,62,50,50,39,28,28,3,3],"gold":47,"neow_bonus":"THREE_ENEMY_KILL","is_daily":false,"chose_seed":false,"campfire_upgraded":3,"win_rate":0.0,"timestamp":1611476965,"path_taken":["M","$","M","?","?","R","E","R","T","E","M","$","E","M","R","BOSS","M","M","$","M","M","R","E"],"items_purchased_type":["Card","Relic","Card","Card"],"build_version":"2020-12-22","purchased_purges":3,"victory":false,"max_hp_per_floor":[65,65,65,65,65,65,65,65,65,65,65,65,65,65,65,65,65,65,65,65,65,65,65,65,65],"card_choices":[{"not_picked":["Defy","TimeWarp"],"picked":"Potential","floor":1.0},{"not_picked":["InstantArmor","BottledTime"],"picked":"SilverBlades","floor":3.0},{"not_picked":["Replace","Read"],"picked":"Barrier","floor":7.0},{"not_picked":["SurpressingFire","TimeWarp"],"picked":"TimeTheft","floor":10.0},{"not_picked":["Shuttle","Potential"],"picked":"Revamp","floor":11.0},{"not_picked":["Starlight","Defy"],"picked":"Duplication","floor":13.0},{"not_picked":["Spin","Snipe"],"picked":"Comet","floor":14.0},{"not_picked":["Deny","Duplication"],"picked":"TrueSight","floor":16.0},{"not_picked":["DoubleEdge","Spin"],"picked":"Read+1","floor":18},{"not_picked":["Revamp+1","Ricochet+1","Potential"],"picked":"SKIP","floor":19},{"not_picked":["DoubleEdge","BestPractice"],"picked":"BottledTime+1","floor":21},{"not_picked":["ShatteredReality","TimeTheft+1"],"picked":"MurderousAura","floor":22}],"player_experience":171673,"relics_obtained":[{"floor":7.0,"key":"Old Coin"},{"floor":9.0,"key":"HornCleat"},{"floor":10.0,"key":"Centennial Puzzle"},{"floor":13.0,"key":"Omamori"}],"event_choices":[{"damage_healed":0.0,"max_hp_gain":0.0,"max_hp_loss":0.0,"gold_gain":0.0,"event_name":"Upgrade Shrine","player_choice":"Upgraded","floor":5.0,"gold_loss":0.0,"damage_taken":0.0,"cards_upgraded":["SilverBlades"]}],"is_beta":false,"boss_relics":[{"not_picked":["SacredBark","Black Star"],"picked":"Pandora\u0027s Box"}],"items_purged_floors":[2,12,20],"is_endless":false,"potions_floor_spawned":[7,11,14,18],"killed_by":"Slavers","ascension_level":4}}