{"host":"kh6fvhxn285ncg0o","time":1611526286,"event":{"mods":["Act Like it!","BaseMod","Colored Map","Friendly Minions","Keyboard Shortcuts","Minty Spire (QoL Compilation)","Quick Restart","Relic Stats","StSLib","SuperFastMode","UnlockEverythingMod"],"gold_per_floor":[112,127,198,214,214,214,232,75,121,46,59,76,101,112,112,191,191,210,210,210,225,238,238,264,264,288,298,333,346,246,276,276,359,359,372,399,433,447,447,447,447],"floor_reached":40,"language":"KOR","playtime":1116,"items_purged":["Strike_R","Strike_R"],"score":900,"play_id":"9d588d86-09e4-440e-93a3-a6f46a5dda70","local_time":"20210125071126","is_ascension_mode":true,"campfire_choices":[{"data":"Bash","floor":6.0,"key":"SMITH"},{"data":"Dual Wield","floor":15.0,"key":"SMITH"},{"data":"Battle Trance","floor":23.0,"key":"SMITH"},{"data":"Disarm","floor":25.0,"key":"SMITH"},{"data":"Shrug It Off","floor":32.0,"key":"SMITH"}],"circlet_count":0,"master_deck":["AscendersBane","Strike_R","Defend_R","Defend_R","Defend_R","Defend_R","Bash+1","Shrug It Off+1","Dropkick","Disarm+1","Battle Trance+1","Dual Wield+1","Fiend Fire+1","Sever Soul+1","Clash+1","Thunderclap+1","Dropkick+1","Feed+1","Burning Pact","Intimidate"],"relics":["Burning Blood","NeowsBlessing","Eternal Feather","Akabeko","Pen Nib","Molten Egg 2","Sozu","Anchor","Bronze Scales","Singing Bowl","CeramicFish","Philosopher\u0027s Stone","Peace Pipe"],"acts_visited":["TheCity","TheBeyond"],"potions_floor_usage":[],"damage_taken":[{"damage":0.0,"enemies":"Cultist","floor":1.0,"turns":1.0},{"damage":0.0,"enemies":"Jaw Worm","floor":2.0,"turns":1.0},{"damage":0.0,"enemies":"2 Louse","floor":4.0,"turns":1.0},{"damage":6.0,"enemies":"Red Slaver","floor":7.0,"turns":4.0},{"damage":19.0,"enemies":"Gremlin Gang","floor":11.0,"turns":4.0},{"damage":0.0,"enemies":"Large Slime","floor":12.0,"turns":6.0},{"damage":3.0,"enemies":"Gremlin Nob","floor":13.0,"turns":3.0},{"damage":0.0,"enemies":"Looter","floor":14.0,"turns":2.0},{"damage":27.0,"enemies":"The Guardian","floor":16.0,"turns":10.0},{"damage":22.0,"enemies":"Shell Parasite","floor":18.0,"turns":3.0},{"damage":0.0,"enemies":"Chosen","floor":21.0,"turns":2.0},{"damage":23.0,"enemies":"Centurion and Healer","floor":22.0,"turns":3.0},{"damage":16.0,"enemies":"Book of Stabbing","floor":24.0,"turns":4.0},{"damage":0.0,"enemies":"Snecko","floor":27.0,"turns":2.0},{"damage":2.0,"enemies":"Slavers","floor":28.0,"turns":2.0},{"damage":9.0,"enemies":"Shelled Parasite and Fungi","floor":29.0,"turns":2.0},{"damage":13.0,"enemies":"Book of Stabbing","floor":31.0,"turns":3.0},{"damage":35.0,"enemies":"Collector","floor":33.0,"turns":4.0},{"damage":27.0,"enemies":"3 Darklings","floor":35.0,"turns":4.0},{"damage":1.0,"enemies":"3 Shapes","floor":36.0,"turns":4.0},{"damage":15.0,"enemies":"Mind Bloom Boss Battle","floor":37.0,"turns":5.0},{"damage":24,"enemies":"Spire Growth","floor":38,"turns":3},{"damage":81,"enemies":"Nemesis","floor":40,"turns":6}],"seed_played":"8471853677775143182","potions_obtained":[{"floor":1.0,"key":"DuplicationPotion"},{"floor":7.0,"key":"DistilledChaos"},{"floor":11.0,"key":"SteroidPotion"},{"floor":13.0,"key":"FairyPotion"},{"floor":14.0,"key":"Fruit Juice"}],"is_trial":false,"path_per_floor":["M","M","T","M","?","R","M","$","T","$","M","M","E","M","R","B",null,"M","?","?","M","M","R","E","R","T","M","E","M","$","E","R","B",null,"M","M","?","M","?","E"],"character_chosen":"IRONCLAD","items_purchased":["Akabeko"],"campfire_rested":0,"item_purchase_floors":[8],"current_hp_per_floor":[74,75,75,75,75,75,75,75,75,75,62,68,71,75,75,54,70,54,54,75,75,58,67,57,66,66,72,77,76,76,71,80,51,74,59,68,63,47,47,0,0],"gold":447,"neow_bonus":"THREE_ENEMY_KILL","is_daily":false,"chose_seed":false,"campfire_upgraded":5,"win_rate":0.0,"timestamp":1611526286,"path_taken":["M","?","?","?","?","R","M","$","T","?","?","M","E","M","R","BOSS","M","?","?","?","M","R","E","R","T","M","E","M","$","E","R","BOSS","M","?","?","M","?","E"],"items_purchased_type":["Relic"],"build_version":"2020-12-22","purchased_purges":2,"victory":false,"max_hp_per_floor":[75,75,75,75,75,75,75,75,75,75,75,75,75,75,75,75,75,75,75,75,75,75,75,75,75,75,75,77,79,79,81,81,81,81,87,91,95,97,92,92,92],"relic_stats":{"Sozu":6,"Peace Pipe":0,"Singing Bowl":10,"counters":[23,79],"Bronze Scales":[96],"CeramicFish":27,"Eternal Feather":27,"Pen Nib":[20],"obtain_stats":[{"NeowsBlessing":0,"Singing Bowl":28,"CeramicFish":31,"Eternal Feather":3,"Pen Nib":9,"Burning Blood":0,"Akabeko":8,"Sozu":17,"Peace Pipe":37,"Anchor":24,"Bronze Scales":26,"Molten Egg 2":13,"Philosopher\u0027s Stone":34},{"NeowsBlessing":0,"Singing Bowl":15,"CeramicFish":17,"Eternal Feather":2,"Pen Nib":4,"Burning Blood":0,"Akabeko":4,"Sozu":9,"Peace Pipe":21,"Anchor":13,"Bronze Scales":13,"Molten Egg 2":7,"Philosopher\u0027s Stone":18},{"NeowsBlessing":0,"Singing Bowl":48,"CeramicFish":53,"Eternal Feather":2,"Pen Nib":7,"Burning Blood":0,"Akabeko":7,"Sozu":32,"Peace Pipe":70,"Anchor":44,"Bronze Scales":44,"Molten Egg 2":20,"Philosopher\u0027s Stone":57}],"Burning Blood":112},"card_choices":[{"not_picked":["Inflame","Headbutt"],"picked":"Shrug It Off","floor":1.0},{"not_picked":["Rage","Searing Blow"],"picked":"Dropkick","floor":4.0},{"not_picked":["Wild Strike","Entrench"],"picked":"Disarm","floor":7.0},{"not_picked":["Anger","Uppercut"],"picked":"Battle Trance","floor":11.0},{"not_picked":["Shrug It Off","Seeing Red"],"picked":"Dual Wield","floor":12.0},{"not_picked":["Heavy Blade+1","Anger+1","Flame Barrier"],"picked":"SKIP","floor":13.0},{"not_picked":["Rampage+1","Anger+1","Heavy Blade+1"],"picked":"SKIP","floor":14.0},{"not_picked":["Berserk","Feed+1"],"picked":"Fiend Fire+1","floor":16.0},{"not_picked":["Armaments","Sword Boomerang+1","Wild Strike+1"],"picked":"SKIP","floor":18.0},{"not_picked":["Twin Strike+1","Dropkick+1"],"picked":"Thunderclap+1","floor":21.0},{"not_picked":["Pommel Strike+1","Metallicize"],"picked":"Dropkick+1","floor":22.0},{"not_picked":["Headbutt+1","Armaments","Flex"],"picked":"SKIP","floor":24.0},{"not_picked":["Rupture","Intimidate","Whirlwind+1"],"picked":"SKIP","floor":27.0},{"not_picked":["Thunderclap+1","Sword Boomerang+1","Whirlwind+1"],"picked":"Singing Bowl","floor":28.0},{"not_picked":["Demon Form","Flame Barrier","Armaments"],"picked":"Singing Bowl","floor":29.0},{"not_picked":["Perfected Strike+1","Sword Boomerang+1","Clothesline+1"],"picked":"Singing Bowl","floor":31.0},{"not_picked":["Limit Break","Berserk"],"picked":"Feed+1","floor":33.0},{"not_picked":["Thunderclap+1","Anger+1","Hemokinesis+1"],"picked":"Singing Bowl","floor":35.0},{"not_picked":["Cleave+1","Sentinel"],"picked":"Burning Pact","floor":36.0},{"not_picked":["Armaments","Headbutt+1"],"picked":"Intimidate","floor":37},{"not_picked":["Twin Strike+1","Clash+1","Headbutt+1"],"picked":"Singing Bowl","floor":38}],"player_experience":1267235,"relics_obtained":[{"floor":3.0,"key":"Eternal Feather"},{"floor":9.0,"key":"Pen Nib"},{"floor":13.0,"key":"Molten Egg 2"},{"floor":24.0,"key":"Anchor"},{"floor":26.0,"key":"Bronze Scales"},{"floor":28.0,"key":"Singing Bowl"},{"floor":31.0,"key":"CeramicFish"},{"floor":37,"key":"Peace Pipe"}],"event_choices":[{"damage_healed":0.0,"max_hp_gain":0.0,"max_hp_loss":0.0,"gold_gain":0.0,"event_name":"Liars Game","player_choice":"Ignored","floor":5.0,"gold_loss":0.0,"damage_taken":0.0},{"damage_healed":0.0,"max_hp_gain":0.0,"max_hp_loss":0.0,"gold_gain":0.0,"cards_transformed":["Strike_R","Strike_R"],"event_name":"Drug Dealer","player_choice":"Became Test Subject","floor":19.0,"gold_loss":0.0,"damage_taken":0.0,"cards_obtained":["Sever Soul","Clash"]},{"damage_healed":21.0,"max_hp_gain":0.0,"max_hp_loss":0.0,"gold_gain":0.0,"event_name":"Wheel of Change","player_choice":"Full Heal","floor":20.0,"gold_loss":0.0,"damage_taken":0.0},{"damage_healed":0.0,"max_hp_gain":0.0,"max_hp_loss":0.0,"gold_gain":0.0,"event_name":"MindBloom","player_choice":"Fight","floor":37.0,"gold_loss":0.0,"damage_taken":0.0},{"damage_healed":0,"gold_gain":0,"player_choice":"Max HP","damage_taken":0,"max_hp_gain":0,"max_hp_loss":5,"event_name":"Winding Halls","floor":39,"gold_loss":0}],"is_beta":false,"boss_relics":[{"not_picked":["SlaversCollar","Runic Cube"],"picked":"Sozu"},{"not_picked":["Calling Bell","SacredBark"],"picked":"Philosopher\u0027s Stone"}],"items_purged_floors":[10,30],"is_endless":false,"potions_floor_spawned":[1,7,11,13,14,21,22,24,28,29,37,38],"killed_by":"Nemesis","ascension_level":20}}