{"host":"9896qb24z3tkrupy","time":1611501697,"event":{"mods":["BaseMod","Hermit","Minty Spire (QoL Compilation)","Replay The Spire","Robot Space Explorer","StSLib"],"gold_per_floor":[119,130,144,144,163,194,194,194,272,292,311,177,187,201,201,305,305,325,325,249,301,301,301,318,318,318,346,286,286,286,297,297,399,399,409,409,409,427,427,427,442,39,89,36,36,36,36,36,36,36],"floor_reached":51,"language":"ENG","playtime":2394,"items_purged":[],"score":838,"play_id":"390d02e9-604b-4a09-a7b1-c577a19c81d7","local_time":"20210124092137","daily_mods":["Allstar","Flight","Binary"],"is_ascension_mode":false,"campfire_choices":[{"floor":7,"key":"REST"},{"data":"hermit:Determination","floor":8,"key":"SMITH"},{"data":"hermit:ShadowCloak","floor":23,"key":"SMITH"},{"floor":25,"key":"REST"},{"floor":32,"key":"REST"},{"floor":40,"key":"REST"},{"floor":47,"key":"REST"},{"data":"hermit:Grudge","floor":49,"key":"SMITH"}],"circlet_count":0,"master_deck":["hermit:Strike_Hermit","hermit:Strike_Hermit","hermit:Strike_Hermit","hermit:Strike_Hermit","hermit:Defend_Hermit","hermit:Defend_Hermit","hermit:Defend_Hermit","hermit:Defend_Hermit","hermit:Snapshot","hermit:Covet","Panacea","Dark Shackles","Replay:Sssssssssshield","Secret Weapon","ReplayTheSpireMod:Necrogeddon","hermit:Grudge+1","hermit:Headshot","hermit:Combo+1","Regret","hermit:Quickdraw","hermit:Determination+1","hermit:BigShot","hermit:Snipe","hermit:Misfire","Dramatic Entrance","hermit:LowProfile","hermit:EyeOfTheStorm","hermit:TrackingShot","hermit:HeroicBravado","Pain","hermit:ShadowCloak+1","hermit:Vantage","hermit:TrackingShot+1","hermit:FlashPowder+1","hermit:Feint+1","hermit:BodyArmor+1","hermit:FromBeyond+1","CurseOfTheBell","hermit:BodyArmor+1","Writhe","Decay","hermit:Vantage+1","hermit:Misfire+1","hermit:ShadowCloak+1","hermit:Manifest+1","hermit:Spite+1","hermit:Spite+1","hermit:Dive+1","Writhe","hermit:Feint+1"],"relics":["hermit:ClaspedLocket","Replay:Towering Pillar of Hats","Dream Catcher","Mummified Hand","WarpedTongs","Replay:Mystery Machine","Toxic Egg 2","Shuriken","Calling Bell","Simple Rune","Golden Egg","Torii","ReplayTheSpireMod:Shallot","DollysMirror","Replay:Rubber Ducky","Strawberry","ReplayTheSpireMod:Ring of Exchange","Ring of Chaos"],"acts_visited":["Exordium","TheCity","TheBeyond"],"potions_floor_usage":[6,13,27,27,33,33,38],"damage_taken":[{"damage":1,"enemies":"Cultist","floor":1,"turns":5},{"damage":3,"enemies":"Small Slimes","floor":2,"turns":2},{"damage":6,"enemies":"Jaw Worm","floor":3,"turns":2},{"damage":4,"enemies":"2 Fungi Beasts","floor":5,"turns":3},{"damage":21,"enemies":"3 Sentries","floor":6,"turns":8},{"damage":1,"enemies":"Blue Slaver","floor":10,"turns":4},{"damage":5,"enemies":"Looter","floor":11,"turns":3},{"damage":0,"enemies":"Large Slime","floor":13,"turns":4},{"damage":4,"enemies":"2 Fungi Beasts","floor":14,"turns":2},{"damage":10,"enemies":"Slime Boss","floor":16,"turns":9},{"damage":6,"enemies":"Chosen","floor":18,"turns":4},{"damage":19,"enemies":"Shell Parasite","floor":24,"turns":6},{"damage":33,"enemies":"Book of Stabbing","floor":27,"turns":6},{"damage":12,"enemies":"Snecko","floor":31,"turns":7},{"damage":32,"enemies":"Pondfish","floor":33,"turns":13},{"damage":0,"enemies":"3 Shapes","floor":35,"turns":4},{"damage":13,"enemies":"Orb Walker","floor":38,"turns":3},{"damage":31,"enemies":"Jaw Worm Horde","floor":41,"turns":6},{"damage":24,"enemies":"Replay:Hell Engine","floor":50,"turns":21}],"seed_played":"4170019500467059235","potions_obtained":[{"floor":2,"key":"LifebloodPotion"},{"floor":5,"key":"Adrenaline Potion"},{"floor":10,"key":"LiquidMemories"},{"floor":14,"key":"Venom Potion"},{"floor":16,"key":"BlessingOfTheForge"},{"floor":27,"key":"LiquidMemories"},{"floor":31,"key":"FearPotion"},{"floor":33,"key":"Block Potion"}],"is_trial":true,"path_per_floor":["M","M","M","?","M","E","R","R","T","M","M","$","M","M","R","B",null,"M","?","$","T","?","R","M","R","T","E","?","?","?","M","R","B",null,"M","?","?","M","T","R","M","$","T","$","?","$","R","?","R","B",null],"character_chosen":"HERMIT","items_purchased":["hermit:Misfire","Dramatic Entrance","hermit:ShadowCloak","DollysMirror","hermit:Manifest+1","Replay:Rubber Ducky","hermit:Spite","hermit:Dive+1"],"campfire_rested":5,"item_purchase_floors":[12,12,20,42,42,42,42,44],"current_hp_per_floor":[74,71,65,65,61,40,62,62,62,61,56,56,56,52,74,64,75,69,69,69,69,69,69,54,75,75,42,42,67,53,45,69,46,80,80,80,80,68,68,80,53,53,60,60,60,60,86,86,86,72],"gold":36,"neow_bonus":"","is_daily":false,"chose_seed":false,"campfire_upgraded":3,"win_rate":0.0,"timestamp":1611501697,"path_taken":["M","M","M","?","M","E","R","R","T","M","M","$","M","M","R","BOSS","M","?","$","?","?","R","?","R","T","E","?","?","?","M","R","BOSS","M","?","?","?","?","R","M","$","T","?","?","?","R","?","R","BOSS"],"items_purchased_type":["Card","Card","Card","Relic","Card","Relic","Card","Card"],"build_version":"2020-12-22","purchased_purges":0,"victory":true,"max_hp_per_floor":[75,75,75,75,75,75,75,75,75,75,75,75,75,75,75,75,75,75,75,75,75,75,75,75,75,75,75,75,75,80,80,80,80,80,80,80,80,80,80,80,80,80,87,87,87,87,87,87,87,87],"card_choices":[{"not_picked":["hermit:Misfire"],"picked":"hermit:Grudge","floor":1},{"not_picked":["hermit:Vantage"],"picked":"hermit:Headshot","floor":2},{"not_picked":["hermit:Desperado"],"picked":"hermit:Combo","floor":3},{"not_picked":["hermit:GoldenBullet"],"picked":"hermit:Quickdraw","floor":5},{"not_picked":["hermit:HeroicBravado"],"picked":"hermit:Determination","floor":6},{"not_picked":["hermit:Brawl"],"picked":"hermit:BigShot","floor":7},{"not_picked":["hermit:Determination"],"picked":"hermit:Snipe","floor":10},{"not_picked":["hermit:HoleUp","hermit:CursedWeapon"],"picked":"SKIP","floor":11},{"not_picked":["hermit:LuckOfTheDraw"],"picked":"hermit:LowProfile","floor":13},{"not_picked":["hermit:Quickdraw"],"picked":"hermit:EyeOfTheStorm","floor":14},{"not_picked":["hermit:Snipe"],"picked":"hermit:TrackingShot","floor":15},{"not_picked":["hermit:OverwhelmingPower"],"picked":"hermit:HeroicBravado","floor":16},{"not_picked":["hermit:Virtue"],"picked":"hermit:Manifest","floor":18},{"not_picked":["hermit:Dive"],"picked":"hermit:Vantage","floor":24},{"not_picked":["hermit:Enervate"],"picked":"hermit:TrackingShot+1","floor":25},{"not_picked":["hermit:NoHoldsBarred"],"picked":"hermit:FlashPowder+1","floor":27},{"not_picked":["hermit:CalledShot"],"picked":"hermit:Feint+1","floor":31},{"not_picked":["hermit:Desperado+1"],"picked":"hermit:BodyArmor+1","floor":32},{"not_picked":["hermit:HeroicBravado+1"],"picked":"hermit:FromBeyond+1","floor":33},{"not_picked":["hermit:Ricochet+1"],"picked":"hermit:BodyArmor+1","floor":35},{"not_picked":["hermit:Snipe+1","hermit:Adapt"],"picked":"SKIP","floor":38},{"not_picked":["hermit:TakeCover+1"],"picked":"hermit:Vantage+1","floor":40},{"not_picked":["hermit:LowProfile+1"],"picked":"hermit:Misfire+1","floor":41},{"not_picked":["hermit:Coalescence+1"],"picked":"hermit:Feint+1","floor":47}],"player_experience":901257,"relics_obtained":[{"floor":6,"key":"Dream Catcher"},{"floor":9,"key":"Mummified Hand"},{"floor":21,"key":"Replay:Mystery Machine"},{"floor":26,"key":"Toxic Egg 2"},{"floor":27,"key":"Shuriken"},{"floor":34,"key":"Simple Rune"},{"floor":34,"key":"Golden Egg"},{"floor":34,"key":"Torii"},{"floor":39,"key":"ReplayTheSpireMod:Shallot"},{"floor":43,"key":"Strawberry"},{"floor":45,"key":"ReplayTheSpireMod:Ring of Exchange"},{"floor":45,"key":"Ring of Chaos"}],"event_choices":[{"damage_healed":0,"gold_gain":0,"player_choice":"Box","damage_taken":0,"relics_obtained":["Replay:Towering Pillar of Hats"],"max_hp_gain":0,"max_hp_loss":0,"event_name":"Big Fish","floor":4,"gold_loss":0,"cards_obtained":["Regret"]},{"damage_healed":0,"gold_gain":0,"player_choice":"Rummage","damage_taken":0,"relics_obtained":["WarpedTongs"],"max_hp_gain":0,"max_hp_loss":0,"event_name":"Accursed Blacksmith","floor":19,"gold_loss":0,"cards_obtained":["Pain"]},{"damage_healed":0,"gold_gain":0,"player_choice":"Ignored","damage_taken":0,"max_hp_gain":0,"max_hp_loss":0,"event_name":"Purifier","floor":22,"gold_loss":0},{"damage_healed":25,"gold_gain":0,"player_choice":"Heal","damage_taken":0,"max_hp_gain":0,"max_hp_loss":0,"event_name":"The Library","floor":29,"gold_loss":0},{"damage_healed":0,"gold_gain":0,"player_choice":"Shed Blood","damage_taken":19,"max_hp_gain":5,"max_hp_loss":0,"event_name":"Forgotten Altar","floor":30,"gold_loss":0},{"damage_healed":20,"gold_gain":0,"player_choice":"Writhe","damage_taken":0,"max_hp_gain":0,"max_hp_loss":0,"event_name":"Winding Halls","floor":36,"gold_loss":0,"cards_obtained":["Writhe"]},{"damage_healed":0,"gold_gain":0,"player_choice":"Cursed","damage_taken":0,"max_hp_gain":0,"max_hp_loss":0,"event_name":"Wheel of Change","floor":37,"gold_loss":0,"cards_obtained":["Decay"]},{"cards_removed":["hermit:Manifest"],"damage_healed":0,"gold_gain":0,"player_choice":"Removed Skill","damage_taken":0,"max_hp_gain":0,"max_hp_loss":0,"event_name":"Falling","floor":48,"gold_loss":0}],"is_beta":false,"boss_relics":[{"not_picked":["Snecko Eye","Abe\u0027s Treasure"],"picked":"hermit:ClaspedLocket"},{"not_picked":["hermit:BartenderGlass","Replay:Grab Bag"],"picked":"Calling Bell"}],"items_purged_floors":[],"is_endless":false,"potions_floor_spawned":[2,5,10,14,16,27,31,33],"ascension_level":0}}