{"host":"5dhwd44u3dydylwe","time":1611458086,"event":{"mods":["AchievementEnabler","BaseMod","BetterRewards","Dota2Spire","Hubris","Minty Spire (QoL Compilation)","Shop Mod","StSLib","Wandering Minibosses"],"gold_per_floor":[117,117,117,70,90,122,138,138,138,168,168,185,213,224,224,324,324,344,91,106,117,32,57,57,57,57,83,182,182,213,231,231,336,336,349,349,57,67,67,102,102,113,113,113,446,298,298,375,375,375,375,375,214,245,245],"floor_reached":56,"language":"ENG","playtime":1659,"items_purged":["Strike_R","Strike_R","Strike_R","Pain","Defend_R"],"score":2671,"play_id":"e7dd70fd-677c-4f01-a93a-b15073048ccf","local_time":"20210124111446","is_ascension_mode":true,"campfire_choices":[{"data":"Burning Pact","floor":8.0,"key":"SMITH"},{"data":"Bash","floor":15.0,"key":"SMITH"},{"data":"Whirlwind","floor":24.0,"key":"SMITH"},{"data":"Demon Form","floor":32.0,"key":"SMITH"},{"data":"Limit Break","floor":41,"key":"SMITH"},{"floor":44,"key":"RECALL"},{"data":"Limit Break","floor":49,"key":"SMITH"},{"data":"Feel No Pain","floor":52,"key":"SMITH"}],"circlet_count":0,"master_deck":["AscendersBane","Strike_R+1","Strike_R+1","Defend_R","Defend_R","Bash+1","Burning Pact+1","Shockwave+1","Shrug It Off","Double Tap","Feel No Pain+1","Sword Boomerang","Whirlwind+1","Demon Form+1","Limit Break+1","Limit Break+1"],"relics":["Burning Blood","InkBottle","Orichalcum","Chemical X","PreservedInsect","Dota2Spire:Dagon","hubris:SphereOfDissonance","Mango","hubris:Icosahedron","Nunchaku","Bag of Preparation","Kunai","hubris:Metronome","SacredBark","wanderingMiniBosses:ThiefScarf","hubris:IronBody","hubris:ChampionShield","Turnip","Pear","hubris:MedicalManual","WarpedTongs","Juzu Bracelet","Dota2Spire:Bloodstone","Dota2Spire:Desolator","Membership Card","Anchor","Bottled Tornado","Dota2Spire:BlackKingBar","Old Coin","Medical Kit","hubris:Towel","Ornamental Fan","Whetstone","Strawberry"],"acts_visited":["Exordium","TheCity","TheBeyond","TheEnding"],"potions_floor_usage":[55],"damage_taken":[{"damage":0.0,"enemies":"2 Louse","floor":1.0,"turns":2.0},{"damage":0.0,"enemies":"Jaw Worm","floor":5.0,"turns":1.0},{"damage":0.0,"enemies":"3 Sentries","floor":6.0,"turns":5.0},{"damage":6.0,"enemies":"Small Slimes","floor":7.0,"turns":4.0},{"damage":0.0,"enemies":"Lagavulin","floor":10.0,"turns":2.0},{"damage":3.0,"enemies":"Blue Slaver","floor":12.0,"turns":2.0},{"damage":7.0,"enemies":"3 Sentries","floor":13.0,"turns":5.0},{"damage":0.0,"enemies":"Large Slime","floor":14.0,"turns":1.0},{"damage":0.0,"enemies":"Slime Boss","floor":16.0,"turns":4.0},{"damage":9.0,"enemies":"2 Thieves","floor":18.0,"turns":6.0},{"damage":0.0,"enemies":"Shell Parasite","floor":20.0,"turns":1.0},{"damage":2.0,"enemies":"Cultist and Chosen","floor":21.0,"turns":5.0},{"damage":1.0,"enemies":"Slavers","floor":23.0,"turns":5.0},{"damage":0.0,"enemies":"Gremlin Leader","floor":27.0,"turns":3.0},{"damage":3.0,"enemies":"Book of Stabbing","floor":30.0,"turns":1.0},{"damage":1.0,"enemies":"Snake Plant","floor":31.0,"turns":1.0},{"damage":14.0,"enemies":"Champ","floor":33.0,"turns":4.0},{"damage":32.0,"enemies":"3 Shapes","floor":35.0,"turns":1.0},{"damage":0,"enemies":"Orb Walker","floor":38,"turns":1},{"damage":5,"enemies":"Giant Head","floor":40,"turns":5},{"damage":2,"enemies":"Maw","floor":42,"turns":5},{"damage":19,"enemies":"Reptomancer","floor":45,"turns":3},{"damage":24,"enemies":"Time Eater","floor":50,"turns":5},{"damage":30,"enemies":"Shield and Spear","floor":54,"turns":4},{"damage":37,"enemies":"The Heart","floor":55,"turns":5}],"seed_played":"2594163334541446386","potions_obtained":[{"floor":5.0,"key":"Ancient Potion"},{"floor":14.0,"key":"DuplicationPotion"},{"floor":20.0,"key":"EssenceOfSteel"},{"floor":30.0,"key":"Fruit Juice"},{"floor":40,"key":"AttackPotion"},{"floor":54,"key":"DuplicationPotion"}],"is_trial":false,"path_per_floor":["M","?","?","$","M","E","M","R","T","E","T","M","E","M","R","B",null,"M","$","M","M","?","E","R","?","T","E","?","?","E","M","R","B",null,"M","T","$","M","?","E","R","M","T","R","E","$","?","T","R","B",null,"R","$","E","B",null],"character_chosen":"IRONCLAD","items_purchased":["InkBottle","Orichalcum","Burning Pact","Chemical X","PreservedInsect","Dota2Spire:Dagon","Shockwave","hubris:SphereOfDissonance","Mango","Shrug It Off","hubris:IronBody","Membership Card","Anchor","Medical Kit","Whetstone"],"campfire_rested":0,"item_purchase_floors":[0,0,0,0,0,0,0,0,0,4,19,37,37,46,53],"current_hp_per_floor":[44,44,44,44,50,56,56,56,56,62,62,65,64,70,70,76,90,87,87,93,94,94,94,94,94,104,104,104,104,114,114,114,106,112,86,89,89,95,98,99,99,103,103,103,90,90,93,96,96,78,105,105,105,88,57],"gold":245,"neow_bonus":"","is_daily":false,"chose_seed":false,"campfire_upgraded":7,"win_rate":0.0,"timestamp":1611458086,"path_taken":["M","?","?","?","M","E","M","R","T","E","?","M","E","M","R","BOSS","M","$","M","M","?","E","R","?","T","E","?","?","E","M","R","BOSS","M","?","$","M","?","E","R","M","T","R","E","$","?","?","R","BOSS","R","$","E","BOSS"],"items_purchased_type":["Relic","Relic","Card","Relic","Relic","Relic","Card","Relic","Relic","Card","Relic","Relic","Relic","Relic","Relic"],"build_version":"2020-12-22","purchased_purges":5,"victory":true,"max_hp_per_floor":[94,94,94,94,94,94,94,94,94,94,94,94,94,94,94,94,94,94,94,94,94,94,94,94,94,104,104,104,104,114,114,114,114,114,114,114,114,114,114,114,114,114,114,114,114,114,114,114,114,114,114,114,114,121,121],"card_choices":[{"not_picked":["Heavy Blade","Wild Strike","Body Slam"],"picked":"SKIP","floor":1.0},{"not_picked":["Spot Weakness","Warcry","Sword Boomerang"],"picked":"SKIP","floor":5.0},{"not_picked":["Anger","Combust","Pommel Strike"],"picked":"SKIP","floor":6.0},{"not_picked":["Dropkick","Heavy Blade","Thunderclap"],"picked":"SKIP","floor":7.0},{"not_picked":["Headbutt","Entrench","Iron Wave"],"picked":"SKIP","floor":10.0},{"not_picked":["Headbutt","Flex","Rampage"],"picked":"SKIP","floor":12.0},{"not_picked":["Sentinel","Combust","Exhume"],"picked":"SKIP","floor":13.0},{"not_picked":["Hemokinesis","Warcry","Perfected Strike"],"picked":"SKIP","floor":14.0},{"not_picked":["Fiend Fire","Impervious"],"picked":"Double Tap","floor":16.0},{"not_picked":["Havoc","Flex","Anger"],"picked":"SKIP","floor":18.0},{"not_picked":["Body Slam","Reckless Charge"],"picked":"Feel No Pain","floor":20.0},{"not_picked":["Thunderclap","Twin Strike"],"picked":"Sword Boomerang","floor":21.0},{"not_picked":["Burning Pact","Reaper"],"picked":"Whirlwind","floor":23.0},{"not_picked":["Armaments","Rage","Shrug It Off"],"picked":"SKIP","floor":27.0},{"not_picked":["Combust","Havoc","Wild Strike"],"picked":"SKIP","floor":30.0},{"not_picked":["Havoc","Armaments"],"picked":"Demon Form","floor":31.0},{"not_picked":["Exhume","Feed"],"picked":"Limit Break","floor":33.0},{"not_picked":["Thunderclap","Flex+1","Sword Boomerang"],"picked":"SKIP","floor":35.0},{"not_picked":["Clothesline","Perfected Strike","Feel No Pain"],"picked":"SKIP","floor":38},{"not_picked":["Sword Boomerang","Metallicize","Body Slam"],"picked":"SKIP","floor":40},{"not_picked":["Sentinel","Wild Strike+1","Cleave+1"],"picked":"SKIP","floor":42},{"not_picked":["Limit Break","True Grit","Thunderclap"],"picked":"SKIP","floor":45},{"not_picked":["True Grit","Thunderclap"],"picked":"Limit Break","floor":45},{"not_picked":["Inflame","Reaper","Entrench+1"],"picked":"SKIP","floor":54}],"player_experience":93639,"relics_obtained":[{"floor":6.0,"key":"Nunchaku"},{"floor":9.0,"key":"Bag of Preparation"},{"floor":10.0,"key":"Kunai"},{"floor":13.0,"key":"hubris:Metronome"},{"floor":18.0,"key":"wanderingMiniBosses:ThiefScarf"},{"floor":23.0,"key":"Turnip"},{"floor":26.0,"key":"Pear"},{"floor":27.0,"key":"hubris:MedicalManual"},{"floor":30.0,"key":"Juzu Bracelet"},{"floor":36.0,"key":"Dota2Spire:Desolator"},{"floor":40,"key":"Bottled Tornado"},{"floor":43,"key":"Dota2Spire:BlackKingBar"},{"floor":45,"key":"Old Coin"},{"floor":48,"key":"Ornamental Fan"},{"floor":54,"key":"Strawberry"}],"event_choices":[{"damage_healed":0.0,"max_hp_gain":0.0,"max_hp_loss":0.0,"gold_gain":0.0,"event_name":"Living Wall","player_choice":"Grow","floor":3.0,"gold_loss":0.0,"damage_taken":0.0,"cards_upgraded":["Shockwave"]},{"damage_healed":0.0,"max_hp_gain":0.0,"max_hp_loss":0.0,"gold_gain":0.0,"event_name":"Addict","player_choice":"Obtained Relic","floor":22.0,"gold_loss":85.0,"damage_taken":0.0,"relics_obtained":["hubris:ChampionShield"]},{"damage_healed":0.0,"max_hp_gain":0.0,"max_hp_loss":0.0,"gold_gain":0.0,"event_name":"Ghosts","player_choice":"Ignored","floor":25.0,"gold_loss":0.0,"damage_taken":0.0},{"damage_healed":0.0,"max_hp_gain":0.0,"max_hp_loss":0.0,"gold_gain":99.0,"event_name":"Nest","player_choice":"Stole From Cult","floor":28.0,"gold_loss":0.0,"damage_taken":0.0},{"damage_healed":0.0,"max_hp_gain":0.0,"max_hp_loss":0.0,"gold_gain":0.0,"event_name":"Accursed Blacksmith","player_choice":"Rummage","floor":29.0,"gold_loss":0.0,"damage_taken":0.0,"relics_obtained":["WarpedTongs"],"cards_obtained":["Pain"]},{"cards_removed":["Defend_R"],"damage_healed":0,"gold_gain":0,"player_choice":"Removed Skill","damage_taken":0,"max_hp_gain":0,"max_hp_loss":0,"event_name":"Falling","floor":39,"gold_loss":0}],"is_beta":false,"boss_relics":[{"not_picked":["hubris:RunicObelisk","hubris:HollowSoul"],"picked":"SacredBark"},{"not_picked":["hubris:TerracottaHorce","hubris:ScarierMask"],"picked":"Dota2Spire:Bloodstone"}],"items_purged_floors":[0,0,37,46,53],"is_endless":false,"potions_floor_spawned":[5,12,14,20,27,30,40,42,45,54],"ascension_level":12}}