{"host":"ci7ivtocgfxh0ueo","time":1611462796,"event":{"mods":["BaseMod","GifTheSpireLib","Minty Spire (QoL Compilation)","StSLib"],"gold_per_floor":[119,119,119,130,146,146,146,165,240,205,205,237,237,161,161,234,234,247,247,247,3,19,19,19,44,44,57,57,57,67,14,14,14,14],"floor_reached":33,"language":"ZHT","playtime":727,"items_purged":[],"score":496,"play_id":"2616647e-b9b6-46bb-b6b9-9b64b00937c7","local_time":"20210124123316","is_ascension_mode":true,"campfire_choices":[{"data":"Bash","floor":6,"key":"SMITH"},{"data":"Infernal Blade","floor":11,"key":"SMITH"},{"floor":13,"key":"REST"},{"floor":15,"key":"REST"},{"floor":24,"key":"REST"},{"floor":29,"key":"REST"},{"floor":32,"key":"REST"}],"circlet_count":0,"master_deck":["AscendersBane","Strike_R","Strike_R","Strike_R","Strike_R+1","Strike_R","Defend_R","Defend_R","Defend_R","Defend_R","Bash+1","Heavy Blade+1","Warcry","Pommel Strike+1","Infernal Blade+1","Ghostly Armor","Spot Weakness","Reaper","Armaments","Warcry","Clash+1","Writhe","Headbutt+1"],"relics":["Burning Blood","NeowsBlessing","NlothsMask","Ancient Tea Set","SlaversCollar","Orichalcum","Molten Egg 2","Mummified Hand","Juzu Bracelet"],"acts_visited":["Exordium","TheCity"],"potions_floor_usage":[16,20,22,25,25,33],"damage_taken":[{"damage":0,"enemies":"Small Slimes","floor":1,"turns":1},{"damage":0,"enemies":"Jaw Worm","floor":4,"turns":1},{"damage":0,"enemies":"Cultist","floor":5,"turns":1},{"damage":16,"enemies":"Blue Slaver","floor":8,"turns":3},{"damage":67,"enemies":"Gremlin Nob","floor":12,"turns":5},{"damage":63,"enemies":"The Guardian","floor":16,"turns":13},{"damage":27,"enemies":"Spheric Guardian","floor":18,"turns":4},{"damage":0,"enemies":"Masked Bandits","floor":20,"turns":2},{"damage":34,"enemies":"Shell Parasite","floor":22,"turns":8},{"damage":35,"enemies":"Book of Stabbing","floor":25,"turns":5},{"damage":32,"enemies":"Snake Plant","floor":27,"turns":4},{"damage":33,"enemies":"3 Cultists","floor":30,"turns":5},{"damage":100,"enemies":"Automaton","floor":33,"turns":6}],"seed_played":"-1034786325245214598","potions_obtained":[{"floor":1,"key":"SpeedPotion"},{"floor":4,"key":"SmokeBomb"},{"floor":12,"key":"Regen Potion"},{"floor":18,"key":"HeartOfIron"},{"floor":22,"key":"Block Potion"}],"is_trial":false,"path_per_floor":["M","?","?","M","M","R","?","M","T","?","R","E","R","$","R","B",null,"M","?","?","$","M","?","R","E","T","M","?","R","M","$","R","B"],"character_chosen":"IRONCLAD","items_purchased":["Spot Weakness","Orichalcum","Regen Potion","SkillPotion"],"campfire_rested":5,"item_purchase_floors":[14,21,21,31],"current_hp_per_floor":[74,51,51,57,63,63,63,53,53,71,71,10,32,32,54,12,59,38,38,44,44,31,31,53,34,34,8,8,30,18,18,40,0,0],"gold":14,"neow_bonus":"THREE_ENEMY_KILL","is_daily":false,"chose_seed":false,"campfire_upgraded":2,"win_rate":0.0,"timestamp":1611462796,"path_taken":["M","?","?","?","M","R","?","M","T","?","R","E","R","?","R","BOSS","M","?","?","$","M","?","R","E","T","M","?","R","M","$","R","BOSS"],"items_purchased_type":["Card","Relic","Potion","Potion"],"build_version":"2020-12-22","purchased_purges":0,"victory":false,"max_hp_per_floor":[75,75,75,75,75,75,75,75,75,75,75,75,75,75,75,75,75,75,75,75,75,75,75,75,75,75,75,75,75,75,75,75,75,75],"card_choices":[{"not_picked":["Power Through","Anger"],"picked":"Heavy Blade","floor":1},{"not_picked":["Bloodletting","Sword Boomerang"],"picked":"Warcry","floor":4},{"not_picked":["Twin Strike","Flex"],"picked":"Pommel Strike","floor":5},{"not_picked":["Flex","Anger"],"picked":"Infernal Blade","floor":8},{"not_picked":["Juggernaut","Shockwave"],"picked":"Ghostly Armor","floor":12},{"not_picked":["Brutality","Double Tap"],"picked":"Reaper","floor":16},{"not_picked":["Thunderclap","Body Slam"],"picked":"Armaments","floor":18},{"not_picked":["True Grit","Perfected Strike","Evolve"],"picked":"SKIP","floor":22},{"not_picked":["Shrug It Off+1","True Grit"],"picked":"Warcry","floor":25},{"not_picked":["Twin Strike+1","Warcry"],"picked":"Clash+1","floor":27},{"not_picked":["Whirlwind+1","Body Slam+1"],"picked":"Headbutt+1","floor":30}],"player_experience":1356394,"relics_obtained":[{"floor":12,"key":"Ancient Tea Set"},{"floor":25,"key":"Molten Egg 2"},{"floor":26,"key":"Mummified Hand"}],"event_choices":[{"damage_healed":0,"gold_gain":0,"player_choice":"Entered Light","damage_taken":23,"max_hp_gain":0,"max_hp_loss":0,"event_name":"Shining Light","floor":2,"gold_loss":0,"cards_upgraded":["Heavy Blade","Strike_R"]},{"damage_healed":0,"gold_gain":0,"player_choice":"Trade","damage_taken":0,"relics_obtained":["NlothsMask"],"max_hp_gain":0,"max_hp_loss":0,"event_name":"FaceTrader","floor":3,"gold_loss":0},{"damage_healed":0,"gold_gain":0,"player_choice":"Grow","damage_taken":0,"max_hp_gain":0,"max_hp_loss":0,"event_name":"Living Wall","floor":7,"gold_loss":0,"cards_upgraded":["Pommel Strike"]},{"damage_healed":18,"gold_gain":0,"player_choice":"Healed","damage_taken":0,"max_hp_gain":0,"max_hp_loss":0,"event_name":"The Cleric","floor":10,"gold_loss":35},{"damage_healed":0,"gold_gain":0,"player_choice":"Ignored","damage_taken":0,"max_hp_gain":0,"max_hp_loss":0,"event_name":"Ghosts","floor":19,"gold_loss":0},{"damage_healed":0,"gold_gain":0,"player_choice":"Fought Bandits","damage_taken":0,"max_hp_gain":0,"max_hp_loss":0,"event_name":"Masked Bandits","floor":20,"gold_loss":0},{"damage_healed":0,"gold_gain":0,"player_choice":"Ignored","damage_taken":0,"max_hp_gain":0,"max_hp_loss":0,"event_name":"Cursed Tome","floor":23,"gold_loss":0},{"damage_healed":0,"gold_gain":0,"player_choice":"Opened","damage_taken":0,"relics_obtained":["Juzu Bracelet"],"max_hp_gain":0,"max_hp_loss":0,"event_name":"The Mausoleum","floor":28,"gold_loss":0,"cards_obtained":["Writhe"]}],"is_beta":false,"boss_relics":[{"not_picked":["Calling Bell","Cursed Key"],"picked":"SlaversCollar"}],"items_purged_floors":[],"is_endless":false,"potions_floor_spawned":[1,4,12,18,22],"killed_by":"Automaton","ascension_level":18}}