{"host":"8aoim7owc9xd4zca","time":1611510080,"event":{"mods":["AchievementEnabler","BaseMod","Better Altar","Better Match","Better Note","Better Sensory Stone","Better Skull","Better Third Choice","Colored Powertips","Downfall","Highlight Path","Minty Spire (QoL Compilation)","Permanent Neow","Quick Restart","RNG Fix","Rare Cards Sparkle","Replay The Spire","StSLib","SuperFastMode","The Disciple","The Jungle","The Runesmith"],"gold_per_floor":[114,114,114,114,127,157,157,182,182,217,217,217,234,262,262,262,262,364,364,380,393,122,135,135,135,161,178,204,204,204,204,235,253,253,356,356,372,372,387,387,126,158,158,158,183,197,197,217,252,269,366,366,366,366,97,124,124,124],"floor_reached":57,"language":"ENG","playtime":3320,"items_purged":["Overencumbered","Defend_R","downfall:Haunted"],"score":997,"play_id":"2135f15d-fccb-4d50-95da-59b7066b0990","local_time":"20210124094120","is_ascension_mode":true,"campfire_choices":[{"data":"Demon Form","floor":7.0,"key":"SMITH"},{"floor":17.0,"key":"REST"},{"floor":25.0,"key":"REST"},{"data":"Double Tap","floor":31.0,"key":"SMITH"},{"floor":34.0,"key":"DIG"},{"floor":43.0,"key":"RECALL"},{"data":"Heavy Blade","floor":47.0,"key":"SMITH"},{"data":"Secret Technique","floor":54,"key":"SMITH"}],"circlet_count":0,"master_deck":["Strike_R","Strike_R","Strike_R+1","Defend_R","Replay:Many Hands+1","Armaments","Violence","Spot Weakness+1","Demon Form+1","Infernal Blade","Flex","Intimidate","Rage","Brutality","ReplayReversal+1","Pommel Strike","Twin Strike","Headbutt","Double Tap+1","Seeing Red","Replay:Undeath\u0027s Touch","Replay:Undeath\u0027s Touch","Barricade","Anger","Shockwave+1","Demon Form+1","Inflame","Heavy Blade+1","Secret Technique+1","Twin Strike","downfall:Haunted","Sickly","Replay:Many Hands","Rupture+1","Flex+1","Rupture","Flex+1","Sword Boomerang+1","Replay:Undeath\u0027s Touch"],"relics":["Burning Blood","Thread and Needle","MealTicket","Replay:Bottled Eggs","Regal Pillow","Orichalcum","Kintsugi","Brimstone","ReplayFunnel","Red Skull","Mummified Hand","Replay:Towering Pillar of Hats","ReplayTheSpireMod:TigerMarble","Runic Cube","BargainBundle","Bottled Tornado","Du-Vu Doll","Replay:PocketPolymizer","Medical Kit","Bird Faced Urn"],"acts_visited":["Exordium","Exordium","TheBeyond","TheEnding"],"potions_floor_usage":[52,56,57],"damage_taken":[{"damage":1.0,"enemies":"Cultist","floor":1.0,"turns":3.0},{"damage":7.0,"enemies":"2 Louse","floor":5.0,"turns":3.0},{"damage":35.0,"enemies":"3 Sentries","floor":6.0,"turns":8.0},{"damage":4.0,"enemies":"Lagavulin","floor":8.0,"turns":7.0},{"damage":12.0,"enemies":"Gremlin Nob","floor":10.0,"turns":4.0},{"damage":7.0,"enemies":"Jaw Worm","floor":13.0,"turns":3.0},{"damage":14.0,"enemies":"Lagavulin","floor":14.0,"turns":5.0},{"damage":14.0,"enemies":"The Guardian","floor":18.0,"turns":8.0},{"damage":4.0,"enemies":"theJungle:MUSHROOMGANG","floor":20.0,"turns":4.0},{"damage":3.0,"enemies":"theJungle:GiantWrat","floor":21.0,"turns":4.0},{"damage":41.0,"enemies":"theJungle:JungleHuntersEncounter","floor":23.0,"turns":4.0},{"damage":1.0,"enemies":"theJungle:MamaSnecko","floor":26.0,"turns":4.0},{"damage":33.0,"enemies":"theJungle:2_Snecko_Cultists","floor":27.0,"turns":4.0},{"damage":19.0,"enemies":"theJungle:Cassacara","floor":32.0,"turns":3.0},{"damage":8.0,"enemies":"Snake Plant","floor":33.0,"turns":2.0},{"damage":2.0,"enemies":"theJungle:FunGuy","floor":35.0,"turns":3.0},{"damage":1.0,"enemies":"3 Darklings","floor":37.0,"turns":3.0},{"damage":0.0,"enemies":"3 Shapes","floor":39.0,"turns":3.0},{"damage":4.0,"enemies":"Giant Head","floor":42.0,"turns":3.0},{"damage":20.0,"enemies":"Writhing Mass","floor":46.0,"turns":3.0},{"damage":3.0,"enemies":"4 Shapes","floor":48.0,"turns":3.0},{"damage":0.0,"enemies":"R_Hoarder","floor":49.0,"turns":3.0},{"damage":11.0,"enemies":"Jaw Worm Horde","floor":50.0,"turns":3.0},{"damage":63,"enemies":"Time Eater","floor":52,"turns":7},{"damage":45,"enemies":"Shield and Spear","floor":56,"turns":3},{"damage":50,"enemies":"The Heart","floor":57,"turns":3}],"seed_played":"-3848487298575365345","potions_obtained":[{"floor":1.0,"key":"Block Potion"},{"floor":6.0,"key":"sneckomod:MuddlingPotion"},{"floor":13.0,"key":"LiquidBronze"},{"floor":18.0,"key":"Strength Potion"},{"floor":21.0,"key":"Energy Potion"},{"floor":23.0,"key":"PowerPotion"},{"floor":27.0,"key":"EssenceOfSteel"},{"floor":32.0,"key":"SneckoOil"},{"floor":37.0,"key":"Adrenaline Potion"},{"floor":39.0,"key":"sneckomod:MuddlingPotion"},{"floor":46.0,"key":"Energy Potion"},{"floor":49.0,"key":"Toxic Potion"},{"floor":56,"key":"Strength Potion"}],"is_trial":false,"path_per_floor":["M","?","?","$","M","E","R","E","T","E","PTL","PTL","M","E","?","?","R","B",null,"M","M","$","M","?","R","E","M","T","?","T","R","E","M","R","B",null,"M","?","M","?","$","E","R","?","T","M","R","M","E","M","R","B",null,"R","$","E","B"],"character_chosen":"IRONCLAD","items_purchased":["Brimstone","Twin Strike","BargainBundle","Inflame","Heavy Blade","Secret Technique","Energy Potion","Medical Kit"],"campfire_rested":2,"item_purchase_floors":[22,22,41,41,41,41,41,55],"current_hp_per_floor":[80,80,80,80,79,50,50,52,52,46,46,46,45,37,63,47,80,72,80,80,80,80,45,45,80,80,53,53,53,53,53,40,38,38,42,80,80,80,80,80,80,80,80,80,80,66,66,69,75,73,73,16,83,83,83,44,0,0],"gold":124,"neow_bonus":"ONE_RANDOM_RARE_CARD","is_daily":false,"chose_seed":false,"campfire_upgraded":4,"win_rate":0.0,"timestamp":1611510080,"path_taken":["M","?","?","$","M","E","R","E","T","E","PTL","PTL","M","E","?","?","R","BOSS","M","M","$","M","?","R","E","?","T","?","?","R","E","M","R","BOSS","M","?","M","?","$","E","R","?","T","M","R","M","E","?","R","BOSS","R","$","E","BOSS"],"items_purchased_type":["Relic","Card","Relic","Card","Card","Card","Potion","Relic"],"build_version":"2020-12-22","purchased_purges":3,"victory":false,"max_hp_per_floor":[80,80,80,80,80,80,80,80,80,80,80,80,80,80,80,80,80,80,80,80,80,80,80,80,80,80,80,80,80,80,80,80,80,80,80,80,80,80,80,80,80,80,80,80,80,80,80,80,80,83,83,83,83,83,83,83,83,83],"card_choices":[{"not_picked":["Replay:Undeath\u0027s Touch","Shrug It Off"],"picked":"Armaments","floor":1.0},{"not_picked":["Rampage","ReplayTheSpireMod:LeadingStrike"],"picked":"Spot Weakness","floor":5.0},{"not_picked":["Evolve","Thunderclap"],"picked":"Demon Form","floor":6.0},{"not_picked":["ReplayTheSpireMod:Stacked","Sentinel"],"picked":"Infernal Blade","floor":8.0},{"not_picked":["Rampage","Shrug It Off"],"picked":"Flex","floor":10.0},{"not_picked":["Run Through","Second Wind"],"picked":"Intimidate","floor":13.0},{"not_picked":["Feel No Pain","Flex"],"picked":"Rage","floor":14.0},{"not_picked":["Berserk","Feed"],"picked":"Brutality","floor":18.0},{"not_picked":["Wild Strike+1","Run Through+1"],"picked":"ReplayReversal+1","floor":20.0},{"not_picked":["Clothesline","Iron Wave"],"picked":"Pommel Strike","floor":21.0},{"not_picked":["Iron Wave","Evolve"],"picked":"Headbutt","floor":23.0},{"not_picked":["Infernal Blade","Twin Strike"],"picked":"Double Tap","floor":26.0},{"not_picked":["ReplayTheSpireMod:Strike From Hell","Pommel Strike"],"picked":"Seeing Red","floor":27.0},{"not_picked":["Armaments","Body Slam"],"picked":"Replay:Undeath\u0027s Touch","floor":32.0},{"not_picked":["Anger","Battle Trance"],"picked":"Replay:Undeath\u0027s Touch","floor":33.0},{"not_picked":["Eclipse","Immolate"],"picked":"Barricade","floor":35.0},{"not_picked":["ReplayTheSpireMod:Corrosion Curse","Life Link"],"picked":"Anger","floor":37.0},{"not_picked":["Perfected Strike+1","Carnage"],"picked":"Shockwave+1","floor":39.0},{"not_picked":["Perfected Strike+1","Wild Strike"],"picked":"Twin Strike","floor":42.0},{"not_picked":["Sword Boomerang+1","Perfected Strike+1"],"picked":"Rupture+1","floor":46.0},{"not_picked":["Body Slam+1","Thunderclap"],"picked":"Flex+1","floor":48.0},{"not_picked":["Battle Trance+1","Sever Soul+1"],"picked":"Rupture","floor":49.0},{"not_picked":["Cleave","Anger+1"],"picked":"Flex+1","floor":50.0},{"not_picked":["Perfected Strike","True Grit+1"],"picked":"Sword Boomerang+1","floor":51},{"not_picked":["Demonic Infusion","Iron Wave+1"],"picked":"Replay:Undeath\u0027s Touch","floor":56}],"player_experience":313109,"relics_obtained":[{"floor":6.0,"key":"Thread and Needle"},{"floor":8.0,"key":"MealTicket"},{"floor":9.0,"key":"Replay:Bottled Eggs"},{"floor":10.0,"key":"Regal Pillow"},{"floor":14.0,"key":"Orichalcum"},{"floor":26.0,"key":"ReplayFunnel"},{"floor":28.0,"key":"Red Skull"},{"floor":30.0,"key":"Mummified Hand"},{"floor":32.0,"key":"Replay:Towering Pillar of Hats"},{"floor":34.0,"key":"ReplayTheSpireMod:TigerMarble"},{"floor":42.0,"key":"Bottled Tornado"},{"floor":49.0,"key":"Replay:PocketPolymizer"},{"floor":56,"key":"Bird Faced Urn"}],"event_choices":[{"damage_healed":0.0,"max_hp_gain":0.0,"max_hp_loss":0.0,"gold_gain":1.0,"event_name":"betterStone:BetterStone","player_choice":"4","floor":2.0,"gold_loss":0.0,"damage_taken":0.0,"cards_obtained":["Violence"]},{"cards_removed":["Bash"],"damage_healed":0.0,"max_hp_gain":0.0,"max_hp_loss":0.0,"gold_gain":0.0,"event_name":"betterNote:BetterNote","player_choice":"Give","floor":3.0,"gold_loss":0.0,"damage_taken":0.0,"cards_obtained":["None"]},{"damage_healed":26.0,"max_hp_gain":0.0,"max_hp_loss":0.0,"gold_gain":0.0,"event_name":"Big Fish","player_choice":"Banana","floor":15.0,"gold_loss":0.0,"damage_taken":0.0},{"damage_healed":63.0,"max_hp_gain":0.0,"max_hp_loss":80.0,"gold_gain":0.0,"event_name":"betterThird:BetterShining","player_choice":"Upgrade","floor":16.0,"gold_loss":0.0,"damage_taken":16.0,"cards_upgraded":["Strike_R","Replay:Many Hands"]},{"cards_removed":["ReplayTheSpireMod:Doomed"],"damage_healed":0.0,"max_hp_gain":0.0,"max_hp_loss":0.0,"gold_gain":0.0,"event_name":"Purifier","player_choice":"Purged","floor":38.0,"gold_loss":0.0,"damage_taken":0.0},{"damage_healed":0.0,"max_hp_gain":0.0,"max_hp_loss":0.0,"gold_gain":0.0,"event_name":"Duplicator","player_choice":"Copied","floor":40.0,"gold_loss":0.0,"damage_taken":0.0,"cards_obtained":["Demon Form"]}],"is_beta":false,"boss_relics":[{"not_picked":["Runic Dome","SacredBark"],"picked":"Kintsugi"},{"not_picked":["Replay:Wanted Poster","Electric Blood"],"picked":"Runic Cube"}],"items_purged_floors":[22,41,55],"is_endless":false,"potions_floor_spawned":[1,6,13,18,21,23,27,32,37,39,46,49,56],"killed_by":"The Heart","ascension_level":1}}