{"host":"0vd2boh2oi7jm085","time":1611478572,"event":{"mods":["BaseMod","Colored Map","Colored Powertips","Highlight Path","Minty Spire (QoL Compilation)","Quick Restart","StSLib","The IronCluck"],"gold_per_floor":[109,109,109,109,109,109,28,28,52,69,96,108,108,108,108,203,203,203,203,42,42,42,42,42,42,42,42,42,42,42,42,42,42,42,42,42,42,42,42,42,42],"floor_reached":40,"language":"ENG","playtime":774,"items_purged":[],"score":811,"play_id":"3b3b9f12-8dd3-49ca-a781-01eebf57e5bd","local_time":"20210124005612","is_ascension_mode":true,"campfire_choices":[{"data":"Bash","floor":6.0,"key":"SMITH"},{"data":"Whirlwind","floor":8.0,"key":"SMITH"},{"floor":15.0,"key":"REST"},{"floor":23.0,"key":"REST"},{"floor":25.0,"key":"REST"},{"data":"Demon Form","floor":27.0,"key":"SMITH"},{"floor":32.0,"key":"REST"}],"circlet_count":0,"master_deck":["AscendersBane","Strike_R","Strike_R","Strike_R","Strike_R","Strike_R","Defend_R","Defend_R","Defend_R","Defend_R","Bash+1","Whirlwind+1","Pummel","Heavy Blade","Demon Form+1","Anger","Limit Break","Heavy Blade","Finesse"],"relics":["Burning Blood","NeowsBlessing","Pear","Blood Vial","Regal Pillow","Bag of Marbles","Ectoplasm","HandDrill","Pen Nib","Runic Pyramid","Potion Belt"],"acts_visited":["Exordium","TheCity","TheBeyond"],"potions_floor_usage":[40],"damage_taken":[{"damage":0.0,"enemies":"Jaw Worm","floor":1.0,"turns":1.0},{"damage":0.0,"enemies":"Small Slimes","floor":10.0,"turns":1.0},{"damage":0.0,"enemies":"Lagavulin","floor":11.0,"turns":1.0},{"damage":0.0,"enemies":"2 Louse","floor":12.0,"turns":1.0},{"damage":81.0,"enemies":"Hexaghost","floor":16.0,"turns":9.0},{"damage":40.0,"enemies":"Shell Parasite","floor":18.0,"turns":4.0},{"damage":0.0,"enemies":"3 Byrds","floor":19.0,"turns":4.0},{"damage":39.0,"enemies":"Centurion and Healer","floor":21.0,"turns":5.0},{"damage":43.0,"enemies":"Snake Plant","floor":29.0,"turns":3.0},{"damage":65.0,"enemies":"Shelled Parasite and Fungi","floor":30.0,"turns":4.0},{"damage":40.0,"enemies":"Collector","floor":33.0,"turns":6.0},{"damage":25.0,"enemies":"3 Darklings","floor":35.0,"turns":3.0},{"damage":23,"enemies":"Giant Head","floor":40,"turns":5}],"seed_played":"-8665420354976011229","potions_obtained":[{"floor":10.0,"key":"ColorlessPotion"},{"floor":16.0,"key":"AttackPotion"},{"floor":21.0,"key":"Swift Potion"},{"floor":28.0,"key":"PowerPotion"},{"floor":28.0,"key":"BloodPotion"},{"floor":30.0,"key":"BlessingOfTheForge"},{"floor":35.0,"key":"SpeedPotion"}],"is_trial":false,"path_per_floor":["M","?","T","?","?","R","$","R","T","M","E","M","?","?","R","B",null,"M","M","$","M","$","R","?","R","T","R","?","M","M","?","R","B",null,"M","?","?","?","T","E"],"character_chosen":"IRONCLAD","items_purchased":["Whirlwind","HandDrill"],"campfire_rested":4,"item_purchase_floors":[7,20],"current_hp_per_floor":[74,74,84,73,73,73,73,73,73,81,85,85,85,56,85,10,66,34,42,42,11,11,51,51,85,85,85,85,48,8,8,48,16,68,51,51,51,51,51,30,30],"gold":42,"neow_bonus":"THREE_ENEMY_KILL","is_daily":false,"chose_seed":false,"campfire_upgraded":3,"win_rate":0.0,"timestamp":1611478572,"path_taken":["M","?","?","?","?","R","?","R","T","?","E","M","?","?","R","BOSS","M","M","$","M","$","R","?","R","T","R","?","?","M","?","R","BOSS","M","?","?","?","?","E"],"items_purchased_type":["Card","Relic"],"build_version":"2020-12-22","purchased_purges":0,"victory":false,"max_hp_per_floor":[75,75,85,85,85,85,85,85,85,85,85,85,85,85,85,85,85,85,85,85,85,85,85,85,85,85,85,85,85,85,85,85,85,85,85,85,85,85,85,85,85],"card_choices":[{"not_picked":["Sword Boomerang","Clash","Rupture"],"picked":"SKIP","floor":1.0},{"not_picked":["Pommel Strike","Flex"],"picked":"Pummel","floor":10.0},{"not_picked":["Bloodletting","Sword Boomerang"],"picked":"Heavy Blade","floor":11.0},{"not_picked":["Shrug It Off","Infernal Blade","Hemokinesis"],"picked":"SKIP","floor":12.0},{"not_picked":["Bludgeon","Double Tap"],"picked":"Demon Form","floor":16.0},{"not_picked":["Clash+1","Reckless Charge"],"picked":"Inflame","floor":18.0},{"not_picked":["Dual Wield","True Grit","Iron Wave"],"picked":"SKIP","floor":19.0},{"not_picked":["Entrench","Flex"],"picked":"Anger","floor":21.0},{"not_picked":["Headbutt","Seeing Red"],"picked":"Limit Break","floor":29.0},{"not_picked":["Twin Strike","Iron Wave+1"],"picked":"Heavy Blade","floor":30.0},{"not_picked":["Clash","Rampage","Body Slam"],"picked":"SKIP","floor":35.0},{"not_picked":["Madness","Forethought"],"picked":"Finesse","floor":36.0}],"player_experience":111507,"relics_obtained":[{"floor":3.0,"key":"Pear"},{"floor":9.0,"key":"Regal Pillow"},{"floor":11.0,"key":"Bag of Marbles"},{"floor":26.0,"key":"Pen Nib"},{"floor":39.0,"key":"Potion Belt"}],"event_choices":[{"damage_healed":0.0,"max_hp_gain":0.0,"max_hp_loss":0.0,"gold_gain":0.0,"event_name":"Shining Light","player_choice":"Ignored","floor":2.0,"gold_loss":0.0,"damage_taken":0.0},{"damage_healed":0.0,"max_hp_gain":0.0,"max_hp_loss":0.0,"gold_gain":0.0,"event_name":"Scrap Ooze","player_choice":"Success","floor":4.0,"gold_loss":0.0,"damage_taken":11.0,"relics_obtained":["Blood Vial"]},{"damage_healed":0.0,"max_hp_gain":0.0,"max_hp_loss":0.0,"gold_gain":0.0,"event_name":"The Cleric","player_choice":"Leave","floor":5.0,"gold_loss":0.0,"damage_taken":0.0},{"damage_healed":0.0,"max_hp_gain":0.0,"max_hp_loss":0.0,"gold_gain":0.0,"event_name":"Dead Adventurer","player_choice":"Searched \u00270\u0027 times","floor":13.0,"gold_loss":0.0,"damage_taken":0.0},{"damage_healed":0.0,"max_hp_gain":0.0,"max_hp_loss":0.0,"gold_gain":0.0,"event_name":"Golden Idol","player_choice":"Take Damage","floor":14.0,"gold_loss":0.0,"damage_taken":29.0,"relics_obtained":["Golden Idol"]},{"damage_healed":0.0,"max_hp_gain":0.0,"max_hp_loss":0.0,"gold_gain":0.0,"event_name":"Vampires","player_choice":"Ignored","floor":24.0,"gold_loss":0.0,"damage_taken":0.0},{"damage_healed":0.0,"max_hp_gain":0.0,"max_hp_loss":0.0,"gold_gain":0.0,"event_name":"Lab","player_choice":"Got Potions","floor":28.0,"gold_loss":0.0,"damage_taken":0.0},{"damage_healed":0.0,"max_hp_gain":0.0,"max_hp_loss":0.0,"gold_gain":0.0,"event_name":"Ghosts","player_choice":"Ignored","floor":31.0,"gold_loss":0.0,"damage_taken":0.0},{"damage_healed":0.0,"max_hp_gain":0.0,"max_hp_loss":0.0,"gold_gain":0.0,"event_name":"SensoryStone","player_choice":"Memory 1","floor":36.0,"gold_loss":0.0,"damage_taken":0.0},{"cards_removed":["Inflame"],"damage_healed":0.0,"max_hp_gain":0.0,"max_hp_loss":0.0,"gold_gain":0.0,"event_name":"Falling","player_choice":"Removed Power","floor":37.0,"gold_loss":0.0,"damage_taken":0.0},{"damage_healed":0.0,"max_hp_gain":0.0,"max_hp_loss":0.0,"gold_gain":333.0,"event_name":"The Moai Head","player_choice":"Gave Idol","floor":38.0,"relics_lost":["Golden Idol"],"gold_loss":0.0,"damage_taken":0.0}],"is_beta":false,"boss_relics":[{"not_picked":["Philosopher\u0027s Stone","Astrolabe"],"picked":"Ectoplasm"},{"not_picked":["Busted Crown","Calling Bell"],"picked":"Runic Pyramid"}],"items_purged_floors":[],"is_endless":false,"potions_floor_spawned":[10,16,21,30,35],"killed_by":"Giant Head","ascension_level":19}}