{"host":"5ty8fyb0ngp9gspj","time":1611482716,"event":{"mods":["2.2 Compatiblity","AchievementEnabler","Act Like it!","BaseMod","Colored Map","Downfall","Minty Spire (QoL Compilation)","Rare Cards Sparkle","Relic Stats","StSLib","The Jungle","slay the spire mod where everything is the same but ironclad has a cowboy hat"],"gold_per_floor":[111,129,129,148,40,40,140,166,241,268,283,283,183,183,183,281,281,298,298,315,245,258,258,258,286,286,92,124,124,124,124,124,224,224,241,19,36,36,0,0,31,31,31,61,61,61,61,61,61,61,61,61,25,57,57],"floor_reached":56,"language":"ENG","playtime":2476,"items_purged":["Strike_G","Parasite","Writhe","Clumsy"],"score":1444,"play_id":"932bd940-a5e4-4aca-a451-d9b71ad89a11","local_time":"20210124210516","is_ascension_mode":true,"campfire_choices":[{"data":"Sucker Punch","floor":6,"key":"SMITH"},{"data":"Bane","floor":12,"key":"SMITH"},{"data":"Leg Sweep","floor":15,"key":"SMITH"},{"data":"Noxious Fumes","floor":23,"key":"SMITH"},{"data":"Footwork","floor":32,"key":"SMITH"},{"floor":40,"key":"RECALL"},{"data":"Footwork","floor":42,"key":"SMITH"},{"data":"Panacea","floor":49,"key":"SMITH"},{"data":"Noxious Fumes","floor":52,"key":"SMITH"}],"circlet_count":0,"master_deck":["Strike_G","Strike_G","Defend_G","Defend_G","Defend_G","Survivor","Neutralize","Blade Dance","Sucker Punch+1","Noxious Fumes+1","Bane+1","Leg Sweep+1","Noxious Fumes+1","Die Die Die+1","Dodge and Roll+1","Slice+1","Leg Sweep","Blur+1","Crippling Poison","Acrobatics+1","Blade Dance+1","Footwork+1","Blur+1","Phantasmal Killer","Quick Slash","Footwork+1","Acrobatics+1","PiercingWail+1","Poisoned Stab+1","Panacea+1","Predator","Predator+1"],"relics":["Cursed Key","Pen Nib","InkBottle","Meat on the Bone","Coffee Dripper","Question Card","Regal Pillow","Blue Candle","Snecko Eye","Red Mask","Omamori","Ornamental Fan","Whetstone","Ninja Scroll","Paper Crane"],"acts_visited":["Exordium","TheCity","TheBeyond","TheEnding"],"potions_floor_usage":[8,11,25,25,31,48,50,54,55],"damage_taken":[{"damage":2,"enemies":"2 Louse","floor":1,"turns":3},{"damage":0,"enemies":"Jaw Worm","floor":2,"turns":3},{"damage":0,"enemies":"Cultist","floor":4,"turns":4},{"damage":8,"enemies":"Lagavulin","floor":8,"turns":9},{"damage":24,"enemies":"3 Sentries","floor":10,"turns":9},{"damage":1,"enemies":"Blue Slaver","floor":11,"turns":4},{"damage":14,"enemies":"Hexaghost","floor":16,"turns":8},{"damage":9,"enemies":"Spheric Guardian","floor":18,"turns":4},{"damage":0,"enemies":"Chosen","floor":20,"turns":4},{"damage":15,"enemies":"Snecko","floor":22,"turns":5},{"damage":22,"enemies":"Slavers","floor":25,"turns":6},{"damage":6,"enemies":"Gremlin Leader","floor":28,"turns":6},{"damage":0,"enemies":"Automaton","floor":33,"turns":10},{"damage":0,"enemies":"Orb Walker","floor":35,"turns":3},{"damage":28,"enemies":"3 Darklings","floor":37,"turns":6},{"damage":13,"enemies":"Nemesis","floor":41,"turns":9},{"damage":3,"enemies":"Giant Head","floor":44,"turns":12},{"damage":0,"enemies":"Transient","floor":48,"turns":2},{"damage":10,"enemies":"Time Eater","floor":50,"turns":11},{"damage":0,"enemies":"Shield and Spear","floor":54,"turns":8},{"damage":55,"enemies":"The Heart","floor":55,"turns":13}],"seed_played":"-5070766220436565173","potions_obtained":[{"floor":2,"key":"DistilledChaos"},{"floor":10,"key":"Regen Potion"},{"floor":11,"key":"Fruit Juice"},{"floor":16,"key":"SmokeBomb"},{"floor":22,"key":"ColorlessPotion"},{"floor":25,"key":"Strength Potion"},{"floor":31,"key":"Fruit Juice"},{"floor":31,"key":"BlessingOfTheForge"},{"floor":37,"key":"sneckomod:MuddlingPotion"},{"floor":54,"key":"Guardian:BlockOnCardUsePotion"}],"is_trial":false,"path_per_floor":["M","M","?","M","$","R","?","E","T","E","M","R","$","?","R","B",null,"M","?","M","$","M","R","?","E","T","$","E","$","?","?","R","B",null,"M","$","M","$","?","R","E","R","T","E","?","T","?","M","R","B",null,"R","$","E","B",null],"character_chosen":"THE_SILENT","items_purchased":["Leg Sweep","Crippling Poison","Footwork","Footwork","Predator"],"campfire_rested":0,"item_purchase_floors":[5,21,27,36,53],"current_hp_per_floor":[68,68,68,68,68,68,68,60,60,36,52,52,52,52,52,38,72,63,63,63,63,48,48,48,41,41,41,47,47,47,52,52,52,77,77,77,49,49,49,49,48,48,48,45,45,45,45,45,45,47,77,77,77,77,34],"gold":57,"neow_bonus":"BOSS_RELIC","is_daily":false,"chose_seed":false,"campfire_upgraded":8,"win_rate":0.0,"timestamp":1611482716,"path_taken":["M","M","?","M","$","R","?","E","T","E","?","R","$","?","R","BOSS","M","?","M","$","M","R","?","E","T","$","E","$","?","?","R","BOSS","M","$","?","$","?","R","E","R","T","E","?","?","?","M","R","BOSS","R","$","E","BOSS"],"items_purchased_type":["Card","Card","Card","Card","Card"],"build_version":"2020-12-22","purchased_purges":4,"victory":true,"max_hp_per_floor":[70,70,70,70,70,70,70,70,70,70,75,75,72,72,72,72,72,72,72,72,72,72,72,72,72,72,72,72,72,72,77,77,77,77,77,77,77,77,77,77,77,77,77,77,77,77,77,77,77,77,77,77,77,77,77],"relic_stats":{"Regal Pillow":0,"counters":[21,139],"Ornamental Fan":[112],"Blue Candle":[0],"Snecko Eye":[132,139,140,147],"Pen Nib":[33],"Whetstone":["Die Die Die","Slice"],"Cursed Key":4,"Question Card":9,"obtain_stats":[{"Regal Pillow":25,"Blue Candle":28,"Pen Nib":8,"Omamori":41,"Whetstone":44,"Paper Crane":54,"Cursed Key":0,"Question Card":24,"Ornamental Fan":43,"Ninja Scroll":46,"Snecko Eye":34,"Coffee Dripper":17,"Red Mask":39,"InkBottle":9,"Ring of the Snake":0,"Meat on the Bone":10},{"Regal Pillow":11,"Blue Candle":12,"Pen Nib":4,"Omamori":16,"Whetstone":17,"Paper Crane":20,"Cursed Key":0,"Question Card":10,"Ornamental Fan":16,"Ninja Scroll":17,"Snecko Eye":13,"Coffee Dripper":7,"Red Mask":15,"InkBottle":4,"Ring of the Snake":0,"Meat on the Bone":5},{"Regal Pillow":59,"Blue Candle":65,"Pen Nib":19,"Omamori":93,"Whetstone":105,"Paper Crane":126,"Cursed Key":0,"Question Card":53,"Ornamental Fan":93,"Ninja Scroll":105,"Snecko Eye":75,"Coffee Dripper":40,"Red Mask":84,"InkBottle":19,"Ring of the Snake":0,"Meat on the Bone":28}],"InkBottle":[64],"Meat on the Bone":60},"card_choices":[{"not_picked":["Bane","Acrobatics"],"picked":"Blade Dance","floor":1},{"not_picked":["Heel Hook","Bane"],"picked":"Sucker Punch","floor":2},{"not_picked":["PiercingWail","Deflect"],"picked":"Bane","floor":4},{"not_picked":["Grand Finale","Outmaneuver","Dodge and Roll"],"picked":"SKIP","floor":8},{"not_picked":["Underhanded Strike","Deflect","Prepared"],"picked":"SKIP","floor":10},{"not_picked":["Terror","Deadly Poison"],"picked":"Noxious Fumes","floor":11},{"not_picked":["Tools of the Trade","Grand Finale"],"picked":"Die Die Die","floor":16},{"not_picked":["Deflect+1","Blade Dance"],"picked":"Dodge and Roll+1","floor":18},{"not_picked":["Flying Knee","Eviscerate"],"picked":"Blur+1","floor":20},{"not_picked":["Poisoned Stab","Leg Sweep"],"picked":"Acrobatics+1","floor":22},{"not_picked":["Prepared","Cloak And Dagger","Dagger Spray"],"picked":"Blade Dance+1","floor":25},{"not_picked":["Slice","Concentrate","Corpse Explosion"],"picked":"Blur+1","floor":28},{"not_picked":["Die Die Die","Venomology","Grand Finale"],"picked":"Phantasmal Killer","floor":33},{"not_picked":["Backstab+1","Riddle With Holes","Reflex+1"],"picked":"Quick Slash","floor":35},{"not_picked":["Infinite Blades","Terror","Dagger Spray"],"picked":"Acrobatics+1","floor":37},{"not_picked":["Dagger Throw","Accuracy+1","Slice"],"picked":"PiercingWail+1","floor":41},{"not_picked":["Masterful Stab+1","Flying Knee","Grand Finale"],"picked":"Poisoned Stab+1","floor":44},{"not_picked":["Blind","Good Instincts","Master of Strategy"],"picked":"Panacea","floor":47},{"not_picked":["Dodge and Roll+1","Dagger Spray+1","Reflex"],"picked":"Predator+1","floor":54}],"player_experience":445954,"relics_obtained":[{"floor":8,"key":"Pen Nib"},{"floor":9,"key":"InkBottle"},{"floor":10,"key":"Meat on the Bone"},{"floor":25,"key":"Regal Pillow"},{"floor":28,"key":"Blue Candle"},{"floor":41,"key":"Omamori"},{"floor":43,"key":"Ornamental Fan"},{"floor":44,"key":"Whetstone"},{"floor":46,"key":"Ninja Scroll"},{"floor":54,"key":"Paper Crane"}],"event_choices":[{"damage_healed":0,"gold_gain":0,"cards_transformed":["Strike_G"],"player_choice":"Change","damage_taken":0,"max_hp_gain":0,"max_hp_loss":0,"event_name":"Living Wall","floor":3,"gold_loss":0,"cards_obtained":["Noxious Fumes"]},{"damage_healed":0,"gold_gain":100,"player_choice":"Pray","damage_taken":0,"max_hp_gain":0,"max_hp_loss":0,"event_name":"Golden Shrine","floor":7,"gold_loss":0},{"cards_removed":["Defend_G"],"damage_healed":0,"gold_gain":0,"player_choice":"Purged","damage_taken":0,"max_hp_gain":0,"max_hp_loss":0,"event_name":"Purifier","floor":14,"gold_loss":0},{"damage_healed":0,"gold_gain":0,"cards_transformed":["Strike_G","Defend_G"],"player_choice":"Became Test Subject","damage_taken":0,"max_hp_gain":0,"max_hp_loss":0,"event_name":"Drug Dealer","floor":19,"gold_loss":0,"cards_obtained":["Slice","Leg Sweep"]},{"damage_healed":0,"gold_gain":0,"player_choice":"Opened","damage_taken":0,"relics_obtained":["Question Card"],"max_hp_gain":0,"max_hp_loss":0,"event_name":"The Mausoleum","floor":24,"gold_loss":0,"cards_obtained":["Writhe"]},{"damage_healed":0,"gold_gain":0,"player_choice":"Ignored","damage_taken":0,"max_hp_gain":0,"max_hp_loss":0,"event_name":"Ghosts","floor":30,"gold_loss":0},{"damage_healed":0,"gold_gain":0,"player_choice":"Got Potions","damage_taken":0,"max_hp_gain":0,"max_hp_loss":0,"event_name":"Lab","floor":31,"gold_loss":0},{"damage_healed":0,"gold_gain":0,"player_choice":"Paid","damage_taken":0,"relics_obtained":["Red Mask"],"max_hp_gain":0,"max_hp_loss":0,"event_name":"Tomb of Lord Red Mask","floor":39,"gold_loss":36},{"damage_healed":0,"gold_gain":0,"player_choice":"Ignored","damage_taken":0,"max_hp_gain":0,"max_hp_loss":0,"event_name":"Mysterious Sphere","floor":45,"gold_loss":0},{"damage_healed":0,"gold_gain":0,"player_choice":"Memory 1","damage_taken":0,"max_hp_gain":0,"max_hp_loss":0,"event_name":"SensoryStone","floor":47,"gold_loss":0}],"is_beta":false,"boss_relics":[{"not_picked":["Black Star","Calling Bell"],"picked":"Coffee Dripper"},{"not_picked":["Astrolabe","Tiny House"],"picked":"Snecko Eye"}],"items_purged_floors":[5,13,27,36],"is_endless":false,"potions_floor_spawned":[2,10,11,16,22,25,37,44,54],"ascension_level":3}}