{"host":"k7udt7atmcuzf6l0","time":1611478169,"event":{"mods":["AchievementEnabler","BaseMod","Colored Map","Colored Powertips","Highlight Path","Minty Spire (QoL Compilation)","Quick Restart","Rare Cards Sparkle","StSLib","UnlockEverythingMod"],"gold_per_floor":[109,10,30,30,43,43,43,43,43,43,60,71,98,113,113,214,214,234,234,234,247,266,266,266,266],"floor_reached":24,"language":"ZHS","playtime":467,"items_purged":[],"score":223,"play_id":"6f8d6812-5916-4d14-8bd5-3e4022744835","local_time":"20210124164929","is_ascension_mode":false,"campfire_choices":[{"data":"Dual Wield","floor":6.0,"key":"SMITH"},{"data":"Feed","floor":8.0,"key":"SMITH"},{"data":"Flex","floor":15.0,"key":"SMITH"},{"data":"Limit Break","floor":23,"key":"SMITH"}],"circlet_count":0,"master_deck":["Strike_R","Strike_R","Strike_R","Strike_R","Strike_R","Defend_R","Defend_R","Defend_R","Defend_R","Bash","Cleave","Dual Wield+1","Twin Strike","Spot Weakness+1","Feed+1","Flex+1","Dropkick","Infernal Blade","Limit Break+1","Shockwave","Sword Boomerang","Pummel+1"],"relics":["Burning Blood","Anchor","Bag of Marbles","Kunai","Black Star"],"acts_visited":["TheCity"],"potions_floor_usage":[22],"damage_taken":[{"damage":6.0,"enemies":"Cultist","floor":1.0,"turns":3.0},{"damage":5.0,"enemies":"Small Slimes","floor":3.0,"turns":2.0},{"damage":0.0,"enemies":"2 Louse","floor":5.0,"turns":2.0},{"damage":7.0,"enemies":"Blue Slaver","floor":11.0,"turns":3.0},{"damage":14.0,"enemies":"Exordium Wildlife","floor":12.0,"turns":4.0},{"damage":16.0,"enemies":"Lagavulin","floor":13.0,"turns":5.0},{"damage":0.0,"enemies":"Looter","floor":14.0,"turns":1.0},{"damage":67.0,"enemies":"The Guardian","floor":16.0,"turns":8.0},{"damage":0.0,"enemies":"Chosen","floor":18.0,"turns":3.0},{"damage":38.0,"enemies":"3 Byrds","floor":21.0,"turns":4.0},{"damage":26,"enemies":"Snake Plant","floor":22,"turns":4},{"damage":35,"enemies":"Book of Stabbing","floor":24,"turns":3}],"seed_played":"4866542303362911883","potions_obtained":[{"floor":3.0,"key":"LiquidBronze"},{"floor":4.0,"key":"SkillPotion"},{"floor":4.0,"key":"Fire Potion"},{"floor":4.0,"key":"Energy Potion"},{"floor":12.0,"key":"PowerPotion"},{"floor":18.0,"key":"Explosive Potion"}],"is_trial":false,"path_per_floor":["M","$","M","?","M","R","$","R","T","?","M","M","E","M","R","B",null,"M","?","?","M","M","R","E"],"character_chosen":"IRONCLAD","items_purchased":["Dual Wield","Twin Strike"],"campfire_rested":0,"item_purchase_floors":[2,2],"current_hp_per_floor":[80,80,80,80,80,80,80,80,80,80,83,79,69,79,79,18,92,92,74,74,46,26,26,0,0],"gold":266,"neow_bonus":"RANDOM_COMMON_RELIC","is_daily":false,"chose_seed":false,"campfire_upgraded":4,"win_rate":0.0,"timestamp":1611478169,"path_taken":["M","?","M","?","?","R","$","R","T","?","M","M","E","M","R","BOSS","M","?","?","M","M","R","E"],"items_purchased_type":["Card","Card"],"build_version":"2020-12-22","purchased_purges":0,"victory":false,"max_hp_per_floor":[80,80,80,80,80,80,80,80,80,80,84,88,88,92,92,92,92,92,97,97,101,101,101,101,101],"card_choices":[{"not_picked":["Heavy Blade","Anger"],"picked":"Cleave","floor":1.0},{"not_picked":["Dual Wield","Havoc"],"picked":"Spot Weakness","floor":3.0},{"not_picked":["Power Through","Sword Boomerang"],"picked":"Feed","floor":5.0},{"not_picked":["Warcry","Headbutt"],"picked":"Flex","floor":11.0},{"not_picked":["Heavy Blade","Reckless Charge"],"picked":"Dropkick","floor":12.0},{"not_picked":["Fiend Fire","Heavy Blade","Anger"],"picked":"SKIP","floor":13.0},{"not_picked":["Uppercut","Blood for Blood"],"picked":"Infernal Blade","floor":14.0},{"not_picked":["Reaper","Demon Form"],"picked":"Limit Break","floor":16.0},{"not_picked":["Clothesline+1","Iron Wave+1"],"picked":"Shockwave","floor":18.0},{"not_picked":["Anger","Cleave"],"picked":"Sword Boomerang","floor":21.0},{"not_picked":["Body Slam","Perfected Strike"],"picked":"Pummel+1","floor":22}],"player_experience":114801,"relics_obtained":[{"floor":9.0,"key":"Bag of Marbles"},{"floor":13.0,"key":"Kunai"}],"event_choices":[{"damage_healed":0.0,"max_hp_gain":0.0,"max_hp_loss":0.0,"gold_gain":0.0,"event_name":"Lab","player_choice":"Got Potions","floor":4.0,"gold_loss":0.0,"damage_taken":0.0},{"damage_healed":0.0,"max_hp_gain":0.0,"max_hp_loss":0.0,"gold_gain":0.0,"event_name":"Living Wall","player_choice":"Grow","floor":10.0,"gold_loss":0.0,"damage_taken":0.0,"cards_upgraded":["Spot Weakness"]},{"damage_healed":0.0,"max_hp_gain":5.0,"max_hp_loss":0.0,"gold_gain":0.0,"event_name":"Forgotten Altar","player_choice":"Shed Blood","floor":19.0,"gold_loss":0.0,"damage_taken":23.0},{"damage_healed":0.0,"max_hp_gain":0.0,"max_hp_loss":0.0,"gold_gain":0.0,"event_name":"Beggar","player_choice":"Ignored","floor":20.0,"gold_loss":0.0,"damage_taken":0.0}],"is_beta":false,"boss_relics":[{"not_picked":["Mark of Pain","Snecko Eye"],"picked":"Black Star"}],"items_purged_floors":[],"is_endless":false,"potions_floor_spawned":[3,12,18],"killed_by":"Book of Stabbing","ascension_level":0}}