{"host":"b4vwm7jq6jdk6nca","time":1611472205,"event":{"mods":["Act Like it!","BaseMod","Lobotomy","Minty Spire (QoL Compilation)","Pale of the Ancients","Quick Restart","StSLib","TestMod","The Cursed","[IsaacMod]以撒尖塔","vexMod"],"gold_per_floor":[114,114,114,289,289,289,309,336,336,416,431,451,486,506,506,604,604,619,639,274,234,245,274,274,300,323,341,371,223,246,263,263,274,1273,1287,1287,1026,1059,1059,1084,1122,1156,1166,1166,1196,1216,1216,1313,1328,1342,845,496,496,512,512,13,13,13],"floor_reached":44,"language":"ZHS","playtime":3733,"items_purged":["A Thousand Cuts","Strike_G","Defend_G","Strike_G","Strike_G"],"score":1482,"play_id":"da0ec958-0222-48cc-9e56-bac577c34a1b","local_time":"20210124151005","is_ascension_mode":true,"campfire_choices":[{"data":"Tools of the Trade","floor":6.0,"key":"SMITH"},{"data":"Infinite Blades","floor":15.0,"key":"SMITH"},{"data":"Envenom","floor":24.0,"key":"SMITH"},{"floor":32.0,"key":"REST"},{"floor":29.0,"key":"RECALL"},{"data":"testmod-DeathImprint","floor":32.0,"key":"SMITH"},{"data":"After Image","floor":38,"key":"SMITH"},{"data":"testmod-PainDetonator","floor":40,"key":"SMITH"}],"circlet_count":0,"master_deck":["Strike_G","Strike_G+1","Defend_G+1","Defend_G","Defend_G","Defend_G","Survivor","Neutralize+1","Tools of the Trade+1","Adrenaline+1","Terror","Infinite Blades+1","Blur+1","Quick Slash+1","Acrobatics","Envenom+1","Backflip","Flying Knee","Footwork","Noxious Fumes","Acrobatics","Noxious Fumes","testmod-DeathImprint+1","Footwork+1","Phantasmal Killer","Acrobatics","Acrobatics+1","Finisher","A Thousand Cuts","Leg Sweep+1","EpicFetus","After Image+1","testmod-PainDetonator+1","Footwork","Acrobatics","Choke","Deep Breath"],"relics":["testmod-TestBox","HushsDoor","GuppysHead","testmod-LifeArmor","Torii","DeathBook","Regal Pillow","testmod-BatchProcessingSystem","GuppysPaw","Question Card","vexMod:FocusSash","TheBean","SteamSale","Blood Vial","NineVolt","War Paint","Boot","testmod-AssaultLearning","Omamori","BloodDonationBag","DeadEye","testmod-Hope","paleoftheancients:Timepiece","paleoftheancients:KeyRelic","Ice Cream","Letter Opener","paleoftheancients:SoulOfTheSilent","Kunai","Lantern","testmod-Register","TwistedFunnel","Strawberry","GnawedLeaf","Bag of Preparation","Medical Kit"],"acts_visited":["Exordium","TheCity","TheCity"],"potions_floor_usage":[33,33,43,43,43,43],"damage_taken":[{"damage":3.0,"enemies":"Jaw Worm","floor":1.0,"turns":3.0},{"damage":3.0,"enemies":"Small Slimes","floor":7.0,"turns":4.0},{"damage":1.0,"enemies":"3 Sentries","floor":8.0,"turns":2.0},{"damage":3.0,"enemies":"Cultist","floor":11.0,"turns":4.0},{"damage":0.0,"enemies":"3 Louse","floor":12.0,"turns":1.0},{"damage":0.0,"enemies":"Gremlin Nob","floor":13.0,"turns":1.0},{"damage":1.0,"enemies":"Exordium Wildlife","floor":14.0,"turns":3.0},{"damage":14.0,"enemies":"The Guardian","floor":16.0,"turns":7.0},{"damage":26.0,"enemies":"2 Thieves","floor":18.0,"turns":4.0},{"damage":11.0,"enemies":"Chosen","floor":19.0,"turns":7.0},{"damage":1.0,"enemies":"Centurion and Healer","floor":22.0,"turns":8.0},{"damage":1.0,"enemies":"Book of Stabbing","floor":23.0,"turns":3.0},{"damage":23.0,"enemies":"Slavers","floor":25.0,"turns":8.0},{"damage":2.0,"enemies":"Snecko","floor":27.0,"turns":5.0},{"damage":1.0,"enemies":"Book of Stabbing","floor":28.0,"turns":4.0},{"damage":1.0,"enemies":"Shelled Parasite and Fungi","floor":31.0,"turns":5.0},{"damage":1.0,"enemies":"Shell Parasite","floor":18.0,"turns":4.0},{"damage":1.0,"enemies":"Chosen","floor":20.0,"turns":4.0},{"damage":0.0,"enemies":"Book of Stabbing","floor":23.0,"turns":4.0},{"damage":1.0,"enemies":"Gremlin Leader","floor":25.0,"turns":5.0},{"damage":20.0,"enemies":"Slavers","floor":27.0,"turns":4.0},{"damage":10.0,"enemies":"Shelled Parasite and Fungi","floor":28.0,"turns":3.0},{"damage":0.0,"enemies":"Book of Stabbing","floor":30.0,"turns":3.0},{"damage":0.0,"enemies":"Snake Plant","floor":31.0,"turns":2.0},{"damage":0,"enemies":"Automaton","floor":33,"turns":4},{"damage":24,"enemies":"Automaton","floor":34,"turns":5},{"damage":20,"enemies":"Automaton","floor":35,"turns":6},{"damage":0,"enemies":"Automaton","floor":39,"turns":4},{"damage":0,"enemies":"paleoftheancients:N","floor":43,"turns":7}],"seed_played":"2723897091030681264","potions_obtained":[{"floor":7.0,"key":"Swift Potion"},{"floor":8.0,"key":"EntropicBrew"},{"floor":12.0,"key":"CunningPotion"},{"floor":16.0,"key":"CultistPotion"},{"floor":18.0,"key":"ColorlessPotion"},{"floor":23.0,"key":"Fruit Juice"},{"floor":31.0,"key":"Energy Potion"},{"floor":30.0,"key":"testmod-SpacePotion"}],"is_trial":false,"path_per_floor":["M","?","?","?","?","R","M","E","T","T","M","M","E","M","R","B",null,"M","M","$","?","M","E","R","E","T","M","E","$","T","M","R","M","?","M","?","$","E","?","E","T","E","M","R","E","M","R","B","M","M","$","$","R","M","R","$","?","B",null],"character_chosen":"THE_SILENT","items_purchased":["GuppysPaw","SteamSale","NineVolt","War Paint","Noxious Fumes","testmod-DeathImprint","Kunai","Lantern","testmod-Register","Regen Potion","FearPotion","EpicFetus","TwistedFunnel","Strawberry","After Image","testmod-PainDetonator","GnawedLeaf","Bag of Preparation","Medical Kit","Acrobatics","FearPotion","Strength Potion","Choke","Deep Breath"],"campfire_rested":1,"item_purchase_floors":[20,29,22,22,22,22,36,36,36,36,36,36,37,37,37,37,41,41,41,41,41,41,41,41],"current_hp_per_floor":[67,67,67,67,60,60,57,56,56,56,53,53,53,52,52,38,70,44,33,33,33,32,36,36,13,13,11,10,10,10,11,75,74,74,74,74,74,75,60,61,53,35,27,27,29,31,31,75,63,61,61,68,68,77,77,77,77,1],"gold":13,"neow_bonus":"BOSS_RELIC","is_daily":false,"chose_seed":false,"campfire_upgraded":6,"win_rate":0.0,"timestamp":1611472205,"path_taken":["M","?","?","?","?","R","M","E","T","?","M","M","E","M","R","BOSS","M","M","$","?","M","E","R","E","T","M","E","?","?","?","R","M","?","M","?","$","E","?","E","T","E","M","R","E","?","R","BOSS","M","M","?","$","R","M","R","$","?","BOSS"],"items_purchased_type":["Relic","Relic","Relic","Relic","Card","Card","Relic","Card","Relic","Potion","Potion","Card","Relic","Relic","Card","Card","Relic","Relic","Relic","Card","Potion","Potion","Card","Card"],"build_version":"2020-12-22","purchased_purges":5,"victory":true,"max_hp_per_floor":[70,70,70,70,70,70,70,70,70,70,70,70,70,70,70,70,70,70,70,70,70,70,75,75,75,75,75,75,75,75,75,75,75,75,75,75,75,75,75,75,75,75,75,75,75,75,75,75,75,75,75,82,82,82,82,82,82,1],"card_choices":[{"not_picked":["Crippling Poison","Dodge and Roll"],"picked":"Tools of the Trade","floor":1.0},{"not_picked":["Infinite Blades","Flying Knee"],"picked":"Bomb","floor":7.0},{"not_picked":["Terror","Quick Slash"],"picked":"Adrenaline","floor":8.0},{"not_picked":["Dagger Throw","Expertise"],"picked":"Terror","floor":11.0},{"not_picked":["Backflip","Flying Knee"],"picked":"Bomb","floor":12.0},{"not_picked":["Predator","Distraction","Tactician"],"picked":"SKIP","floor":13.0},{"not_picked":["Dash","Skewer"],"picked":"Infinite Blades","floor":14.0},{"not_picked":["Doppelganger","Adrenaline"],"picked":"A Thousand Cuts","floor":16.0},{"not_picked":["Underhanded Strike+1","Eviscerate"],"picked":"Blur","floor":18.0},{"not_picked":["Predator","PiercingWail+1"],"picked":"Quick Slash+1","floor":19.0},{"not_picked":["Bane","Blade Dance"],"picked":"Acrobatics","floor":22.0},{"not_picked":["Noxious Fumes","Prepared"],"picked":"Envenom","floor":23.0},{"not_picked":["Riddle With Holes","Endless Agony","Flechettes+1"],"picked":"Backflip","floor":25.0},{"not_picked":["Dodge and Roll+1","Endless Agony+1","Cloak And Dagger"],"picked":"Flying Knee","floor":27.0},{"not_picked":["Night Terror","Accuracy","Finisher"],"picked":"Footwork","floor":28.0},{"not_picked":["Sucker Punch","Skewer+1","Deadly Poison","Dodge and Roll+1"],"picked":"SKIP","floor":31.0},{"not_picked":["Infinite Blades","Bouncing Flask","Deadly Poison","Dodge and Roll"],"picked":"SKIP","floor":18.0},{"not_picked":["Poisoned Stab","Eviscerate+1","Deadly Poison"],"picked":"Noxious Fumes","floor":20.0},{"not_picked":["Eviscerate","Cloak And Dagger","Distraction+1"],"picked":"Footwork+1","floor":23.0},{"not_picked":["Cloak And Dagger+1","Backflip","Blade Dance+1"],"picked":"Phantasmal Killer","floor":25.0},{"not_picked":["Escape Plan","Footwork","Flying Knee"],"picked":"Acrobatics","floor":27.0},{"not_picked":["Outmaneuver","Dodge and Roll","Dagger Spray+1","Masterful Stab"],"picked":"SKIP","floor":28.0},{"not_picked":["Noxious Fumes","Well Laid Plans","Deflect+1"],"picked":"Acrobatics+1","floor":30.0},{"not_picked":["Dagger Throw","Slice+1","Backflip"],"picked":"Finisher","floor":31.0},{"not_picked":["Venomology","Corpse Explosion","Storm of Steel"],"picked":"A Thousand Cuts","floor":33},{"not_picked":["Cloak And Dagger+1","Accuracy","Dagger Spray"],"picked":"Leg Sweep+1","floor":34},{"not_picked":["Deadly Poison+1","Slice","Catalyst+1","Distraction"],"picked":"SKIP","floor":35},{"not_picked":["Eviscerate","Noxious Fumes","Underhanded Strike+1"],"picked":"Footwork","floor":39}],"player_experience":220170,"relics_obtained":[{"floor":8.0,"key":"Torii"},{"floor":10.0,"key":"DeathBook"},{"floor":13.0,"key":"Regal Pillow"},{"floor":23.0,"key":"Question Card"},{"floor":25.0,"key":"vexMod:FocusSash"},{"floor":26.0,"key":"TheBean"},{"floor":28.0,"key":"ForgetMeNow"},{"floor":30.0,"key":"Blood Vial"},{"floor":23.0,"key":"Boot"},{"floor":25.0,"key":"Omamori"},{"floor":26.0,"key":"BloodDonationMachine"},{"floor":27.0,"key":"DeadEye"},{"floor":30.0,"key":"testmod-Hope"},{"floor":35,"key":"paleoftheancients:SoulOfTheSilent"}],"event_choices":[{"damage_healed":0.0,"max_hp_gain":0.0,"max_hp_loss":0.0,"gold_gain":0.0,"event_name":"给自己的盒子","player_choice":"Swap Relic","floor":2.0,"relics_lost":["Whetstone"],"gold_loss":0.0,"damage_taken":0.0,"relics_obtained":["Whetstone"]},{"damage_healed":0.0,"max_hp_gain":0.0,"max_hp_loss":0.0,"gold_gain":0.0,"event_name":"NoteForYourself","player_choice":"Ignored","floor":3.0,"gold_loss":0.0,"damage_taken":0.0},{"damage_healed":0.0,"max_hp_gain":0.0,"max_hp_loss":0.0,"gold_gain":175.0,"event_name":"Liars Game","player_choice":"AGREE","floor":4.0,"gold_loss":0.0,"damage_taken":0.0,"cards_obtained":["Doubt"]},{"cards_removed":["Doubt"],"damage_healed":0.0,"max_hp_gain":0.0,"max_hp_loss":0.0,"gold_gain":0.0,"event_name":"Golden Wing","player_choice":"Card Removal","floor":5.0,"gold_loss":0.0,"damage_taken":7.0},{"damage_healed":0.0,"max_hp_gain":0.0,"max_hp_loss":0.0,"gold_gain":0.0,"event_name":"Designer","player_choice":"Upgrade","floor":21.0,"gold_loss":40.0,"damage_taken":0.0,"cards_upgraded":["Adrenaline"]},{"damage_healed":0.0,"max_hp_gain":0.0,"max_hp_loss":0.0,"gold_gain":999.0,"event_name":"恩洛斯的盘子","player_choice":"Sell","floor":19.0,"relics_lost":["vexMod:MegatonBomb"],"gold_loss":0.0,"damage_taken":0.0},{"damage_healed":0.0,"max_hp_gain":0.0,"max_hp_loss":0.0,"gold_gain":0.0,"event_name":"The Library","player_choice":"Read","floor":21.0,"gold_loss":0.0,"damage_taken":0.0,"cards_obtained":["Acrobatics"]}],"is_beta":false,"boss_relics":[{"not_picked":["testmod-Temperance","Coffee Dripper"],"picked":"testmod-BatchProcessingSystem"},{"not_picked":[]}],"items_purged_floors":[20,22,36,37,41],"is_endless":false,"potions_floor_spawned":[7,8,12,16,18,23,31,23,28,30],"ascension_level":1}}