{"host":"dhlnk6yox2l1s6up","time":1611448627,"event":{"mods":["BaseMod","Colored Map","Highlight Path","Minty Spire (QoL Compilation)","Relic Stats","StSLib"],"gold_per_floor":[113,21,21,21,37,69,69,87,87,12,41,58,58,83,83,185,185,201,53,5,5,18,44,44,63,63,63,78,111,111,137,149,261,273,304,326,357,385,49,80,80,105,105,105,118,129,145,15,15,15,15],"floor_reached":50,"language":"ENG","playtime":7916,"items_purged":["Strike_R","Strike_R","Writhe"],"score":872,"play_id":"8c86efa5-cca0-4ddf-aa01-edb92897c1fb","local_time":"20210123183707","is_ascension_mode":true,"campfire_choices":[{"data":"Inflame","floor":7.0,"key":"SMITH"},{"data":"Pummel","floor":13.0,"key":"SMITH"},{"data":"Bash","floor":15.0,"key":"SMITH"},{"data":"Twin Strike","floor":24.0,"key":"SMITH"},{"data":"Sword Boomerang","floor":27.0,"key":"SMITH"},{"floor":32.0,"key":"REST"},{"floor":41,"key":"REST"},{"floor":44,"key":"REST"},{"floor":49,"key":"RECALL"}],"circlet_count":0,"master_deck":["Bash+1","Twin Strike","Inflame+1","Shrug It Off","Thunderclap","Pummel+1","Twin Strike+1","Spot Weakness","Flame Barrier","Brutality","Shrug It Off","RitualDagger","Twin Strike+1","Sword Boomerang+1","Shrug It Off","Feed","Pummel","Sentinel","Cleave","Entrench","Bludgeon","Blood for Blood","Wild Strike","Rage+1","Iron Wave+1","Pummel","Armaments+1","Shrug It Off+1"],"relics":["Burning Blood","NeowsBlessing","Mercury Hourglass","Strawberry","InkBottle","Boot","Busted Crown","Bag of Marbles","Blood Vial","Nunchaku","MawBank","Pandora\u0027s Box","Oddly Smooth Stone","Peace Pipe","Akabeko","Toxic Egg 2"],"acts_visited":["Exordium","TheCity","TheBeyond"],"potions_floor_usage":[40,42,47,48,50,50,50],"damage_taken":[{"damage":0.0,"enemies":"Jaw Worm","floor":1.0,"turns":1.0},{"damage":0.0,"enemies":"2 Louse","floor":5.0,"turns":1.0},{"damage":0.0,"enemies":"3 Sentries","floor":6.0,"turns":1.0},{"damage":1.0,"enemies":"Cultist","floor":8.0,"turns":3.0},{"damage":17.0,"enemies":"Lagavulin","floor":11.0,"turns":5.0},{"damage":14.0,"enemies":"Lots of Slimes","floor":12.0,"turns":3.0},{"damage":26.0,"enemies":"Gremlin Nob","floor":14.0,"turns":4.0},{"damage":36.0,"enemies":"Slime Boss","floor":16.0,"turns":6.0},{"damage":0.0,"enemies":"3 Byrds","floor":18.0,"turns":2.0},{"damage":11.0,"enemies":"2 Thieves","floor":22.0,"turns":3.0},{"damage":42.0,"enemies":"Slavers","floor":23.0,"turns":4.0},{"damage":10.0,"enemies":"Shelled Parasite and Fungi","floor":25.0,"turns":3.0},{"damage":1.0,"enemies":"Snecko","floor":28.0,"turns":2.0},{"damage":22.0,"enemies":"Book of Stabbing","floor":29.0,"turns":4.0},{"damage":0.0,"enemies":"Sentry and Sphere","floor":31.0,"turns":2.0},{"damage":52.0,"enemies":"Collector","floor":33.0,"turns":9.0},{"damage":4,"enemies":"3 Shapes","floor":35,"turns":2},{"damage":19,"enemies":"3 Darklings","floor":36,"turns":6},{"damage":5,"enemies":"Jaw Worm Horde","floor":37,"turns":3},{"damage":11,"enemies":"4 Shapes","floor":38,"turns":7},{"damage":54,"enemies":"Giant Head","floor":40,"turns":7},{"damage":53,"enemies":"Nemesis","floor":42,"turns":6},{"damage":17,"enemies":"3 Darklings","floor":45,"turns":7},{"damage":36,"enemies":"Spire Growth","floor":46,"turns":3},{"damage":6,"enemies":"Maw","floor":47,"turns":6},{"damage":46,"enemies":"Donu and Deca","floor":50,"turns":4}],"seed_played":"-616269523480231427","potions_obtained":[{"floor":1.0,"key":"Regen Potion"},{"floor":5.0,"key":"GamblersBrew"},{"floor":11.0,"key":"LiquidBronze"},{"floor":23.0,"key":"Dexterity Potion"},{"floor":25.0,"key":"Block Potion"},{"floor":31.0,"key":"Weak Potion"},{"floor":35,"key":"LiquidBronze"},{"floor":38,"key":"Swift Potion"},{"floor":42,"key":"DistilledChaos"},{"floor":45,"key":"Dexterity Potion"}],"is_trial":false,"path_per_floor":["M","$","?","?","M","E","R","M","T","$","E","M","R","E","R","B",null,"M","$","$","?","M","E","R","M","T","R","M","E","?","M","R","B",null,"M","M","M","M","$","E","R","E","T","R","M","M","M","$","R","B"],"character_chosen":"IRONCLAD","items_purchased":["Inflame","Shrug It Off","Shrug It Off","Swift Potion","Oddly Smooth Stone","Pummel","BloodPotion","Shrug It Off+1","Dexterity Potion"],"campfire_rested":3,"item_purchase_floors":[2,2,19,20,39,39,48,48,48],"current_hp_per_floor":[78,78,66,71,77,90,90,92,92,92,81,73,73,53,53,23,75,81,81,81,75,70,46,46,42,42,42,49,35,35,43,70,26,76,80,72,78,78,78,32,62,17,17,47,38,13,15,35,35,0,0],"gold":15,"neow_bonus":"THREE_ENEMY_KILL","is_daily":false,"chose_seed":false,"campfire_upgraded":5,"win_rate":0.0,"timestamp":1611448627,"path_taken":["M","$","?","?","M","E","R","M","T","?","E","?","R","E","R","BOSS","M","?","$","?","M","E","R","M","T","R","M","E","?","?","R","BOSS","M","?","M","M","$","E","R","E","T","R","M","M","M","?","R","BOSS"],"items_purchased_type":["Card","Card","Card","Potion","Relic","Card","Potion","Card","Potion"],"build_version":"2020-12-22","purchased_purges":3,"victory":false,"max_hp_per_floor":[80,80,80,85,85,92,92,92,92,92,92,92,92,92,92,92,92,92,92,92,92,92,92,92,92,92,92,92,92,92,92,92,92,92,92,95,98,101,101,101,101,101,101,101,101,104,104,104,104,104,104],"relic_stats":{"Blood Vial":28,"Peace Pipe":0,"Nunchaku":[12],"Busted Crown":34,"counters":[26,103],"Pandora\u0027s Box":["Pummel","Sentinel","Cleave","Entrench","Bludgeon","Blood for Blood","Wild Strike"],"Boot":[103],"MawBank":108,"obtain_stats":[{"NeowsBlessing":0,"Oddly Smooth Stone":39,"Boot":14,"MawBank":30,"Burning Blood":0,"Akabeko":42,"Mercury Hourglass":3,"Blood Vial":26,"Peace Pipe":40,"Nunchaku":29,"Busted Crown":17,"Strawberry":6,"Pandora\u0027s Box":34,"Bag of Marbles":23,"Toxic Egg 2":43,"InkBottle":11},{"NeowsBlessing":0,"Oddly Smooth Stone":20,"Boot":7,"MawBank":14,"Burning Blood":0,"Akabeko":22,"Mercury Hourglass":1,"Blood Vial":12,"Peace Pipe":21,"Nunchaku":14,"Busted Crown":8,"Strawberry":3,"Pandora\u0027s Box":16,"Bag of Marbles":11,"Toxic Egg 2":22,"InkBottle":5},{"NeowsBlessing":0,"Oddly Smooth Stone":70,"Boot":17,"MawBank":41,"Burning Blood":0,"Akabeko":83,"Mercury Hourglass":1,"Blood Vial":35,"Peace Pipe":77,"Nunchaku":41,"Busted Crown":23,"Strawberry":3,"Pandora\u0027s Box":52,"Bag of Marbles":32,"Toxic Egg 2":83,"InkBottle":11}],"Burning Blood":147,"InkBottle":[31],"Mercury Hourglass":[423]},"card_choices":[{"not_picked":["Intimidate","Armaments"],"picked":"Twin Strike","floor":1.0},{"not_picked":["Iron Wave","Clothesline"],"picked":"Thunderclap","floor":5.0},{"not_picked":["Intimidate","Blood for Blood"],"picked":"Pummel","floor":6.0},{"not_picked":["Cleave","Anger"],"picked":"Twin Strike","floor":8.0},{"not_picked":["Disarm","Flame Barrier"],"picked":"Spot Weakness","floor":11.0},{"not_picked":["Clash","Havoc"],"picked":"Flame Barrier","floor":12.0},{"not_picked":["True Grit","Dropkick","Carnage"],"picked":"SKIP","floor":14.0},{"not_picked":["Juggernaut","Immolate"],"picked":"Brutality","floor":16.0},{"not_picked":["Warcry"],"picked":"SKIP","floor":18.0},{"not_picked":[],"picked":"Twin Strike+1","floor":22.0},{"not_picked":["Second Wind"],"picked":"SKIP","floor":23.0},{"not_picked":[],"picked":"Sword Boomerang","floor":25.0},{"not_picked":[],"picked":"Shrug It Off","floor":28.0},{"not_picked":["Flex"],"picked":"SKIP","floor":29.0},{"not_picked":["Iron Wave"],"picked":"SKIP","floor":31.0},{"not_picked":[],"picked":"Feed","floor":33.0},{"not_picked":[],"picked":"Rage+1","floor":35},{"not_picked":[],"picked":"Iron Wave+1","floor":36},{"not_picked":["Warcry"],"picked":"SKIP","floor":37},{"not_picked":["Warcry"],"picked":"SKIP","floor":38},{"not_picked":["Thunderclap+1"],"picked":"SKIP","floor":40},{"not_picked":["Heavy Blade"],"picked":"SKIP","floor":42},{"not_picked":["Anger+1"],"picked":"SKIP","floor":45},{"not_picked":["Perfected Strike"],"picked":"SKIP","floor":46},{"not_picked":[],"picked":"Armaments+1","floor":47}],"player_experience":5929705,"relics_obtained":[{"floor":6.0,"key":"Strawberry"},{"floor":11.0,"key":"InkBottle"},{"floor":14.0,"key":"Boot"},{"floor":23.0,"key":"Bag of Marbles"},{"floor":26.0,"key":"Blood Vial"},{"floor":29.0,"key":"Nunchaku"},{"floor":40,"key":"Peace Pipe"},{"floor":42,"key":"Akabeko"},{"floor":43,"key":"Toxic Egg 2"}],"event_choices":[{"damage_healed":0.0,"max_hp_gain":0.0,"max_hp_loss":0.0,"gold_gain":0.0,"event_name":"Scrap Ooze","player_choice":"Success","floor":3.0,"gold_loss":0.0,"damage_taken":12.0,"relics_obtained":["Mercury Hourglass"]},{"damage_healed":0.0,"max_hp_gain":5.0,"max_hp_loss":0.0,"gold_gain":0.0,"event_name":"Big Fish","player_choice":"Donut","floor":4.0,"gold_loss":0.0,"damage_taken":0.0},{"damage_healed":0.0,"max_hp_gain":0.0,"max_hp_loss":0.0,"gold_gain":0.0,"event_name":"Nest","player_choice":"Joined the Cult","floor":21.0,"gold_loss":0.0,"damage_taken":6.0,"cards_obtained":["RitualDagger"]},{"damage_healed":0.0,"max_hp_gain":0.0,"max_hp_loss":0.0,"gold_gain":0.0,"event_name":"The Mausoleum","player_choice":"Opened","floor":30.0,"gold_loss":0.0,"damage_taken":0.0,"relics_obtained":["MawBank"],"cards_obtained":["Writhe"]}],"is_beta":false,"boss_relics":[{"not_picked":["Philosopher\u0027s Stone","Astrolabe"],"picked":"Busted Crown"},{"not_picked":["Runic Pyramid","Cursed Key"],"picked":"Pandora\u0027s Box"}],"items_purged_floors":[10,19,39],"is_endless":false,"potions_floor_spawned":[1,5,11,23,25,28,31,35,38,42,45],"killed_by":"Donu and Deca","ascension_level":8}}