{"host":"5cnm2qapaqj5mmu7","time":1611485708,"event":{"mods":["BaseMod","Bestiary","Colored Map","Filter the Spire","Minty Spire (QoL Compilation)","StSLib"],"gold_per_floor":[163,177,352,365,440,440,457,457,530,311,322,333,187,187,187,283,283,299,299,317,242,259,259,293,293,293,144,160,160,185,210,210,315,315,329,340,291,338,348,348,361,395,395,395,395,411,427,455,455,455,455,455,2,35,35],"floor_reached":56,"language":"ENG","playtime":3590,"items_purged":["Doubt"],"score":1310,"play_id":"d3e44aa1-7fb3-42d3-bde6-fbc76ee80a24","local_time":"20210124115508","is_ascension_mode":true,"campfire_choices":[{"data":"CrushJoints","floor":6.0,"key":"SMITH"},{"data":"Fasting2","floor":8.0,"key":"SMITH"},{"data":"Wallop","floor":15.0,"key":"SMITH"},{"data":"LessonLearned","floor":23.0,"key":"SMITH"},{"floor":25.0,"key":"RECALL"},{"floor":29.0,"key":"REST"},{"data":"Protect","floor":32.0,"key":"SMITH"},{"data":"DevaForm","floor":40.0,"key":"SMITH"},{"floor":44.0,"key":"REST"},{"data":"ReachHeaven","floor":49,"key":"SMITH"},{"floor":52,"key":"REST"}],"circlet_count":0,"master_deck":["Strike_P+1","Strike_P+1","Strike_P+1","Strike_P+1","Defend_P+1","Defend_P+1","Defend_P+1","Eruption+1","Vigilance+1","CrushJoints+1","FlurryOfBlows+1","DeceiveReality+1","Fasting2+1","Wallop+1","LessonLearned+1","Parasite","Judgement+1","Evaluate+1","Protect+1","Vault+1","MasterReality+1","DevaForm+1","Protect+1","TalkToTheHand+1","ClearTheMind+1","Parasite","ReachHeaven+1","Blind+1","FlyingSleeves+1","Panacea+1"],"relics":["Tiny House","Pantograph","PreservedInsect","ClockworkSouvenir","Snecko Eye","Boot","Bag of Marbles","Whetstone","Sundial","Black Star","Bird Faced Urn","Ancient Tea Set","MealTicket","Ginger","Orichalcum","Toxic Egg 2","TungstenRod","Mercury Hourglass","Damaru"],"acts_visited":["Exordium","TheCity","TheBeyond","TheEnding"],"potions_floor_usage":[50,55,55,55],"damage_taken":[{"damage":0.0,"enemies":"2 Louse","floor":1.0,"turns":2.0},{"damage":1.0,"enemies":"Small Slimes","floor":2.0,"turns":3.0},{"damage":6.0,"enemies":"Jaw Worm","floor":4.0,"turns":3.0},{"damage":7.0,"enemies":"Blue Slaver","floor":7.0,"turns":4.0},{"damage":6.0,"enemies":"Exordium Wildlife","floor":11.0,"turns":3.0},{"damage":5.0,"enemies":"Looter","floor":12.0,"turns":2.0},{"damage":21.0,"enemies":"Hexaghost","floor":16.0,"turns":7.0},{"damage":12.0,"enemies":"Shell Parasite","floor":18.0,"turns":3.0},{"damage":11.0,"enemies":"Spheric Guardian","floor":20.0,"turns":4.0},{"damage":12.0,"enemies":"Snake Plant","floor":22.0,"turns":4.0},{"damage":0.0,"enemies":"Book of Stabbing","floor":24.0,"turns":4.0},{"damage":0.0,"enemies":"Cultist and Chosen","floor":28.0,"turns":4.0},{"damage":2.0,"enemies":"Slavers","floor":31.0,"turns":3.0},{"damage":49.0,"enemies":"Champ","floor":33.0,"turns":13.0},{"damage":0.0,"enemies":"3 Darklings","floor":35.0,"turns":2.0},{"damage":15.0,"enemies":"Orb Walker","floor":36.0,"turns":5.0},{"damage":0.0,"enemies":"2 Orb Walkers","floor":38.0,"turns":2.0},{"damage":4.0,"enemies":"Maw","floor":39.0,"turns":7.0},{"damage":21.0,"enemies":"Writhing Mass","floor":41.0,"turns":5.0},{"damage":3.0,"enemies":"Giant Head","floor":42.0,"turns":8.0},{"damage":12.0,"enemies":"3 Darklings","floor":46.0,"turns":7.0},{"damage":12.0,"enemies":"Transient","floor":47.0,"turns":5.0},{"damage":8.0,"enemies":"Nemesis","floor":48.0,"turns":7.0},{"damage":51,"enemies":"Time Eater","floor":50,"turns":14},{"damage":12,"enemies":"Shield and Spear","floor":54,"turns":7},{"damage":71,"enemies":"The Heart","floor":55,"turns":10}],"seed_played":"-1899387432693020754","potions_obtained":[{"floor":0.0,"key":"PowerPotion"},{"floor":7.0,"key":"FairyPotion"},{"floor":11.0,"key":"SpeedPotion"},{"floor":12.0,"key":"BottledMiracle"},{"floor":20.0,"key":"SteroidPotion"},{"floor":31.0,"key":"Fruit Juice"},{"floor":36.0,"key":"AttackPotion"},{"floor":41.0,"key":"Explosive Potion"},{"floor":42.0,"key":"BottledMiracle"},{"floor":48.0,"key":"LiquidBronze"},{"floor":54,"key":"LiquidMemories"}],"is_trial":false,"path_per_floor":["M","M","?","M","?","R","M","R","T","$","M","M","$","?","R","B",null,"M","?","M","?","M","R","E","R","T","$","M","R","T","E","R","B",null,"M","M","$","?","M","R","M","E","T","R","?","M","M","E","R","B",null,"R","$","E","B",null],"character_chosen":"WATCHER","items_purchased":["PreservedInsect","ClockworkSouvenir","Bag of Marbles","Protect","TungstenRod","Weak Potion","Panacea+1"],"campfire_rested":3,"item_purchase_floors":[10,13,27,37,53,53,53],"current_hp_per_floor":[77,76,76,70,59,59,52,52,52,52,46,41,41,60,60,56,77,65,65,54,54,42,42,42,42,42,42,42,65,65,63,63,28,77,77,67,67,67,69,69,52,55,55,79,79,73,63,61,61,35,82,82,82,72,15],"gold":35,"neow_bonus":"BOSS_RELIC","is_daily":false,"chose_seed":false,"campfire_upgraded":7,"win_rate":0.0,"timestamp":1611485708,"path_taken":["M","M","?","M","?","R","M","R","T","$","M","M","$","?","R","BOSS","M","?","M","?","M","R","E","R","T","$","M","R","?","E","R","BOSS","M","M","$","?","M","R","M","E","T","R","?","M","M","E","R","BOSS","R","$","E","BOSS"],"items_purchased_type":["Relic","Relic","Relic","Card","Relic","Potion","Card"],"build_version":"2020-12-22","purchased_purges":1,"victory":true,"max_hp_per_floor":[77,77,77,77,77,77,77,77,77,77,77,77,77,77,77,77,77,77,77,77,77,77,77,77,77,77,77,77,77,77,77,77,77,77,77,82,82,82,82,82,82,82,82,82,82,82,82,82,82,82,82,82,82,82,82],"card_choices":[{"not_picked":["Crescendo","Halt"],"picked":"CrushJoints","floor":0.0},{"not_picked":["MentalFortress","ThirdEye"],"picked":"FlurryOfBlows","floor":1.0},{"not_picked":["Wireheading","Prostrate"],"picked":"DeceiveReality","floor":2.0},{"not_picked":["Crescendo","ForeignInfluence"],"picked":"Fasting2","floor":4.0},{"not_picked":["Evaluate","Worship"],"picked":"Wallop","floor":7.0},{"not_picked":["PathToVictory","Evaluate"],"picked":"LessonLearned","floor":11.0},{"not_picked":["ReachHeaven","EmptyMind","FlurryOfBlows"],"picked":"SKIP","floor":12.0},{"not_picked":["Blasphemy","ConjureBlade"],"picked":"Judgement","floor":16.0},{"not_picked":["PathToVictory","Collect"],"picked":"Evaluate+1","floor":18.0},{"not_picked":["Consecrate","Perseverance","BattleHymn"],"picked":"SKIP","floor":20.0},{"not_picked":["CutThroughFate","ThirdEye"],"picked":"Protect","floor":22.0},{"not_picked":["EmptyFist","EmptyMind"],"picked":"Vault","floor":24.0},{"not_picked":["PathToVictory","Consecrate","Crescendo+1"],"picked":"SKIP","floor":28.0},{"not_picked":["Adaptation","Prostrate"],"picked":"MasterReality","floor":31.0},{"not_picked":["MasterReality","Judgement"],"picked":"DevaForm","floor":33.0},{"not_picked":["Crescendo+1","ThirdEye","Weave"],"picked":"SKIP","floor":35.0},{"not_picked":["CrushJoints+1","ForeignInfluence","Fasting2"],"picked":"SKIP","floor":36.0},{"not_picked":["Crescendo+1","CutThroughFate+1"],"picked":"TalkToTheHand","floor":38.0},{"not_picked":["BowlingBash","FlurryOfBlows+1"],"picked":"ClearTheMind+1","floor":39.0},{"not_picked":["Meditate","EmptyFist"],"picked":"ReachHeaven","floor":41.0},{"not_picked":["Study","DeceiveReality+1","Perseverance+1"],"picked":"SKIP","floor":42.0},{"not_picked":["Forethought","Finesse"],"picked":"Blind","floor":45.0},{"not_picked":["Halt+1","Protect"],"picked":"FlyingSleeves+1","floor":46.0},{"not_picked":["BowlingBash+1","Brilliance","DeceiveReality"],"picked":"SKIP","floor":47.0},{"not_picked":["Adaptation","Evaluate+1","FlyingSleeves"],"picked":"SKIP","floor":48.0},{"not_picked":["SignatureMove+1","Crescendo+1","BowlingBash+1"],"picked":"SKIP","floor":54}],"player_experience":574472,"relics_obtained":[{"floor":9.0,"key":"Pantograph"},{"floor":24.0,"key":"Boot"},{"floor":30.0,"key":"Whetstone"},{"floor":31.0,"key":"Sundial"},{"floor":38.0,"key":"Bird Faced Urn"},{"floor":42.0,"key":"Ancient Tea Set"},{"floor":42.0,"key":"MealTicket"},{"floor":43.0,"key":"Ginger"},{"floor":48.0,"key":"Orichalcum"},{"floor":48.0,"key":"Toxic Egg 2"},{"floor":54,"key":"Mercury Hourglass"},{"floor":54,"key":"Damaru"}],"event_choices":[{"damage_healed":0.0,"max_hp_gain":0.0,"max_hp_loss":0.0,"gold_gain":175.0,"event_name":"Liars Game","player_choice":"AGREE","floor":3.0,"gold_loss":0.0,"damage_taken":0.0,"cards_obtained":["Doubt"]},{"damage_healed":0.0,"max_hp_gain":0.0,"max_hp_loss":0.0,"gold_gain":75.0,"event_name":"World of Goop","player_choice":"Gather Gold","floor":5.0,"gold_loss":0.0,"damage_taken":11.0},{"damage_healed":19.0,"max_hp_gain":0.0,"max_hp_loss":0.0,"gold_gain":0.0,"event_name":"Mushrooms","player_choice":"Healed and dodged fight","floor":14.0,"gold_loss":0.0,"damage_taken":0.0,"cards_obtained":["Parasite"]},{"damage_healed":0.0,"max_hp_gain":0.0,"max_hp_loss":0.0,"gold_gain":0.0,"event_name":"Ghosts","player_choice":"Ignored","floor":19.0,"gold_loss":0.0,"damage_taken":0.0},{"cards_removed":["Defend_P"],"damage_healed":0.0,"max_hp_gain":0.0,"max_hp_loss":0.0,"gold_gain":0.0,"event_name":"Beggar","player_choice":"Gave Gold","floor":21.0,"gold_loss":75.0,"damage_taken":0.0},{"damage_healed":0.0,"max_hp_gain":0.0,"max_hp_loss":0.0,"gold_gain":0.0,"event_name":"Mysterious Sphere","player_choice":"Fight","floor":38.0,"gold_loss":0.0,"damage_taken":0.0},{"damage_healed":0.0,"max_hp_gain":0.0,"max_hp_loss":0.0,"gold_gain":0.0,"event_name":"SensoryStone","player_choice":"Memory 1","floor":45.0,"gold_loss":0.0,"damage_taken":0.0}],"is_beta":false,"boss_relics":[{"not_picked":["Cursed Key","Fusion Hammer"],"picked":"Snecko Eye"},{"not_picked":["Astrolabe","Sozu"],"picked":"Black Star"}],"items_purged_floors":[10],"is_endless":false,"potions_floor_spawned":[7,11,12,16,20,24,31,33,36,41,42,47,48,54],"ascension_level":1}}