{"host":"z8rxhheekviw7a3n","time":1611465728,"event":{"mods":["AchievementEnabler","BaseMod","Highlight Path","Minty Spire (QoL Compilation)"],"gold_per_floor":[112,187,201,151,169,169,41,59,59,73,84,119,119,135,135,234,234,245,262,89,108,78,78,78],"floor_reached":23,"language":"ENG","playtime":2122,"items_purged":["Strike_B","Strike_B"],"score":195,"play_id":"fc9b17ca-a777-4da3-90d2-4ddd512daff1","local_time":"20210123212208","is_ascension_mode":false,"campfire_choices":[{"data":"Redo","floor":6,"key":"SMITH"},{"data":"Loop","floor":15,"key":"SMITH"}],"circlet_count":0,"master_deck":["Strike_B","Strike_B","Defend_B","Defend_B","Defend_B","Defend_B","Zap","Dualcast","Conserve Battery","Redo+1","Sweeping Beam","Gash","Reboot","Coolheaded","Loop+1","Creative AI","Double Energy"],"relics":["Cracked Core","Incense Burner","Mercury Hourglass","Ice Cream","Runic Pyramid"],"acts_visited":["Exordium","TheCity"],"potions_floor_usage":[12,16,16,21],"damage_taken":[{"damage":12,"enemies":"Small Slimes","floor":1,"turns":4},{"damage":11,"enemies":"Jaw Worm","floor":3,"turns":3},{"damage":0,"enemies":"Cultist","floor":5,"turns":3},{"damage":0,"enemies":"Blue Slaver","floor":8,"turns":3},{"damage":0,"enemies":"2 Fungi Beasts","floor":10,"turns":2},{"damage":3,"enemies":"Red Slaver","floor":11,"turns":3},{"damage":27,"enemies":"Gremlin Nob","floor":12,"turns":4},{"damage":4,"enemies":"Large Slime","floor":14,"turns":4},{"damage":3,"enemies":"The Guardian","floor":16,"turns":9},{"damage":3,"enemies":"Chosen","floor":18,"turns":6},{"damage":12,"enemies":"Spheric Guardian","floor":19,"turns":5},{"damage":19,"enemies":"Shelled Parasite and Fungi","floor":21,"turns":9},{"damage":49,"enemies":"Book of Stabbing","floor":23,"turns":6}],"seed_played":"-6178823138731283213","potions_obtained":[{"floor":1,"key":"FocusPotion"},{"floor":8,"key":"Strength Potion"},{"floor":10,"key":"BlessingOfTheForge"},{"floor":11,"key":"ColorlessPotion"},{"floor":14,"key":"BlessingOfTheForge"},{"floor":16,"key":"Fire Potion"},{"floor":22,"key":"PowerPotion"},{"floor":22,"key":"Explosive Potion"}],"is_trial":false,"path_per_floor":["M","?","M","?","M","R","$","M","T","M","M","E","?","M","R","B",null,"M","M","$","M","?","E"],"character_chosen":"DEFECT","items_purchased":["Sweeping Beam","Double Energy"],"campfire_rested":0,"item_purchase_floors":[7,20],"current_hp_per_floor":[63,52,41,41,41,41,41,41,41,41,38,11,36,32,32,29,75,72,60,60,41,41,0,0],"gold":78,"neow_bonus":"ONE_RARE_RELIC","is_daily":false,"chose_seed":false,"campfire_upgraded":2,"win_rate":0.0,"timestamp":1611465728,"path_taken":["M","?","M","?","M","R","?","M","T","?","M","E","?","M","R","BOSS","M","M","$","M","?","E"],"items_purchased_type":["Card","Card"],"build_version":"2020-12-22","purchased_purges":2,"victory":false,"max_hp_per_floor":[75,75,75,75,75,75,75,75,75,75,75,75,75,75,75,75,75,75,75,75,75,75,75,75],"card_choices":[{"not_picked":["Compile Driver","Coolheaded"],"picked":"Conserve Battery","floor":1},{"not_picked":["Streamline","Ball Lightning"],"picked":"Redo","floor":3},{"not_picked":["Barrage","Leap","Rebound"],"picked":"SKIP","floor":5},{"not_picked":["Hologram","Melter"],"picked":"Gash","floor":8},{"not_picked":["Beam Cell","Barrage"],"picked":"Reboot","floor":10},{"not_picked":["Stack","Sweeping Beam"],"picked":"Coolheaded","floor":11},{"not_picked":["Reprogram","Steam"],"picked":"Loop","floor":12},{"not_picked":["Steam Power","Hologram","Chaos"],"picked":"SKIP","floor":14},{"not_picked":["Seek","Electrodynamics"],"picked":"Creative AI","floor":16},{"not_picked":["Steam Power","Streamline","Auto Shields"],"picked":"SKIP","floor":18},{"not_picked":["Undo","Compile Driver","Go for the Eyes+1"],"picked":"SKIP","floor":19},{"not_picked":["Go for the Eyes+1","Steam","Reinforced Body"],"picked":"SKIP","floor":21}],"player_experience":49032,"relics_obtained":[{"floor":9,"key":"Mercury Hourglass"},{"floor":12,"key":"Ice Cream"}],"event_choices":[{"damage_healed":0,"gold_gain":75,"player_choice":"Gather Gold","damage_taken":11,"max_hp_gain":0,"max_hp_loss":0,"event_name":"World of Goop","floor":2,"gold_loss":0},{"cards_removed":["Injury"],"damage_healed":0,"gold_gain":0,"player_choice":"Card Removal","damage_taken":0,"max_hp_gain":0,"max_hp_loss":0,"event_name":"The Cleric","floor":4,"gold_loss":50},{"damage_healed":25,"gold_gain":0,"player_choice":"Banana","damage_taken":0,"max_hp_gain":0,"max_hp_loss":0,"event_name":"Big Fish","floor":13,"gold_loss":0},{"damage_healed":0,"gold_gain":0,"player_choice":"Bought 2 Potions","damage_taken":0,"max_hp_gain":0,"max_hp_loss":0,"event_name":"The Woman in Blue","floor":22,"gold_loss":0}],"is_beta":false,"boss_relics":[{"not_picked":["Fusion Hammer","SlaversCollar"],"picked":"Runic Pyramid"}],"items_purged_floors":[7,20],"is_endless":false,"potions_floor_spawned":[1,8,10,11,14,16],"killed_by":"Book of Stabbing","ascension_level":0}}