{"host":"g8ufh7m4frdlkxwv","time":1611466159,"event":{"mods":["AchievementEnabler","BaseMod","Colored Map","Dark Map","Minty Spire (QoL Compilation)","Relic Stats","StSLib","ojb\u0027s Info Mod"],"gold_per_floor":[114,39,39,64,64,64,88,121,121,121,145,178,193,208,208,303,303,326,351,68,88,138,178,178,178,178,178,213,213,247,270,270,270,270],"floor_reached":33,"language":"ENG","playtime":1767,"items_purged":[],"score":680,"play_id":"51e4da96-f7ec-442e-a53e-1042eda22ed9","local_time":"20210124062919","is_ascension_mode":true,"campfire_choices":[{"data":"Predator","floor":6.0,"key":"SMITH"},{"floor":10.0,"key":"REST"},{"data":"Terror","floor":15.0,"key":"SMITH"},{"floor":25.0,"key":"REST"},{"data":"Envenom","floor":27.0,"key":"SMITH"},{"data":"Blade Dance","floor":29.0,"key":"SMITH"},{"floor":32,"key":"REST"}],"circlet_count":0,"master_deck":["AscendersBane","Strike_G","Strike_G","Strike_G","Strike_G","Strike_G","Defend_G","Defend_G","Defend_G","Defend_G","Survivor","Neutralize","Predator+1","Dagger Spray","Flying Knee","Quick Slash","Terror+1","Cloak And Dagger","Adrenaline","Dagger Throw","Envenom+1","Leg Sweep","Skewer+1","Parasite","Blade Dance+1","Escape Plan","Venomology"],"relics":["Ring of the Snake","NeowsBlessing","Golden Idol","TungstenRod","Calipers","Pear","Cursed Key","Molten Egg 2","Bronze Scales","Bottled Tornado","Omamori","Paper Crane"],"acts_visited":["Exordium","TheCity"],"potions_floor_usage":[31,33],"damage_taken":[{"damage":0.0,"enemies":"2 Louse","floor":1.0,"turns":1.0},{"damage":0.0,"enemies":"Small Slimes","floor":4.0,"turns":1.0},{"damage":0.0,"enemies":"Jaw Worm","floor":7.0,"turns":1.0},{"damage":51.0,"enemies":"Lagavulin","floor":8.0,"turns":9.0},{"damage":0.0,"enemies":"2 Fungi Beasts","floor":11.0,"turns":3.0},{"damage":18.0,"enemies":"3 Sentries","floor":12.0,"turns":6.0},{"damage":0.0,"enemies":"3 Louse","floor":13.0,"turns":3.0},{"damage":0.0,"enemies":"Exordium Wildlife","floor":14.0,"turns":2.0},{"damage":13.0,"enemies":"Slime Boss","floor":16.0,"turns":8.0},{"damage":10.0,"enemies":"2 Thieves","floor":18.0,"turns":3.0},{"damage":11.0,"enemies":"Shell Parasite","floor":19.0,"turns":4.0},{"damage":21.0,"enemies":"Snake Plant","floor":21.0,"turns":4.0},{"damage":4.0,"enemies":"Slavers","floor":23.0,"turns":2.0},{"damage":0.0,"enemies":"Gremlin Leader","floor":28.0,"turns":3.0},{"damage":7.0,"enemies":"Book of Stabbing","floor":30.0,"turns":4.0},{"damage":12,"enemies":"Snecko","floor":31,"turns":5},{"damage":35,"enemies":"Automaton","floor":33,"turns":8}],"seed_played":"2666268601232706823","potions_obtained":[{"floor":1.0,"key":"SmokeBomb"},{"floor":12.0,"key":"SpeedPotion"},{"floor":14.0,"key":"DuplicationPotion"},{"floor":16.0,"key":"DuplicationPotion"},{"floor":21.0,"key":"SkillPotion"},{"floor":23.0,"key":"SteroidPotion"},{"floor":30.0,"key":"FearPotion"}],"is_trial":false,"path_per_floor":["M","?","?","M","?","R","M","E","T","R","M","E","M","M","R","B",null,"M","M","$","M","?","E","?","R","T","R","E","R","E","M","R","B"],"character_chosen":"THE_SILENT","items_purchased":["Molten Egg 2"],"campfire_rested":3,"item_purchase_floors":[20],"current_hp_per_floor":[59,59,59,59,59,59,59,8,8,26,26,18,18,18,18,5,54,44,33,33,12,12,8,8,29,29,29,29,29,22,10,31,0,0],"gold":270,"neow_bonus":"THREE_ENEMY_KILL","is_daily":false,"chose_seed":false,"campfire_upgraded":4,"win_rate":0.0,"timestamp":1611466159,"path_taken":["M","?","?","M","?","R","M","E","T","R","M","E","M","M","R","BOSS","M","M","$","M","?","E","?","R","T","R","E","R","E","M","R","BOSS"],"items_purchased_type":["Relic"],"build_version":"2020-12-22","purchased_purges":0,"victory":false,"max_hp_per_floor":[66,66,60,60,60,60,60,60,60,60,60,70,70,70,70,70,70,70,70,70,70,70,70,70,70,70,70,70,70,70,70,70,70,70],"relic_stats":{"counters":[17,67],"Golden Idol":95,"Bronze Scales":[48],"Cursed Key":1,"obtain_stats":[{"Calipers":9,"Pear":12,"NeowsBlessing":0,"Golden Idol":3,"Bronze Scales":23,"Molten Egg 2":20,"Omamori":28,"Bottled Tornado":26,"Paper Crane":30,"Cursed Key":17,"TungstenRod":8,"Ring of the Snake":0},{"Calipers":4,"Pear":6,"NeowsBlessing":0,"Golden Idol":1,"Bronze Scales":13,"Molten Egg 2":11,"Omamori":14,"Bottled Tornado":13,"Paper Crane":15,"Cursed Key":9,"TungstenRod":4,"Ring of the Snake":0},{"Calipers":12,"Pear":21,"NeowsBlessing":0,"Golden Idol":1,"Bronze Scales":47,"Molten Egg 2":41,"Omamori":50,"Bottled Tornado":47,"Paper Crane":54,"Cursed Key":34,"TungstenRod":12,"Ring of the Snake":0}],"TungstenRod":22,"Ring of the Snake":[34]},"card_choices":[{"not_picked":["Calculated Gamble","Cloak And Dagger"],"picked":"Predator","floor":1.0},{"not_picked":["Dodge and Roll","Heel Hook"],"picked":"Dagger Spray","floor":4.0},{"not_picked":["Well Laid Plans","Backflip"],"picked":"Flying Knee","floor":7.0},{"not_picked":["Envenom","Blur"],"picked":"Quick Slash","floor":8.0},{"not_picked":["Backflip","Blade Dance"],"picked":"Terror","floor":11.0},{"not_picked":["Expertise","Quick Slash"],"picked":"Cloak And Dagger","floor":12.0},{"not_picked":["Distraction","PiercingWail"],"picked":"Adrenaline","floor":13.0},{"not_picked":["Dodge and Roll","Prepared"],"picked":"Dagger Throw","floor":14.0},{"not_picked":["A Thousand Cuts","Night Terror"],"picked":"Envenom","floor":16.0},{"not_picked":["Backflip","Flying Knee"],"picked":"Leg Sweep","floor":18.0},{"not_picked":["Eviscerate","Sucker Punch","Dodge and Roll"],"picked":"SKIP","floor":19.0},{"not_picked":["Flying Knee+1","Storm of Steel"],"picked":"Skewer+1","floor":21.0},{"not_picked":["Deadly Poison","Noxious Fumes","Deflect"],"picked":"SKIP","floor":23.0},{"not_picked":["Slice+1","Poisoned Stab+1"],"picked":"Blade Dance","floor":28.0},{"not_picked":["Infinite Blades+1","Flechettes+1"],"picked":"Escape Plan","floor":30.0},{"not_picked":["All Out Attack+1","Underhanded Strike+1"],"picked":"Venomology","floor":31}],"player_experience":1099573,"relics_obtained":[{"floor":8.0,"key":"TungstenRod"},{"floor":9.0,"key":"Calipers"},{"floor":12.0,"key":"Pear"},{"floor":23.0,"key":"Bronze Scales"},{"floor":26.0,"key":"Bottled Tornado"},{"floor":28.0,"key":"Omamori"},{"floor":30.0,"key":"Paper Crane"}],"event_choices":[{"cards_removed":["Defend_G"],"damage_healed":0.0,"max_hp_gain":0.0,"max_hp_loss":0.0,"gold_gain":0.0,"event_name":"The Cleric","player_choice":"Card Removal","floor":2.0,"gold_loss":75.0,"damage_taken":0.0},{"damage_healed":0.0,"max_hp_gain":0.0,"max_hp_loss":6.0,"gold_gain":0.0,"event_name":"Golden Idol","player_choice":"Lose Max HP","floor":3.0,"gold_loss":0.0,"damage_taken":0.0,"relics_obtained":["Golden Idol"]},{"damage_healed":0.0,"max_hp_gain":0.0,"max_hp_loss":0.0,"gold_gain":0.0,"event_name":"Liars Game","player_choice":"Ignored","floor":5.0,"gold_loss":0.0,"damage_taken":0.0},{"damage_healed":0.0,"max_hp_gain":0.0,"max_hp_loss":0.0,"gold_gain":50.0,"event_name":"Nest","player_choice":"Stole From Cult","floor":22.0,"gold_loss":0.0,"damage_taken":0.0},{"damage_healed":0.0,"max_hp_gain":0.0,"max_hp_loss":0.0,"gold_gain":0.0,"event_name":"The Mausoleum","player_choice":"Ignored","floor":24.0,"gold_loss":0.0,"damage_taken":0.0}],"is_beta":false,"boss_relics":[{"not_picked":["Sozu","WristBlade"],"picked":"Cursed Key"}],"items_purged_floors":[],"is_endless":false,"potions_floor_spawned":[1,12,14,16,21,23,30],"killed_by":"Automaton","ascension_level":20}}