{"host":"ggy1mjjy92c62u6a","time":1611494655,"event":{"mods":["10 clothes from DAL","ATMod(∞¢Ë™Mod)","Act Like it!","BaseMod","Colored Powertips","Downfall","GifTheSpireLib","Minty Spire (QoL Compilation)","Quick Restart","Relic Stats","Shop Mod","Spicy Shops","StSLib","TestMod","°æπ¶ƒ‹Mod°øªÏ„Á÷Æª∑–ﬁ∏¥≤π∂°","°æ“≈ŒÔMod°øÀ¿¡È∑® ¶NEW","°æ“≈ŒÔø®≈∆°øREMEMod"],"gold_per_floor":[99,156,192,476,94,94,94],"floor_reached":6,"language":"ZHS","playtime":219,"items_purged":["Regret"],"score":168,"play_id":"cc9a51c2-5391-484c-8639-42019637aa75","local_time":"20210124212415","daily_mods":["SealedDeck","Vintage","Heirloom","Flight","downfall:Lament","DeadlyEvents","Midas"],"is_ascension_mode":true,"campfire_choices":[{"floor":1.0,"key":"RECALL"}],"circlet_count":0,"master_deck":["AscendersBane","Summon_Lich","Summon_Lich","Summon_Lich","Toxic_Smoke_Screen","Acid_Javelin","PosionWeak","PosionWeak","Toxic_Smoke_Screen","Spectral_Walk","Spectral_Walk","AT_RealColorLess","Summon_Undead","Finesse"],"relics":["Vampire_Amulet","REME_ComplimentaryCards","AT_ATBox","testmod-TestBox","NeowsBlessing","Turnip","testmod-Prudence","Unceasing Top","CeramicFish","testmod-Register","AT_SpeedBoots"],"acts_visited":["Exordium"],"potions_floor_usage":[],"damage_taken":[{"damage":0.0,"enemies":"Jaw Worm","floor":2.0,"turns":2.0},{"damage":0.0,"enemies":"Cultist","floor":3.0,"turns":1.0},{"damage":0.0,"enemies":"downfall:FleeingMerchant","floor":5.0,"turns":1.0},{"damage":50,"enemies":"Gremlin Nob","floor":6,"turns":5}],"seed_played":"7312537920170998950","potions_obtained":[],"is_trial":true,"path_per_floor":["R","M","M","?","$","E"],"character_chosen":"NECROMANCER","items_purchased":["Finesse","testmod-Register","AT_SpeedBoots"],"campfire_rested":0,"item_purchase_floors":[5,5,5],"current_hp_per_floor":[59,59,59,59,59,9,9],"gold":94,"neow_bonus":"","is_daily":false,"chose_seed":false,"campfire_upgraded":0,"win_rate":0.0,"timestamp":1611494655,"path_taken":["R","M","M","?","$","E"],"items_purchased_type":["Card","Relic","Relic"],"build_version":"2020-12-22","purchased_purges":1,"victory":false,"max_hp_per_floor":[65,65,65,65,65,65,65],"relic_stats":{"counters":[4,9],"CeramicFish":27,"Turnip":[0],"obtain_stats":[{"AT_SpeedBoots":5,"AT_ATBox":0,"testmod-TestBox":0,"testmod-Prudence":0,"NeowsBlessing":0,"testmod-Register":5,"CeramicFish":3,"Vampire_Amulet":0,"Turnip":0,"Unceasing Top":2,"REME_ComplimentaryCards":0},{"AT_SpeedBoots":3,"AT_ATBox":0,"testmod-TestBox":0,"testmod-Prudence":0,"NeowsBlessing":0,"testmod-Register":3,"CeramicFish":2,"Vampire_Amulet":0,"Turnip":0,"Unceasing Top":1,"REME_ComplimentaryCards":0},{"AT_SpeedBoots":4,"AT_ATBox":0,"testmod-TestBox":0,"testmod-Prudence":0,"NeowsBlessing":0,"testmod-Register":4,"CeramicFish":3,"Vampire_Amulet":0,"Turnip":0,"Unceasing Top":2,"REME_ComplimentaryCards":0}],"Unceasing Top":[0]},"card_choices":[{"not_picked":["Bone_Armory","Bone_Shift"],"picked":"Summon_Undead","floor":5.0}],"player_experience":76553,"relics_obtained":[{"floor":2.0,"key":"Unceasing Top"},{"floor":3.0,"key":"CeramicFish"}],"event_choices":[],"is_beta":false,"boss_relics":[],"items_purged_floors":[5],"is_endless":true,"potions_floor_spawned":[],"killed_by":"Gremlin Nob","ascension_level":20}}