{"host":"8inpc3yxphy2r27y","time":1611481594,"event":{"mods":["100% Spire Juice","ATMod(阿瑾Mod)","Aspiration","Bard","BaseMod","Better Synergies","Better Vampires","Challenge The Spire","Conspire","Downfall","Energized Spire","FutureSeer","Gremlin Mod","GungeonMod","Highlight Path","KinomotoSakuraMod(木之本樱)","Lobotomy","LobotomyExtend","Minty Spire (QoL Compilation)","Quick Restart","READ ME - Guardian Mod","Relic Stats","Replay The Spire","RumiaBox-露米娅的神秘盒子","Ryuuou龙王","SIMod","Shop Mod","Spicy Shops","StSLib","TestMod","The Construct","The Cursed","The Gatherer","The Hierophant","The Poker Player","UnlockEverythingMod","Waifu the Spire","[IsaacMod]以撒尖塔","[JumpMod]舞动尖塔","noobMod","vexMod","【遗物卡牌】REMEMod","残留之物","篝火指南"],"gold_per_floor":[129,211,211,231,42,42,42],"floor_reached":6,"language":"ZHS","playtime":564,"items_purged":[],"score":34,"play_id":"df0693f3-71aa-452f-b35d-efc8157df4f0","local_time":"20210124174634","is_ascension_mode":false,"campfire_choices":[],"circlet_count":0,"master_deck":["PlaceholderMod:BaseStrike","PlaceholderMod:BaseStrike","PlaceholderMod:BaseStrike","PlaceholderMod:BaseStrike","PlaceholderMod:BaseStrike","PlaceholderMod:BaseDefend","PlaceholderMod:BaseDefend","PlaceholderMod:BaseDefend","PlaceholderMod:BaseDefend","PlaceholderMod:BaseDefend","PlaceholderMod:Crystal","PlaceholderMod:PoisonWhip","AT_FamilyPortrait","testmod-VirtualReality","PlaceholderMod:RadicalHit","REME_ProfessionalPlagiarism+1","PlaceholderMod:DirectingGroup"],"relics":["HushsDoor","REME_ComplimentaryCards","testmod-TestBox","AT_ATBox","HowToJump","ice","SteamSale","testmod-Déjàvu","testmod-IncinerationGenerator","LetterFromLob","Baka","DemoMod:GlassGuonStoneRelic","conspire:TreasureMap","REME_HandOfSuture","vexMod:GhostlyGear"],"acts_visited":["Exordium"],"potions_floor_usage":[],"damage_taken":[{"damage":0.0,"enemies":"Small Slimes","floor":1.0,"turns":4.0},{"damage":0,"enemies":"Cultist","floor":4,"turns":2},{"damage":0,"enemies":"Gremlin Nob","floor":6,"turns":1}],"seed_played":"1800568489637828998","potions_obtained":[],"is_trial":false,"path_per_floor":["M","?","?","M","$","E"],"character_chosen":"THE_PLACEHOLDER","items_purchased":["conspire:TreasureMap","REME_HandOfSuture","vexMod:GhostlyGear"],"campfire_rested":0,"item_purchase_floors":[5,5,5],"current_hp_per_floor":[78,63,63,63,63,-999921,-999921],"gold":42,"neow_bonus":"BOSS_RELIC","is_daily":false,"chose_seed":false,"campfire_upgraded":0,"win_rate":0.0,"timestamp":1611481594,"path_taken":["M","?","?","M","?","E"],"items_purchased_type":["Relic","Relic","Relic"],"build_version":"2020-12-22","purchased_purges":0,"victory":false,"max_hp_per_floor":[78,78,78,78,78,78,78],"relic_stats":{"counters":[3,7],"obtain_stats":[{"KeepersGift":0,"PlaceholderMod:Tancle":0,"conspire:TreasureMap":5,"testmod-TestBox":0,"AT_ATBox":0,"HowToJump":0,"testmod-IncinerationGenerator":0,"DemoMod:GlassGuonStoneRelic":4,"ice":0,"Baka":1,"SteamSale":0,"vexMod:GhostlyGear":5,"testmod-Déjàvu":0,"REME_HandOfSuture":5,"LetterFromLob":1,"HushsDoor":0,"REME_ComplimentaryCards":0},{"KeepersGift":0,"PlaceholderMod:Tancle":0,"conspire:TreasureMap":2,"testmod-TestBox":0,"AT_ATBox":0,"HowToJump":0,"testmod-IncinerationGenerator":0,"DemoMod:GlassGuonStoneRelic":2,"ice":0,"Baka":1,"SteamSale":0,"vexMod:GhostlyGear":2,"testmod-Déjàvu":0,"REME_HandOfSuture":2,"LetterFromLob":1,"HushsDoor":0,"REME_ComplimentaryCards":0},{"KeepersGift":0,"PlaceholderMod:Tancle":0,"conspire:TreasureMap":6,"testmod-TestBox":0,"AT_ATBox":0,"HowToJump":0,"testmod-IncinerationGenerator":0,"DemoMod:GlassGuonStoneRelic":6,"ice":0,"Baka":4,"SteamSale":0,"vexMod:GhostlyGear":6,"testmod-Déjàvu":0,"REME_HandOfSuture":6,"LetterFromLob":4,"HushsDoor":0,"REME_ComplimentaryCards":0}]},"card_choices":[{"not_picked":[],"picked":"BettingIsNotGood","floor":0.0},{"not_picked":["PlaceholderMod:Package","PlaceholderMod:StrongAcid"],"picked":"PlaceholderMod:RadicalHit","floor":1.0},{"not_picked":["PlaceholderMod:UnpureUse","PlaceholderMod:AttackAsDefend"],"picked":"PlaceholderMod:DirectingGroup","floor":4}],"player_experience":70174,"relics_obtained":[{"floor":1.0,"key":"LetterFromLob"},{"floor":1.0,"key":"Baka"}],"event_choices":[],"is_beta":false,"boss_relics":[],"items_purged_floors":[],"is_endless":false,"potions_floor_spawned":[],"killed_by":"Gremlin Nob","ascension_level":0}}