{"host":"bxn2em57qlx5u4i0","time":1611521509,"event":{"mods":["BaseMod","Colored Map","Colored Powertips","Highlight Path","Minty Spire (QoL Compilation)","Random Character Button","Relic Sorter","Relic Stats","StSLib","SuperFastMode"],"gold_per_floor":[116,191,191,208,37,65,65,100,100,128,140,77,89,116,128,216,228,253,285,297,327,356,368,414,426,438,483,495,542,554,583,595,685,697,723,752,1,13,13,46,46,81,107,121,121,133,33,33,33,33,33,33,33,33,33,33],"floor_reached":55,"language":"ENG","playtime":2596,"items_purged":["Strike_G","Defend_G+1"],"score":2227,"play_id":"9691a034-14e4-4e14-a602-6b0a71dbd69f","local_time":"20210124155149","is_ascension_mode":true,"campfire_choices":[{"data":"Deadly Poison","floor":7.0,"key":"SMITH"},{"data":"Riddle With Holes","floor":13.0,"key":"SMITH"},{"data":"Neutralize","floor":15.0,"key":"SMITH"},{"data":"Reflex","floor":23.0,"key":"SMITH"},{"data":"Catalyst","floor":25.0,"key":"SMITH"},{"floor":28.0,"key":"REST"},{"data":"Tactician","floor":32.0,"key":"SMITH"},{"floor":41.0,"key":"RECALL"},{"data":"Acrobatics","floor":49,"key":"SMITH"},{"data":"Purity","floor":53,"key":"SMITH"}],"circlet_count":0,"master_deck":["AscendersBane","Defend_G+1","Defend_G+1","Defend_G+1","Defend_G+1","Survivor+1","Neutralize+1","Deadly Poison+1","Poisoned Stab+1","Poisoned Stab+1","Riddle With Holes+1","PiercingWail+1","Tools of the Trade+1","Venomology+1","Escape Plan+1","Bullet Time+1","Catalyst+1","Reflex+1","Backflip+1","Backflip+1","Tactician+1","Burst+1","Calculated Gamble+1","Tactician+1","Endless Agony+1","Acrobatics+1","Acrobatics+1","Purity+1","Dodge and Roll+1"],"relics":["Ring of the Snake","NeowsBlessing","ClockworkSouvenir","Mercury Hourglass","MealTicket","Shuriken","MawBank","Astrolabe","Regal Pillow","Tingsha","Incense Burner","Ancient Tea Set","HoveringKite","Kunai","CaptainsWheel","Mark of the Bloom","Question Card","Juzu Bracelet","Art of War"],"acts_visited":["Exordium","TheCity","TheBeyond","TheEnding"],"potions_floor_usage":[44,46,50,51,55,55],"damage_taken":[{"damage":0.0,"enemies":"2 Louse","floor":1.0,"turns":1.0},{"damage":0.0,"enemies":"Jaw Worm","floor":4.0,"turns":1.0},{"damage":0.0,"enemies":"Gremlin Nob","floor":6.0,"turns":1.0},{"damage":7.0,"enemies":"3 Sentries","floor":8.0,"turns":7.0},{"damage":20.0,"enemies":"Gremlin Nob","floor":10.0,"turns":4.0},{"damage":0.0,"enemies":"Cultist","floor":14.0,"turns":3.0},{"damage":36.0,"enemies":"The Guardian","floor":16.0,"turns":9.0},{"damage":1.0,"enemies":"Spheric Guardian","floor":18.0,"turns":5.0},{"damage":10.0,"enemies":"Shell Parasite","floor":19.0,"turns":6.0},{"damage":1.0,"enemies":"Snake Plant","floor":21.0,"turns":5.0},{"damage":8.0,"enemies":"Snecko","floor":22.0,"turns":4.0},{"damage":2.0,"enemies":"Book of Stabbing","floor":24.0,"turns":4.0},{"damage":4.0,"enemies":"Gremlin Leader","floor":27.0,"turns":7.0},{"damage":22.0,"enemies":"Slavers","floor":29.0,"turns":5.0},{"damage":1.0,"enemies":"Cultist and Chosen","floor":31.0,"turns":8.0},{"damage":37.0,"enemies":"Automaton","floor":33.0,"turns":12.0},{"damage":9.0,"enemies":"3 Darklings","floor":35.0,"turns":6.0},{"damage":1.0,"enemies":"3 Shapes","floor":36.0,"turns":4.0},{"damage":1.0,"enemies":"Writhing Mass","floor":38.0,"turns":4.0},{"damage":0.0,"enemies":"Reptomancer","floor":40.0,"turns":1.0},{"damage":1.0,"enemies":"Giant Head","floor":42.0,"turns":5.0},{"damage":0,"enemies":"Jaw Worm Horde","floor":44,"turns":7},{"damage":0,"enemies":"Spire Growth","floor":46,"turns":4},{"damage":0,"enemies":"Awakened One","floor":50,"turns":8},{"damage":9,"enemies":"Time Eater","floor":51,"turns":7},{"damage":34,"enemies":"Shield and Spear","floor":55,"turns":5}],"seed_played":"-5989832406413377008","potions_obtained":[{"floor":4.0,"key":"DistilledChaos"},{"floor":10.0,"key":"SkillPotion"},{"floor":14.0,"key":"EssenceOfSteel"},{"floor":16.0,"key":"Block Potion"},{"floor":19.0,"key":"BlessingOfTheForge"},{"floor":27.0,"key":"SpeedPotion"},{"floor":29.0,"key":"SpeedPotion"},{"floor":40.0,"key":"CunningPotion"},{"floor":42.0,"key":"Energy Potion"}],"is_trial":false,"path_per_floor":["M","?","?","M","$","E","R","E","T","E","$","?","R","M","R","B",null,"M","M","T","M","M","R","E","R","T","E","R","E","?","M","R","B",null,"M","M","$","M","?","E","R","E","T","M","?","M","$","?","R","B","B",null,"R","$","E"],"character_chosen":"THE_SILENT","items_purchased":["ClockworkSouvenir","Kunai","CaptainsWheel","Endless Agony"],"campfire_rested":1,"item_purchase_floors":[5,37,37,37],"current_hp_per_floor":[59,48,66,66,66,66,66,59,59,39,54,54,54,54,54,18,54,53,43,43,42,34,34,32,32,32,28,62,40,40,39,39,2,50,41,40,55,54,54,54,54,53,53,53,53,53,53,53,53,53,44,44,44,44,10,10],"gold":33,"neow_bonus":"THREE_ENEMY_KILL","is_daily":false,"chose_seed":false,"campfire_upgraded":8,"win_rate":0.0,"timestamp":1611521509,"path_taken":["M","?","?","M","?","E","R","E","T","E","$","?","R","?","R","BOSS","M","M","?","M","?","R","E","R","T","E","R","E","?","M","R","BOSS","M","M","$","M","?","E","R","E","T","M","?","M","?","?","R","BOSS","BOSS","R","$","E"],"items_purchased_type":["Relic","Relic","Relic","Card"],"build_version":"2020-12-22","purchased_purges":2,"victory":false,"max_hp_per_floor":[66,66,66,66,66,66,66,66,66,66,66,66,66,66,66,66,66,66,66,66,66,66,66,66,66,66,66,66,66,66,66,66,66,66,66,66,66,66,66,66,66,66,66,66,66,66,66,63,63,63,63,63,63,63,63,63],"relic_stats":{"Regal Pillow":15,"Mark of the Bloom":44,"counters":[26,132],"Astrolabe":["Venomology","Escape Plan","Bullet Time"],"HoveringKite":[45],"Tingsha":[549],"Juzu Bracelet":0,"MawBank":324,"Question Card":4,"Mercury Hourglass":[464],"Shuriken":[29],"MealTicket":30,"Art of War":[5],"Kunai":[15],"obtain_stats":[{"Regal Pillow":20,"Mark of the Bloom":39,"NeowsBlessing":0,"Astrolabe":17,"HoveringKite":34,"Tingsha":24,"Incense Burner":27,"Juzu Bracelet":42,"MawBank":10,"Ancient Tea Set":29,"Question Card":40,"ClockworkSouvenir":5,"Mercury Hourglass":6,"CaptainsWheel":37,"Shuriken":9,"MealTicket":8,"Art of War":43,"Kunai":37,"Ring of the Snake":0},{"Regal Pillow":9,"Mark of the Bloom":19,"NeowsBlessing":0,"Astrolabe":7,"HoveringKite":16,"Tingsha":12,"Incense Burner":13,"Juzu Bracelet":21,"MawBank":5,"Ancient Tea Set":14,"Question Card":20,"ClockworkSouvenir":2,"Mercury Hourglass":3,"CaptainsWheel":18,"Shuriken":4,"MealTicket":4,"Art of War":21,"Kunai":18,"Ring of the Snake":0},{"Regal Pillow":37,"Mark of the Bloom":95,"NeowsBlessing":0,"Astrolabe":26,"HoveringKite":81,"Tingsha":49,"Incense Burner":56,"Juzu Bracelet":101,"MawBank":14,"Ancient Tea Set":61,"Question Card":96,"ClockworkSouvenir":2,"Mercury Hourglass":3,"CaptainsWheel":91,"Shuriken":10,"MealTicket":10,"Art of War":101,"Kunai":91,"Ring of the Snake":0}],"Ring of the Snake":[52]},"card_choices":[{"not_picked":["Deflect","Outmaneuver"],"picked":"Deadly Poison","floor":1.0},{"not_picked":["PiercingWail","Endless Agony"],"picked":"Poisoned Stab","floor":4.0},{"not_picked":["Prepared","Expertise"],"picked":"Poisoned Stab","floor":6.0},{"not_picked":["Flying Knee","Quick Slash","Sucker Punch"],"picked":"SKIP","floor":8.0},{"not_picked":["Flying Knee","Riddle With Holes","Slice"],"picked":"SKIP","floor":10.0},{"not_picked":["Flying Knee","Slice"],"picked":"Riddle With Holes","floor":10.0},{"not_picked":["A Thousand Cuts","Predator"],"picked":"PiercingWail","floor":14.0},{"not_picked":["Grand Finale","Malaise"],"picked":"Tools of the Trade","floor":16.0},{"not_picked":["Prepared","Quick Slash","Concentrate"],"picked":"SKIP","floor":18.0},{"not_picked":["Flying Knee","Predator"],"picked":"Catalyst","floor":19.0},{"not_picked":["Setup","Eviscerate","Finisher"],"picked":"SKIP","floor":21.0},{"not_picked":["Bane+1","Predator"],"picked":"Reflex","floor":22.0},{"not_picked":["Caltrops+1","Finisher","All Out Attack"],"picked":"SKIP","floor":24.0},{"not_picked":["Heel Hook","Venomology"],"picked":"Backflip+1","floor":27.0},{"not_picked":["Backstab+1","Outmaneuver"],"picked":"Backflip","floor":29.0},{"not_picked":["Underhanded Strike","Slice"],"picked":"Tactician","floor":31.0},{"not_picked":["Venomology","Phantasmal Killer"],"picked":"Burst","floor":33.0},{"not_picked":["Deflect+1","PiercingWail"],"picked":"Calculated Gamble+1","floor":35.0},{"not_picked":["Quick Slash+1","Outmaneuver+1"],"picked":"Tactician+1","floor":36.0},{"not_picked":["Bane+1","Underhanded Strike+1"],"picked":"Acrobatics","floor":38.0},{"not_picked":["Sucker Punch","Dagger Throw","Slice"],"picked":"SKIP","floor":40.0},{"not_picked":["PiercingWail","Sucker Punch","Underhanded Strike+1"],"picked":"Acrobatics","floor":42.0},{"not_picked":["Deadly Poison","Slice+1","A Thousand Cuts","Underhanded Strike"],"picked":"SKIP","floor":44},{"not_picked":["Secret Weapon","Enlightenment","Magnetism"],"picked":"Purity","floor":45},{"not_picked":["Dagger Spray","Sucker Punch","PiercingWail","Dodge and Roll+1"],"picked":"SKIP","floor":46},{"not_picked":["Dagger Spray","Sucker Punch","PiercingWail"],"picked":"Dodge and Roll+1","floor":46}],"player_experience":2924294,"relics_obtained":[{"floor":6.0,"key":"Mercury Hourglass"},{"floor":8.0,"key":"MealTicket"},{"floor":9.0,"key":"Shuriken"},{"floor":10.0,"key":"MawBank"},{"floor":20.0,"key":"Regal Pillow"},{"floor":24.0,"key":"Tingsha"},{"floor":27.0,"key":"Incense Burner"},{"floor":29.0,"key":"Ancient Tea Set"},{"floor":40.0,"key":"Question Card"},{"floor":42.0,"key":"Juzu Bracelet"},{"floor":43.0,"key":"Art of War"}],"event_choices":[{"damage_healed":0.0,"max_hp_gain":0.0,"max_hp_loss":0.0,"gold_gain":75.0,"event_name":"World of Goop","player_choice":"Gather Gold","floor":2.0,"gold_loss":0.0,"damage_taken":11.0},{"damage_healed":22.0,"max_hp_gain":0.0,"max_hp_loss":0.0,"gold_gain":0.0,"event_name":"Big Fish","player_choice":"Banana","floor":3.0,"gold_loss":0.0,"damage_taken":0.0},{"cards_removed":["Strike_G"],"damage_healed":0.0,"max_hp_gain":0.0,"max_hp_loss":0.0,"gold_gain":0.0,"event_name":"The Cleric","player_choice":"Card Removal","floor":12.0,"gold_loss":75.0,"damage_taken":0.0},{"damage_healed":0.0,"max_hp_gain":0.0,"max_hp_loss":0.0,"gold_gain":0.0,"event_name":"The Mausoleum","player_choice":"Ignored","floor":30.0,"gold_loss":0.0,"damage_taken":0.0},{"damage_healed":0.0,"max_hp_gain":0.0,"max_hp_loss":0.0,"gold_gain":0.0,"event_name":"MindBloom","player_choice":"Upgrade","floor":39.0,"gold_loss":0.0,"damage_taken":0.0,"cards_upgraded":["Defend_G","Defend_G","Defend_G","Defend_G","Defend_G","Survivor","Poisoned Stab","Poisoned Stab","PiercingWail","Tools of the Trade","Backflip","Burst","Endless Agony","Acrobatics"],"relics_obtained":["Mark of the Bloom"]},{"damage_healed":0,"gold_gain":0,"player_choice":"Memory 1","damage_taken":0,"max_hp_gain":0,"max_hp_loss":0,"event_name":"SensoryStone","floor":45,"gold_loss":0},{"damage_healed":0,"gold_gain":0,"player_choice":"Max HP","damage_taken":0,"max_hp_gain":0,"max_hp_loss":3,"event_name":"Winding Halls","floor":48,"gold_loss":0}],"is_beta":false,"boss_relics":[{"not_picked":["WristBlade","Ectoplasm"],"picked":"Astrolabe"},{"not_picked":["Cursed Key","SlaversCollar"],"picked":"HoveringKite"}],"items_purged_floors":[37,47],"is_endless":false,"potions_floor_spawned":[4,10,14,16,19,27,29,36,40,42,44],"killed_by":"Shield and Spear","ascension_level":20}}