{"host":"6a9c3xws62y7efyw","time":1611475224,"event":{"mods":["BaseMod","Colored Map","Minty Spire (QoL Compilation)","Relic Stats","StSLib"],"gold_per_floor":[114,114,114,126,139,139,139],"floor_reached":6,"language":"ENG","playtime":558,"items_purged":[],"score":72,"play_id":"9a5004d1-edc4-4bcc-8837-d389fe3002af","local_time":"20210124000024","is_ascension_mode":true,"campfire_choices":[],"circlet_count":0,"master_deck":["AscendersBane","Strike_G","Strike_G","Strike_G","Strike_G+1","Strike_G","Defend_G","Defend_G","Defend_G","Defend_G","Defend_G","Survivor","Neutralize+1","Wraith Form v2","Deadly Poison","After Image","Cloak And Dagger"],"relics":["Ring of the Snake","Ginger"],"acts_visited":["Exordium"],"potions_floor_usage":[6],"damage_taken":[{"damage":1,"enemies":"Jaw Worm","floor":1,"turns":5},{"damage":0,"enemies":"2 Louse","floor":4,"turns":2},{"damage":1,"enemies":"Small Slimes","floor":5,"turns":5},{"damage":21,"enemies":"Lagavulin","floor":6,"turns":8}],"seed_played":"-4816118729447032917","potions_obtained":[{"floor":1,"key":"PowerPotion"}],"is_trial":false,"path_per_floor":["M","?","?","M","M","E"],"character_chosen":"THE_SILENT","items_purchased":[],"campfire_rested":0,"item_purchase_floors":[],"current_hp_per_floor":[43,23,18,18,17,0,0],"gold":139,"neow_bonus":"THREE_RARE_CARDS","is_daily":false,"chose_seed":false,"campfire_upgraded":0,"win_rate":0.0,"timestamp":1611475224,"path_taken":["M","?","?","M","M","E"],"items_purchased_type":[],"build_version":"2020-12-22","purchased_purges":0,"victory":false,"max_hp_per_floor":[66,66,66,66,66,66,66],"relic_stats":{"counters":[4,20],"Ginger":[0],"obtain_stats":[{"Ginger":3,"Ring of the Snake":0},{"Ginger":1,"Ring of the Snake":0},{"Ginger":5,"Ring of the Snake":0}],"Ring of the Snake":[8]},"card_choices":[{"not_picked":["Malaise","After Image"],"picked":"Wraith Form v2","floor":0},{"not_picked":["Prepared","Finisher"],"picked":"Deadly Poison","floor":1},{"not_picked":["Acrobatics","Blur"],"picked":"After Image","floor":4},{"not_picked":["PiercingWail","Terror"],"picked":"Cloak And Dagger","floor":5}],"player_experience":1410608,"relics_obtained":[],"event_choices":[{"damage_healed":0,"gold_gain":0,"player_choice":"Entered Light","damage_taken":20,"max_hp_gain":0,"max_hp_loss":0,"event_name":"Shining Light","floor":2,"gold_loss":0,"cards_upgraded":["Neutralize","Strike_G"]},{"damage_healed":0,"gold_gain":0,"player_choice":"Success","damage_taken":5,"relics_obtained":["Ginger"],"max_hp_gain":0,"max_hp_loss":0,"event_name":"Scrap Ooze","floor":3,"gold_loss":0}],"is_beta":false,"boss_relics":[],"items_purged_floors":[],"is_endless":false,"potions_floor_spawned":[1],"killed_by":"Lagavulin","ascension_level":20}}