{"host":"0kk91h4bq4kgfj0u","time":1611517748,"event":{"mods":["BaseMod","Minty Spire (QoL Compilation)","StSLib"],"gold_per_floor":[117,134,146,146,164,198,198,45,72,72,111,198,234,287,299,437,449,476,488,486,498,543,555,580,592,604,616,649,661,2,0,0,0,0],"floor_reached":33,"language":"ENG","playtime":907,"items_purged":[],"score":371,"play_id":"9d7fbe76-0ff5-42fe-8b3e-270776ab7fd1","local_time":"20210124144908","is_ascension_mode":true,"campfire_choices":[{"floor":7,"key":"REST"},{"floor":10,"key":"REST"},{"floor":15,"key":"REST"},{"floor":23,"key":"REST"},{"floor":25,"key":"REST"},{"floor":32,"key":"REST"}],"circlet_count":0,"master_deck":["Strike_R","Strike_R","Strike_R","Strike_R","Strike_R","Defend_R","Defend_R","Defend_R","Defend_R","Bash+1","Heavy Blade","Inflame","Cleave","Injury","Fire Breathing","Clothesline","Flame Barrier","Anger","Reaper","Infernal Blade","Shrug It Off","Power Through","Searing Blow","Inflame+1","Panache","Dramatic Entrance","Limit Break","Iron Wave","Whirlwind","Barricade"],"relics":["Burning Blood","Golden Idol","PreservedInsect","Vajra","Anchor","MawBank","Girya","Bottled Tornado"],"acts_visited":["Exordium","TheCity"],"potions_floor_usage":[14,16,18,22,24,33,33],"damage_taken":[{"damage":9.0,"enemies":"Jaw Worm","floor":1.0,"turns":3.0},{"damage":0.0,"enemies":"2 Louse","floor":2.0,"turns":2.0},{"damage":7.0,"enemies":"Small Slimes","floor":3.0,"turns":3.0},{"damage":16.0,"enemies":"2 Fungi Beasts","floor":5.0,"turns":4.0},{"damage":50.0,"enemies":"3 Sentries","floor":6.0,"turns":8.0},{"damage":20,"enemies":"Lagavulin","floor":11,"turns":5},{"damage":11,"enemies":"Looter","floor":13,"turns":3},{"damage":16,"enemies":"Gremlin Nob","floor":14,"turns":3},{"damage":40,"enemies":"Hexaghost","floor":16,"turns":11},{"damage":32,"enemies":"3 Byrds","floor":18,"turns":5},{"damage":12,"enemies":"2 Thieves","floor":20,"turns":4},{"damage":46,"enemies":"Sentry and Sphere","floor":22,"turns":6},{"damage":20,"enemies":"Snecko","floor":24,"turns":5},{"damage":47,"enemies":"Cultist and Chosen","floor":28,"turns":8},{"damage":65,"enemies":"Champ","floor":33,"turns":7}],"seed_played":"151666843839002269","potions_obtained":[{"floor":2.0,"key":"ElixirPotion"},{"floor":5.0,"key":"PowerPotion"},{"floor":6,"key":"Fire Potion"},{"floor":16,"key":"Block Potion"},{"floor":20,"key":"ColorlessPotion"},{"floor":22,"key":"ColorlessPotion"},{"floor":28,"key":"Swift Potion"}],"is_trial":false,"path_per_floor":["M","M","M","?","M","E","R","$","T","R","E","?","M","E","R","B",null,"M","?","M","?","M","R","M","R","T","?","M","?","$","?","R","B"],"character_chosen":"IRONCLAD","items_purchased":["Vajra","Panache","Dramatic Entrance","Limit Break","Iron Wave","Whirlwind","Barricade","Energy Potion"],"campfire_rested":6,"item_purchase_floors":[8,30,30,30,30,30,30,30],"current_hp_per_floor":[69,75,74,74,64,20,44,44,44,68,54,43,38,28,52,18,65,45,45,53,53,20,44,40,64,64,64,37,37,37,37,61,0,0],"gold":0,"neow_bonus":"UPGRADE_CARD","is_daily":false,"chose_seed":false,"campfire_upgraded":0,"win_rate":0.0,"timestamp":1611517748,"path_taken":["M","M","M","?","M","E","R","$","T","R","E","?","M","E","R","BOSS","M","?","M","?","M","R","M","R","T","?","M","?","$","?","R","BOSS"],"items_purchased_type":["Relic","Card","Card","Card","Card","Card","Card","Potion"],"build_version":"2020-12-22","purchased_purges":0,"victory":false,"max_hp_per_floor":[80,80,80,80,80,80,80,80,80,80,80,80,80,80,80,80,80,80,80,80,80,80,80,80,80,80,80,80,80,80,80,80,80,80],"card_choices":[{"not_picked":["Clash","Headbutt"],"picked":"Heavy Blade","floor":1.0},{"not_picked":["Cleave","Rupture"],"picked":"Inflame","floor":2.0},{"not_picked":["Heavy Blade","Thunderclap"],"picked":"Cleave","floor":3.0},{"not_picked":["Hemokinesis","Juggernaut"],"picked":"Fire Breathing","floor":5.0},{"not_picked":["Dual Wield","Clash"],"picked":"Clothesline","floor":6},{"not_picked":["Clothesline","Intimidate"],"picked":"Flame Barrier","floor":11},{"not_picked":["Evolve","Havoc","Combust"],"picked":"SKIP","floor":13},{"not_picked":["Evolve","Havoc","Combust"],"picked":"SKIP","floor":13},{"not_picked":["Sever Soul","Feel No Pain"],"picked":"Anger","floor":14},{"not_picked":["Corruption","Barricade"],"picked":"Reaper","floor":16},{"not_picked":["Clash","True Grit","Flame Barrier"],"picked":"SKIP","floor":18},{"not_picked":["Shrug It Off","Havoc"],"picked":"Infernal Blade","floor":20},{"not_picked":["Dual Wield","Dropkick+1"],"picked":"Power Through","floor":22},{"not_picked":["Second Wind","Perfected Strike"],"picked":"Searing Blow","floor":24},{"not_picked":["Twin Strike+1","Sword Boomerang"],"picked":"Inflame+1","floor":28}],"player_experience":802262,"relics_obtained":[{"floor":6,"key":"PreservedInsect"},{"floor":9,"key":"Anchor"},{"floor":11,"key":"MawBank"},{"floor":14,"key":"Girya"},{"floor":26,"key":"Bottled Tornado"}],"event_choices":[{"damage_healed":0.0,"max_hp_gain":0.0,"max_hp_loss":0.0,"gold_gain":0.0,"event_name":"Golden Idol","player_choice":"Take Wound","floor":4.0,"gold_loss":0.0,"damage_taken":0.0,"relics_obtained":["Golden Idol"],"cards_obtained":["Injury"]},{"damage_healed":0,"gold_gain":75,"player_choice":"Gather Gold","damage_taken":11,"max_hp_gain":0,"max_hp_loss":0,"event_name":"World of Goop","floor":12,"gold_loss":0},{"damage_healed":0,"gold_gain":0,"player_choice":"Ignored","damage_taken":0,"max_hp_gain":0,"max_hp_loss":0,"event_name":"Vampires","floor":19,"gold_loss":0},{"damage_healed":0,"gold_gain":0,"player_choice":"Read","damage_taken":0,"max_hp_gain":0,"max_hp_loss":0,"event_name":"The Library","floor":21,"gold_loss":0,"cards_obtained":["Shrug It Off"]},{"damage_healed":0,"gold_gain":0,"player_choice":"Ignored","damage_taken":0,"max_hp_gain":0,"max_hp_loss":0,"event_name":"Ghosts","floor":27,"gold_loss":0},{"damage_healed":0,"gold_gain":0,"player_choice":"Ignored","damage_taken":0,"max_hp_gain":0,"max_hp_loss":0,"event_name":"Beggar","floor":29,"gold_loss":0},{"damage_healed":0,"gold_gain":0,"player_choice":"Paid Fearfully","damage_taken":0,"max_hp_gain":0,"max_hp_loss":0,"event_name":"Masked Bandits","floor":31,"gold_loss":2}],"is_beta":false,"boss_relics":[{"not_picked":["Ectoplasm","Runic Pyramid","Pandora\u0027s Box"]}],"items_purged_floors":[],"is_endless":false,"potions_floor_spawned":[2,5,6,16,20,22,28],"killed_by":"Champ","ascension_level":8}}