{"host":"5dk97cf2ubw2v967","time":1611500519,"event":{"mods":["AlwaysNeverKeys","BaseMod","Better Altar","Better Vampires","Block Reminder","Colored Powertips","Downfall","Googly Eyes","Highlight Path","Minty Spire (QoL Compilation)","Permanent Neow","Potion Indicator Mod","Quick Restart","Relic Filter","Relic Stats","Say the Spire","Spicy Shops","StSLib","Waifu the Spire","everything is the same but u backflip on backflip"],"gold_per_floor":[99,115,133,133,583,596,596,623,643,543,643,94,94,79,99,99,99,99],"floor_reached":16,"language":"ENG","playtime":911,"items_purged":["downfall:Icky"],"score":160,"play_id":"c2997896-9320-433a-b42b-28508c7b6243","local_time":"20210124150159","is_ascension_mode":true,"campfire_choices":[{"data":"Guardian:TwinSlam","floor":1,"key":"SMITH"},{"floor":10,"key":"REST"},{"data":"downfall:Icky","floor":13,"key":"PURGE"}],"circlet_count":0,"master_deck":["AscendersBane","Guardian:Strike_Guardian","Guardian:Strike_Guardian","Guardian:Strike_Guardian","Guardian:Defend_Guardian","Guardian:Defend_Guardian","Guardian:Defend_Guardian","Guardian:CurlUp","Guardian:TwinSlam+1","Guardian:Orbwalk","Guardian:Gem_Crimson","Guardian:Gem_Yellow","downfall:Icky","Guardian:GemFire","Guardian:ShieldCharger+1","Guardian:PrimingBeam","Guardian:Gem_Yellow","Guardian:FloatingOrbs","Guardian:Gem_Orange","Apotheosis","Guardian:ShieldCharger"],"relics":["bronze:MakeshiftBattery","Guardian:PickAxe","Peace Pipe","Oddly Smooth Stone","downfall:HeartBlessingGreen","Lee\u0027s Waffle"],"acts_visited":["Exordium"],"potions_floor_usage":[12],"damage_taken":[{"damage":0,"enemies":"2 Louse","floor":2,"turns":3},{"damage":2,"enemies":"Jaw Worm","floor":3,"turns":3},{"damage":10,"enemies":"Jaw Worm","floor":4,"turns":6},{"damage":10,"enemies":"Small Slimes","floor":6,"turns":5},{"damage":32,"enemies":"3 Sentries","floor":8,"turns":9},{"damage":0,"enemies":"3 Louse","floor":9,"turns":1},{"damage":22,"enemies":"downfall:Heads","floor":11,"turns":8},{"damage":0,"enemies":"downfall:FleeingMerchant","floor":12,"turns":4},{"damage":0,"enemies":"downfall:FleeingMerchant","floor":14,"turns":4},{"damage":0,"enemies":"Blue Slaver","floor":15,"turns":1},{"damage":63,"enemies":"SI_SHIV_ARCHETYPE","floor":16,"turns":13}],"seed_played":"-1322959660812312707","potions_obtained":[{"floor":8,"key":"Guardian:BlockOnCardUsePotion"},{"floor":9,"key":"Guardian:AcceleratePotion"},{"floor":15,"key":"Ancient Potion"}],"is_trial":false,"path_per_floor":["R","M","M","?","?","M","T","E","M","R","?","$","R","$","M","B"],"character_chosen":"GUARDIAN","items_purchased":["Apotheosis","Lee\u0027s Waffle","Guardian:ShieldCharger"],"campfire_rested":1,"item_purchase_floors":[12,12,12],"current_hp_per_floor":[72,72,70,54,54,44,44,12,12,36,14,87,87,87,87,24,24,24],"gold":99,"neow_bonus":"BOSS_RELIC","is_daily":false,"chose_seed":false,"campfire_upgraded":1,"win_rate":0.0,"timestamp":1611500519,"path_taken":["R","M","M","?","?","M","T","E","M","R","?","$","R","$","M","BOSS"],"items_purchased_type":["Card","Relic","Card"],"build_version":"2020-12-22","purchased_purges":1,"victory":false,"max_hp_per_floor":[80,80,80,80,80,80,80,80,80,80,80,87,87,87,87,87,87,87],"relic_stats":{"Peace Pipe":1,"Lee\u0027s Waffle":73,"counters":[11,57],"obtain_stats":[{"Guardian:PickAxe":4,"Peace Pipe":7,"Lee\u0027s Waffle":12,"Guardian:ModeShifter":0,"Oddly Smooth Stone":8,"downfall:HeartBlessingGreen":10,"bronze:MakeshiftBattery":0},{"Guardian:PickAxe":3,"Peace Pipe":4,"Lee\u0027s Waffle":8,"Guardian:ModeShifter":0,"Oddly Smooth Stone":5,"downfall:HeartBlessingGreen":6,"bronze:MakeshiftBattery":0},{"Guardian:PickAxe":12,"Peace Pipe":17,"Lee\u0027s Waffle":39,"Guardian:ModeShifter":0,"Oddly Smooth Stone":26,"downfall:HeartBlessingGreen":27,"bronze:MakeshiftBattery":0}]},"card_choices":[{"not_picked":["Guardian:Reroute","Guardian:TemporalShield"],"picked":"Guardian:Orbwalk","floor":2},{"not_picked":["Guardian:Gem_Cyan","Guardian:VentSteam"],"picked":"Guardian:Gem_Crimson","floor":3},{"not_picked":["Guardian:SentryBeam","Guardian:Incinerate"],"picked":"Guardian:GemFire","floor":6},{"not_picked":["Guardian:TimeBomb","Guardian:ShieldSpikes"],"picked":"Guardian:ShieldCharger","floor":8},{"not_picked":["Guardian:TemporalStrike","Guardian:RollAttack"],"picked":"Guardian:PrimingBeam","floor":9},{"not_picked":["Guardian:TemporalShield","Guardian:PrismaticBarrier"],"picked":"Guardian:FloatingOrbs","floor":11},{"not_picked":["Guardian:Planning","Guardian:TemporalStrike"],"picked":"Guardian:Gem_Orange","floor":12},{"not_picked":["Guardian:CrystalBeam","Guardian:Gem_Lightblue","Guardian:Suspension"],"picked":"SKIP","floor":14},{"not_picked":["Guardian:VentSteam","Guardian:WalkerClaw","Guardian:Suspension"],"picked":"SKIP","floor":15}],"player_experience":1254980,"relics_obtained":[{"floor":7,"key":"Peace Pipe"},{"floor":8,"key":"Oddly Smooth Stone"}],"event_choices":[],"is_beta":false,"boss_relics":[],"items_purged_floors":[12],"is_endless":false,"potions_floor_spawned":[4,8,9,15],"killed_by":"SI_SHIV_ARCHETYPE","ascension_level":12}}