{"host":"d54lcqy5t45er8jx","time":1611497334,"event":{"mods":["2.2 Compatiblity","BaseMod","CapriCore","Defuse TimeMaze Blight","Hermit","Hubris","Infinite Spire","Marisa£¨Ùöéë¡¡Øª×âÞÞ£©","Minty Spire (QoL Compilation)","Rare Cards Sparkle","Relic Stats","StSLib","The Animator","The Cursed","The Immortal","The Servant 0.9.4","WarShipGirlsR/??á´Ò³R mod"],"gold_per_floor":[130,158,61,43,60,60,60,103,128,128,147,181,181,191,191,289,289,269,368,388,388,313,313,360,360,360,360,376,376,376],"floor_reached":29,"language":"ENG","playtime":1619,"items_purged":["animator:Strike"],"score":268,"play_id":"05db0374-e18f-43b3-83a0-a3cf6f07a755","local_time":"20210124230854","is_ascension_mode":false,"campfire_choices":[{"data":"animator:Eve","floor":6,"key":"SMITH"},{"data":"animator:TsurugaMeisai","floor":10,"key":"SMITH"},{"data":"animator:MadokaKaname","floor":13,"key":"SMITH"},{"data":"animator:DwarfShaman","floor":15,"key":"SMITH"},{"data":"animator:SayakaMiki","floor":23,"key":"SMITH"},{"data":"animator:Chung","floor":25,"key":"SMITH"}],"circlet_count":0,"master_deck":["animator:Strike_MadokaMagica","animator:Defend_MadokaMagica","animator:Strike","animator:Defend","animator:Defend","animator:Defend","animator:IrohaTamaki","animator:YuiTsuruno","animator:YachiyoNanami","animator:Laby+1","animator:ElricAlphonse","animator:Lu","animator:TsurugaMeisai+1","animator:Witch","animator:Eve+1","animator:Raven","animator:Aisha","animator:MadokaKaname+1","animator:DwarfShaman+1","animator:Chung+1","animator:HigakiRinne","animator:Add","animator:DwarfShaman","animator:SayakaMiki+1","animator:SuzuneAmano"],"relics":["animator:VividPicture","animator:TheMissingPiece","PreservedInsect","Bottled Lightning","Strawberry","Sundial"],"acts_visited":["Exordium","TheCity"],"potions_floor_usage":[8,11,12,16,18,28,28,29],"damage_taken":[{"damage":0,"enemies":"2 Louse","floor":1,"turns":2},{"damage":3,"enemies":"Jaw Worm","floor":2,"turns":7},{"damage":1,"enemies":"Small Slimes","floor":5,"turns":5},{"damage":20,"enemies":"Exordium Wildlife","floor":8,"turns":8},{"damage":6,"enemies":"Looter","floor":11,"turns":4},{"damage":12,"enemies":"Gremlin Nob","floor":12,"turns":5},{"damage":5,"enemies":"2 Fungi Beasts","floor":14,"turns":4},{"damage":17,"enemies":"Hexaghost","floor":16,"turns":7},{"damage":15,"enemies":"2 Thieves","floor":18,"turns":4},{"damage":14,"enemies":"Shell Parasite","floor":20,"turns":5},{"damage":26,"enemies":"Book of Stabbing","floor":24,"turns":6},{"damage":8,"enemies":"Snake Plant","floor":28,"turns":4},{"damage":11,"enemies":"3 Cultists","floor":29,"turns":3}],"seed_played":"-4317978042045170803","potions_obtained":[{"floor":1,"key":"Weak Potion"},{"floor":8,"key":"GamblersBrew"},{"floor":11,"key":"SteroidPotion"},{"floor":16,"key":"animator:FalseLifePotion"},{"floor":20,"key":"SmokeBomb"},{"floor":24,"key":"PowerPotion"},{"floor":28,"key":"BlessingOfTheForge"}],"is_trial":false,"path_per_floor":["M","M","$","?","M","R","?","M","T","R","M","E","R","M","R","B",null,"M","?","M","?","?","R","E","R","T","?","M","M"],"character_chosen":"THE_ANIMATOR","items_purchased":["animator:ElricAlphonse"],"campfire_rested":0,"item_purchase_floors":[3],"current_hp_per_floor":[72,69,69,70,70,70,70,50,50,50,45,33,33,30,30,13,77,62,62,48,48,48,48,29,29,29,13,5,0,0],"gold":376,"neow_bonus":"TEN_PERCENT_HP_BONUS","is_daily":false,"chose_seed":false,"campfire_upgraded":6,"win_rate":0.0,"timestamp":1611497334,"path_taken":["M","M","$","?","M","R","?","M","T","R","M","E","R","M","R","BOSS","M","?","M","?","?","R","E","R","T","?","?","M"],"items_purchased_type":["Card"],"build_version":"2020-12-22","purchased_purges":1,"victory":false,"max_hp_per_floor":[72,72,72,73,74,74,74,74,74,74,75,75,75,77,77,77,77,77,77,77,77,77,77,84,84,84,89,89,89,89],"relic_stats":{"counters":[13,64],"Sundial":[0],"PreservedInsect":61,"obtain_stats":[{"Sundial":26,"animator:TheMissingPiece":0,"Strawberry":24,"animator:LivingPicture":0,"PreservedInsect":9,"Bottled Lightning":12,"animator:VividPicture":17},{"Sundial":11,"animator:TheMissingPiece":0,"Strawberry":11,"animator:LivingPicture":0,"PreservedInsect":4,"Bottled Lightning":6,"animator:VividPicture":8},{"Sundial":57,"animator:TheMissingPiece":0,"Strawberry":57,"animator:LivingPicture":0,"PreservedInsect":22,"Bottled Lightning":31,"animator:VividPicture":42}]},"card_choices":[{"not_picked":["animator:Ciel","animator:Lu"],"picked":"animator:YachiyoNanami","floor":1},{"not_picked":["animator:GuildGirl","animator:HighElfArcher"],"picked":"animator:Laby","floor":2},{"not_picked":[],"picked":"animator:Lu","floor":4},{"not_picked":[],"picked":"animator:TsurugaMeisai","floor":4},{"not_picked":[],"picked":"animator:Witch","floor":4},{"not_picked":[],"picked":"animator:Eve","floor":4},{"not_picked":["animator:Geryuganshoop","animator:IrohaTamaki"],"picked":"animator:Raven","floor":5},{"not_picked":["animator:Raven","animator:Elsword"],"picked":"animator:Aisha","floor":8},{"not_picked":["animator:Shichika","animator:Laby"],"picked":"animator:MadokaKaname","floor":11},{"not_picked":["animator:IrohaTamaki","animator:Aisha"],"picked":"animator:DwarfShaman","floor":12},{"not_picked":["animator:Witch","animator:Rena"],"picked":"animator:Chung","floor":14},{"not_picked":["animator:GoblinSlayer","animator:Father"],"picked":"animator:HigakiRinne","floor":16},{"not_picked":["animator:Raven","animator:Elsword"],"picked":"animator:Add","floor":18},{"not_picked":["animator:Sonic+1","animator:Shigure+1"],"picked":"animator:DwarfShaman","floor":20},{"not_picked":["animator:Elsword+1","animator:Yuuichirou"],"picked":"animator:SuzuneAmano","floor":24},{"not_picked":["animator:Azekura","animator:Rena","animator:Sonic"],"picked":"SKIP","floor":28}],"player_experience":898026,"relics_obtained":[{"floor":9,"key":"PreservedInsect"},{"floor":12,"key":"Bottled Lightning"},{"floor":24,"key":"Strawberry"},{"floor":26,"key":"Sundial"}],"event_choices":[{"damage_healed":0,"gold_gain":0,"player_choice":"Grow","damage_taken":0,"max_hp_gain":0,"max_hp_loss":0,"event_name":"Living Wall","floor":7,"gold_loss":0,"cards_upgraded":["animator:Laby"]},{"damage_healed":0,"gold_gain":99,"player_choice":"Stole From Cult","damage_taken":0,"max_hp_gain":0,"max_hp_loss":0,"event_name":"Nest","floor":19,"gold_loss":0},{"cards_removed":["animator:Strike"],"damage_healed":0,"gold_gain":0,"player_choice":"Gave Gold","damage_taken":0,"max_hp_gain":0,"max_hp_loss":0,"event_name":"Beggar","floor":22,"gold_loss":75},{"damage_healed":0,"gold_gain":0,"player_choice":"Shed Blood","damage_taken":21,"max_hp_gain":5,"max_hp_loss":0,"event_name":"Forgotten Altar","floor":27,"gold_loss":0}],"is_beta":false,"boss_relics":[{"not_picked":["Fusion Hammer","Ectoplasm"],"picked":"animator:VividPicture"}],"items_purged_floors":[3],"is_endless":false,"potions_floor_spawned":[1,8,11,16,20,24,28],"killed_by":"3 Cultists","ascension_level":0}}