{"host":"dggqshehf2ar9kzd","time":1611523360,"event":{"mods":["BaseMod","Highlight Path","Minty Spire (QoL Compilation)"],"gold_per_floor":[119,119,129,143,160,190,209,64,64,81,98,117,117,127,127,229,229,246,246,256,156,175,175,175],"floor_reached":23,"language":"ENG","playtime":1625,"items_purged":["Strike_R","Clash"],"score":199,"play_id":"c608b2a8-e826-4abd-bb82-ad2f6c2339c9","local_time":"20210124162240","is_ascension_mode":false,"campfire_choices":[{"data":"Warcry","floor":13,"key":"SMITH"},{"floor":15,"key":"REST"}],"circlet_count":0,"master_deck":["Strike_R","Strike_R","Strike_R","Strike_R","Defend_R","Defend_R","Defend_R","Bash","Finesse","Warcry+1","Second Wind","Pommel Strike","Havoc","Dropkick","Warcry","Feel No Pain","Juggernaut","Disarm","Fiend Fire","Feel No Pain"],"relics":["Burning Blood","Ancient Tea Set","Torii","Runic Pyramid","MutagenicStrength"],"acts_visited":["Exordium","TheCity"],"potions_floor_usage":[14,16,23],"damage_taken":[{"damage":5,"enemies":"2 Louse","floor":1,"turns":3},{"damage":0,"enemies":"Cultist","floor":3,"turns":3},{"damage":6,"enemies":"Jaw Worm","floor":4,"turns":3},{"damage":5,"enemies":"Looter","floor":5,"turns":3},{"damage":41,"enemies":"3 Sentries","floor":6,"turns":10},{"damage":20,"enemies":"Exordium Thugs","floor":7,"turns":4},{"damage":2,"enemies":"2 Fungi Beasts","floor":10,"turns":3},{"damage":8,"enemies":"Looter","floor":11,"turns":2},{"damage":22,"enemies":"Large Slime","floor":12,"turns":5},{"damage":0,"enemies":"Lots of Slimes","floor":14,"turns":1},{"damage":41,"enemies":"The Guardian","floor":16,"turns":7},{"damage":0,"enemies":"Spheric Guardian","floor":18,"turns":3},{"damage":18,"enemies":"2 Thieves","floor":20,"turns":3},{"damage":12,"enemies":"Sentry and Sphere","floor":22,"turns":4},{"damage":19,"enemies":"Gremlin Leader","floor":23,"turns":6}],"seed_played":"-2788217777283668017","potions_obtained":[{"floor":5,"key":"Swift Potion"},{"floor":6,"key":"SneckoOil"},{"floor":10,"key":"SneckoOil"},{"floor":12,"key":"Explosive Potion"},{"floor":14,"key":"Regen Potion"},{"floor":16,"key":"SneckoOil"}],"is_trial":false,"path_per_floor":["M","?","M","M","M","E","M","$","T","M","M","M","R","M","R","B",null,"M","?","M","$","M","E"],"character_chosen":"IRONCLAD","items_purchased":["Feel No Pain"],"campfire_rested":1,"item_purchase_floors":[8],"current_hp_per_floor":[80,80,80,80,80,45,31,31,31,35,33,17,17,23,47,12,80,80,80,68,68,62,58,58],"gold":175,"neow_bonus":"RANDOM_COLORLESS","is_daily":false,"chose_seed":false,"campfire_upgraded":1,"win_rate":0.0,"timestamp":1611523360,"path_taken":["M","?","M","M","M","E","M","$","T","?","M","M","R","M","R","BOSS","M","?","M","$","M","E"],"items_purchased_type":["Card"],"build_version":"2020-12-22","purchased_purges":2,"victory":false,"max_hp_per_floor":[80,80,80,80,80,80,80,80,80,80,80,80,80,80,80,80,80,80,80,80,80,80,80,80],"card_choices":[{"not_picked":["Panacea","Good Instincts"],"picked":"Finesse","floor":0},{"not_picked":["Infernal Blade","Searing Blow"],"picked":"Warcry","floor":1},{"not_picked":["Sword Boomerang","Twin Strike"],"picked":"Pommel Strike","floor":3},{"not_picked":["Heavy Blade","Pommel Strike"],"picked":"Havoc","floor":4},{"not_picked":["Wild Strike","Clash"],"picked":"Dropkick","floor":5},{"not_picked":["Warcry","Wild Strike"],"picked":"Clash","floor":6},{"not_picked":["Perfected Strike","Flex"],"picked":"Warcry","floor":7},{"not_picked":["Thunderclap","Rampage"],"picked":"Juggernaut","floor":10},{"not_picked":["Wild Strike","Iron Wave","Ghostly Armor"],"picked":"SKIP","floor":11},{"not_picked":["Body Slam","Pommel Strike","Whirlwind"],"picked":"SKIP","floor":12},{"not_picked":["Rage","Inflame"],"picked":"Disarm","floor":14},{"not_picked":["Bludgeon","Brutality"],"picked":"Fiend Fire","floor":16},{"not_picked":["Headbutt","Searing Blow"],"picked":"Feel No Pain","floor":18},{"not_picked":["Perfected Strike","Carnage","Body Slam"],"picked":"SKIP","floor":20},{"not_picked":["Flex+1","Twin Strike+1","True Grit"],"picked":"SKIP","floor":22}],"player_experience":309837,"relics_obtained":[{"floor":6,"key":"Ancient Tea Set"},{"floor":9,"key":"Torii"}],"event_choices":[{"damage_healed":0,"gold_gain":0,"cards_transformed":["Defend_R"],"player_choice":"Transformed","damage_taken":0,"max_hp_gain":0,"max_hp_loss":0,"event_name":"Transmorgrifier","floor":2,"gold_loss":0,"cards_obtained":["Second Wind"]},{"damage_healed":0,"gold_gain":0,"player_choice":"Inject Mutagens","damage_taken":0,"relics_obtained":["MutagenicStrength"],"max_hp_gain":0,"max_hp_loss":0,"event_name":"Drug Dealer","floor":19,"gold_loss":0}],"is_beta":false,"boss_relics":[{"not_picked":["Fusion Hammer","Runic Dome"],"picked":"Runic Pyramid"}],"items_purged_floors":[8,21],"is_endless":false,"potions_floor_spawned":[5,6,10,12,14,16,22],"killed_by":"Gremlin Leader","ascension_level":0}}