{"host":"70zhvo5nwrhp1mbg","time":1611530122,"event":{"mods":["BaseMod","Colored Map","Colored Powertips","Filter the Spire","Highlight Path","Minty Spire (QoL Compilation)","Rare Cards Sparkle","StSLib"],"gold_per_floor":[111,126,143,143,219,219,248,205,205,205,225,225,250,270,270,270,270],"floor_reached":16,"language":"ENG","playtime":1113,"items_purged":[],"score":149,"play_id":"c4664b60-dfbd-45b2-82df-3eab62805caf","local_time":"20210124181522","is_ascension_mode":true,"campfire_choices":[{"data":"Shockwave","floor":6,"key":"SMITH"},{"floor":10,"key":"REST"},{"floor":15,"key":"REST"}],"circlet_count":0,"master_deck":["Strike_R","Strike_R","Strike_R","Strike_R","Strike_R","Defend_R+1","Defend_R","Defend_R","Defend_R","Bash","Feel No Pain","Shockwave+1","Warcry","Rampage","Clothesline","Power Through","Flame Barrier"],"relics":["Burning Blood","Kunai","Strawberry","Singing Bowl","Orichalcum"],"acts_visited":["Exordium"],"potions_floor_usage":[3,7,13,16],"damage_taken":[{"damage":8,"enemies":"Small Slimes","floor":1,"turns":5},{"damage":4,"enemies":"Jaw Worm","floor":2,"turns":5},{"damage":0,"enemies":"2 Louse","floor":3,"turns":2},{"damage":56,"enemies":"Gremlin Nob","floor":7,"turns":7},{"damage":7,"enemies":"Exordium Thugs","floor":11,"turns":7},{"damage":34,"enemies":"3 Sentries","floor":13,"turns":9},{"damage":5,"enemies":"Looter","floor":14,"turns":4},{"damage":60,"enemies":"Slime Boss","floor":16,"turns":14}],"seed_played":"-6312422237337009757","potions_obtained":[{"floor":1,"key":"Fire Potion"},{"floor":3,"key":"SpeedPotion"},{"floor":11,"key":"LiquidBronze"},{"floor":12,"key":"DistilledChaos"},{"floor":12,"key":"DuplicationPotion"}],"is_trial":false,"path_per_floor":["M","M","M","?","T","R","E","?","T","R","M","?","E","M","R","B"],"character_chosen":"IRONCLAD","items_purchased":[],"campfire_rested":2,"item_purchase_floors":[],"current_hp_per_floor":[70,72,78,78,78,78,35,35,35,61,60,60,32,33,59,0,0],"gold":270,"neow_bonus":"UPGRADE_CARD","is_daily":false,"chose_seed":false,"campfire_upgraded":1,"win_rate":0.0,"timestamp":1611530122,"path_taken":["M","M","M","?","?","R","E","?","T","R","M","?","E","M","R","BOSS"],"items_purchased_type":[],"build_version":"2020-12-22","purchased_purges":0,"victory":false,"max_hp_per_floor":[80,80,80,80,80,80,87,87,87,87,87,87,87,87,87,87,87],"card_choices":[{"not_picked":["Blood for Blood","Havoc"],"picked":"Feel No Pain","floor":1},{"not_picked":["Combust","Carnage"],"picked":"Shockwave","floor":2},{"not_picked":["Sword Boomerang","Clothesline"],"picked":"Warcry","floor":3},{"not_picked":["Pommel Strike","Sword Boomerang"],"picked":"Rampage","floor":7},{"not_picked":["Flex","Blood for Blood"],"picked":"Clothesline","floor":11},{"not_picked":["Inflame","Battle Trance"],"picked":"Power Through","floor":13},{"not_picked":["Intimidate","Combust"],"picked":"Flame Barrier","floor":14}],"player_experience":473604,"relics_obtained":[{"floor":5,"key":"Kunai"},{"floor":7,"key":"Strawberry"},{"floor":9,"key":"Singing Bowl"},{"floor":13,"key":"Orichalcum"}],"event_choices":[{"damage_healed":0,"gold_gain":0,"player_choice":"Leave","damage_taken":0,"max_hp_gain":0,"max_hp_loss":0,"event_name":"The Cleric","floor":4,"gold_loss":0},{"damage_healed":0,"gold_gain":0,"player_choice":"Left Gold","damage_taken":0,"max_hp_gain":0,"max_hp_loss":0,"event_name":"World of Goop","floor":8,"gold_loss":43},{"damage_healed":0,"gold_gain":0,"player_choice":"Got Potions","damage_taken":0,"max_hp_gain":0,"max_hp_loss":0,"event_name":"Lab","floor":12,"gold_loss":0}],"is_beta":false,"boss_relics":[],"items_purged_floors":[],"is_endless":false,"potions_floor_spawned":[1,3,11],"killed_by":"Slime Boss","ascension_level":7}}