{"host":"00f1p9ihhzi7hxfk","time":1611501201,"event":{"mods":["AchievementEnabler","BaseMod","Colored Map","Colored Powertips","Minty Spire (QoL Compilation)","Rare Cards Sparkle","Relic Stats"],"gold_per_floor":[216,42,53,7,82,115,115,141,209,209,209,209,222,242,242,242,242],"floor_reached":16,"language":"DEU","playtime":1066,"items_purged":[],"score":108,"play_id":"53c421c4-3853-4419-9a33-f5490f924aa8","local_time":"20210124161321","is_ascension_mode":false,"campfire_choices":[{"floor":7.0,"key":"REST"},{"floor":10.0,"key":"REST"},{"floor":12.0,"key":"REST"},{"data":"Armaments","floor":15.0,"key":"SMITH"}],"circlet_count":0,"master_deck":["Strike_R","Strike_R","Strike_R","Strike_R","Defend_R","Defend_R","Defend_R","Defend_R","Bash","Armaments+1","Hemokinesis","Heavy Blade","Iron Wave","Juggernaut","Pommel Strike"],"relics":["Burning Blood","Omamori","Kunai"],"acts_visited":["Exordium"],"potions_floor_usage":[],"damage_taken":[{"damage":10.0,"enemies":"Cultist","floor":1.0,"turns":4.0},{"damage":2.0,"enemies":"2 Louse","floor":3.0,"turns":2.0},{"damage":35.0,"enemies":"Gremlin Nob","floor":6.0,"turns":5.0},{"damage":25.0,"enemies":"3 Sentries","floor":8.0,"turns":7.0},{"damage":2.0,"enemies":"Jaw Worm","floor":13.0,"turns":3.0},{"damage":20.0,"enemies":"Gremlin Gang","floor":14.0,"turns":4.0},{"damage":77,"enemies":"Hexaghost","floor":16,"turns":14}],"seed_played":"-8373248470591938613","potions_obtained":[{"floor":3.0,"key":"BlessingOfTheForge"}],"is_trial":false,"path_per_floor":["M","$","M","$","?","E","R","E","T","R","?","R","M","M","R","B"],"character_chosen":"IRONCLAD","items_purchased":["Hemokinesis","BloodPotion","BlessingOfTheForge","Iron Wave"],"campfire_rested":3,"item_purchase_floors":[2,2,2,4],"current_hp_per_floor":[76,76,80,80,69,40,64,45,45,69,69,80,80,76,76,0,0],"gold":242,"neow_bonus":"HUNDRED_GOLD","is_daily":false,"chose_seed":false,"campfire_upgraded":1,"win_rate":0.0,"timestamp":1611501201,"path_taken":["M","$","M","$","?","E","R","E","T","R","?","R","M","?","R","BOSS"],"items_purchased_type":["Card","Potion","Potion","Card"],"build_version":"2020-12-22","purchased_purges":0,"victory":false,"max_hp_per_floor":[80,80,80,80,80,80,80,80,80,80,80,80,80,80,80,80,80],"relic_stats":{"counters":[7,39],"Kunai":[4],"obtain_stats":[{"Omamori":6,"Kunai":8,"Burning Blood":0},{"Omamori":3,"Kunai":4,"Burning Blood":0},{"Omamori":11,"Kunai":18,"Burning Blood":0}],"Burning Blood":32},"card_choices":[{"not_picked":["Thunderclap","Rampage"],"picked":"Armaments","floor":1.0},{"not_picked":["Thunderclap","Armaments"],"picked":"Heavy Blade","floor":3.0},{"not_picked":["Clothesline","Dual Wield"],"picked":"Juggernaut","floor":6.0},{"not_picked":["Fire Breathing","Armaments"],"picked":"Pommel Strike","floor":8.0},{"not_picked":["Infernal Blade","Armaments","Havoc"],"picked":"SKIP","floor":13.0},{"not_picked":["Iron Wave","Havoc","Pummel"],"picked":"SKIP","floor":14.0}],"player_experience":71370,"relics_obtained":[{"floor":6.0,"key":"Omamori"},{"floor":8.0,"key":"Kunai"}],"event_choices":[{"damage_healed":0.0,"max_hp_gain":0.0,"max_hp_loss":0.0,"gold_gain":75.0,"event_name":"World of Goop","player_choice":"Gather Gold","floor":5.0,"gold_loss":0.0,"damage_taken":11.0},{"cards_removed":["Strike_R"],"damage_healed":0.0,"max_hp_gain":0.0,"max_hp_loss":0.0,"gold_gain":0.0,"event_name":"Bonfire Elementals","player_choice":"Offered Basic","floor":11.0,"gold_loss":0.0,"damage_taken":0.0}],"is_beta":false,"boss_relics":[],"items_purged_floors":[],"is_endless":false,"potions_floor_spawned":[3,8],"killed_by":"Hexaghost","ascension_level":0}}