{"host":"z2o61o1qvcmvhuul","time":1611491282,"event":{"mods":["BaseMod","Minty Spire (QoL Compilation)","Quick Restart","StSLib","SuperFastMode"],"gold_per_floor":[112,123,133,133,8,43,69,96,123,133,154,154,181,81,81,186,186,212,87,87,87,101,101,113,9,36,51,51,51,67,95,95,200,227,245,47,94,119,119,119,155,155,155,167,200,200,150,170,170,170],"floor_reached":51,"language":"ZHS","playtime":1117,"items_purged":["Defend_G","Strike_G","Strike_G","Storm of Steel","Defend_G"],"score":915,"play_id":"80d50835-7ca1-422e-a1e7-3cd5a024839c","local_time":"20210124202802","is_ascension_mode":true,"campfire_choices":[{"data":"Accuracy","floor":12.0,"key":"SMITH"},{"data":"Neutralize","floor":15.0,"key":"SMITH"},{"data":"Blade Dance","floor":23,"key":"SMITH"},{"data":"Acrobatics","floor":28,"key":"SMITH"},{"floor":32,"key":"REST"},{"data":"Acrobatics","floor":40,"key":"SMITH"},{"data":"Blade Dance","floor":46,"key":"SMITH"},{"data":"Wraith Form v2","floor":49,"key":"SMITH"}],"circlet_count":0,"master_deck":["Survivor","Neutralize+1","Blade Dance","Accuracy+1","Acrobatics+1","Calculated Gamble+1","Blade Dance+1","Accuracy","Venomology+1","Blade Dance+1","Tactician+1","Acrobatics+1","Wraith Form v2+1","After Image+1","A Thousand Cuts+1","Venomology"],"relics":["Ring of the Snake","NeowsBlessing","CeramicFish","Art of War","Empty Cage","War Paint","Tiny Chest","Smiling Mask","Astrolabe","Membership Card","Regal Pillow","Happy Flower","Ninja Scroll","Prayer Wheel"],"acts_visited":["Exordium","TheCity","TheBeyond"],"potions_floor_usage":[16,16,18,22,24,24,27,27,27,31,31,31,33,35,41,41,41,41,44,44,45,45,48,50,50,50,50],"damage_taken":[{"damage":0.0,"enemies":"2 Louse","floor":1.0,"turns":1.0},{"damage":0.0,"enemies":"Cultist","floor":2.0,"turns":1.0},{"damage":0.0,"enemies":"Small Slimes","floor":3.0,"turns":1.0},{"damage":11.0,"enemies":"3 Sentries","floor":6.0,"turns":7.0},{"damage":4.0,"enemies":"Exordium Wildlife","floor":7.0,"turns":4.0},{"damage":0.0,"enemies":"Looter","floor":8.0,"turns":1.0},{"damage":0.0,"enemies":"Lots of Slimes","floor":10.0,"turns":1.0},{"damage":9.0,"enemies":"2 Fungi Beasts","floor":11.0,"turns":3.0},{"damage":3.0,"enemies":"Looter","floor":13.0,"turns":2.0},{"damage":12,"enemies":"The Guardian","floor":16,"turns":8},{"damage":0,"enemies":"3 Byrds","floor":18,"turns":3},{"damage":5,"enemies":"Shell Parasite","floor":22,"turns":2},{"damage":30,"enemies":"Snake Plant","floor":24,"turns":5},{"damage":0,"enemies":"Cultist and Chosen","floor":27,"turns":3},{"damage":2,"enemies":"3 Cultists","floor":30,"turns":3},{"damage":14,"enemies":"Slavers","floor":31,"turns":3},{"damage":1,"enemies":"Champ","floor":33,"turns":6},{"damage":1,"enemies":"3 Shapes","floor":35,"turns":3},{"damage":0,"enemies":"Nemesis","floor":41,"turns":3},{"damage":0,"enemies":"Orb Walker","floor":44,"turns":3},{"damage":0,"enemies":"Reptomancer","floor":45,"turns":2},{"damage":0,"enemies":"Maw","floor":48,"turns":3},{"damage":17,"enemies":"Donu and Deca","floor":50,"turns":3}],"seed_played":"2965956335634264502","potions_obtained":[{"floor":2.0,"key":"EssenceOfSteel"},{"floor":6.0,"key":"SkillPotion"},{"floor":7.0,"key":"SkillPotion"},{"floor":11.0,"key":"Strength Potion"},{"floor":13.0,"key":"LiquidMemories"},{"floor":16,"key":"Poison Potion"},{"floor":18,"key":"Strength Potion"},{"floor":27,"key":"AttackPotion"},{"floor":31,"key":"Explosive Potion"},{"floor":35,"key":"EntropicBrew"},{"floor":45,"key":"Dexterity Potion"},{"floor":48,"key":"Block Potion"}],"is_trial":false,"path_per_floor":["M","M","M","?","$","E","M","M","T","M","M","R","M","$","R","B",null,"M","$","?","?","M","R","M","$","T","M","R","?","M","E","R","B",null,"M","$","T","T","?","R","E","?","T","M","E","R","$","M","R","B",null],"character_chosen":"THE_SILENT","items_purchased":["SteroidPotion","Tactician","Acrobatics","Membership Card"],"campfire_rested":1,"item_purchase_floors":[5,25,25,36],"current_hp_per_floor":[70,70,70,70,70,59,55,55,55,55,46,46,43,43,43,31,70,70,70,70,57,52,52,22,22,22,22,22,22,20,6,28,27,75,74,74,74,74,74,74,74,75,75,75,75,75,75,75,75,58],"gold":170,"neow_bonus":"THREE_ENEMY_KILL","is_daily":false,"chose_seed":false,"campfire_upgraded":7,"win_rate":0.0,"timestamp":1611491282,"path_taken":["M","M","M","?","$","E","M","?","T","M","M","R","M","?","R","BOSS","M","$","?","?","M","R","M","$","T","?","R","?","M","E","R","BOSS","M","$","?","?","?","R","E","?","T","?","E","R","$","M","R","BOSS"],"items_purchased_type":["Potion","Card","Card","Relic"],"build_version":"2020-12-22","purchased_purges":5,"victory":true,"max_hp_per_floor":[70,70,70,70,70,70,70,70,70,70,70,70,70,70,70,70,70,70,70,70,75,75,75,75,75,75,75,75,75,75,75,75,75,75,75,75,75,75,75,75,75,75,75,75,75,75,75,75,75,75],"card_choices":[{"not_picked":["Poisoned Stab","Deflect"],"picked":"Blade Dance","floor":1.0},{"not_picked":["Underhanded Strike","Blur","Catalyst"],"picked":"SKIP","floor":2.0},{"not_picked":["Deadly Poison","Poisoned Stab"],"picked":"Accuracy","floor":3.0},{"not_picked":["Backflip","Dagger Throw"],"picked":"Acrobatics","floor":6.0},{"not_picked":["Escape Plan","Footwork"],"picked":"Storm of Steel","floor":7.0},{"not_picked":["Finisher","Backflip"],"picked":"Calculated Gamble","floor":8.0},{"not_picked":["Noxious Fumes","Sucker Punch","Deadly Poison"],"picked":"SKIP","floor":10.0},{"not_picked":["Slice","PiercingWail"],"picked":"Blade Dance","floor":11.0},{"not_picked":["Cloak And Dagger","Infinite Blades"],"picked":"Accuracy","floor":13.0},{"not_picked":["Doppelganger","Unload"],"picked":"Venomology","floor":16},{"not_picked":["Sucker Punch","Dodge and Roll"],"picked":"Blade Dance","floor":18},{"not_picked":["Backstab+1","Quick Slash","Cloak And Dagger"],"picked":"SKIP","floor":22},{"not_picked":["Distraction","Bouncing Flask","Flying Knee+1"],"picked":"SKIP","floor":24},{"not_picked":["Endless Agony","Dagger Spray+1","Bouncing Flask"],"picked":"SKIP","floor":27},{"not_picked":["Quick Slash+1","Deflect","Dodge and Roll"],"picked":"SKIP","floor":30},{"not_picked":["Slice+1","Caltrops","Cloak And Dagger"],"picked":"SKIP","floor":31},{"not_picked":["Bullet Time","Doppelganger"],"picked":"Wraith Form v2","floor":33},{"not_picked":["Sucker Punch","Acrobatics","Dagger Spray"],"picked":"SKIP","floor":35},{"not_picked":["PiercingWail+1","Deadly Poison"],"picked":"Venomology","floor":41},{"not_picked":["Deflect+1","Dodge and Roll","Underhanded Strike+1"],"picked":"SKIP","floor":44},{"not_picked":["Leg Sweep","Quick Slash+1","Predator+1"],"picked":"SKIP","floor":45},{"not_picked":["Dagger Spray+1","Flying Knee","Deflect"],"picked":"SKIP","floor":48},{"not_picked":["Acrobatics","Cloak And Dagger+1","Distraction+1"],"picked":"SKIP","floor":48}],"player_experience":313246,"relics_obtained":[{"floor":6.0,"key":"CeramicFish"},{"floor":9.0,"key":"Art of War"},{"floor":26,"key":"Tiny Chest"},{"floor":31,"key":"Smiling Mask"},{"floor":38,"key":"Regal Pillow"},{"floor":41,"key":"Happy Flower"},{"floor":43,"key":"Ninja Scroll"},{"floor":45,"key":"Prayer Wheel"}],"event_choices":[{"cards_removed":["Defend_G"],"damage_healed":0.0,"max_hp_gain":0.0,"max_hp_loss":0.0,"gold_gain":0.0,"event_name":"Bonfire Elementals","player_choice":"Offered Basic","floor":4.0,"gold_loss":0.0,"damage_taken":0.0},{"damage_healed":0,"gold_gain":0,"player_choice":"Opened","damage_taken":0,"relics_obtained":["War Paint"],"max_hp_gain":0,"max_hp_loss":0,"event_name":"The Mausoleum","floor":20,"gold_loss":0},{"damage_healed":0,"gold_gain":0,"player_choice":"Shed Blood","damage_taken":18,"max_hp_gain":5,"max_hp_loss":0,"event_name":"Forgotten Altar","floor":21,"gold_loss":0},{"damage_healed":0,"gold_gain":0,"player_choice":"Forge","damage_taken":0,"max_hp_gain":0,"max_hp_loss":0,"event_name":"Accursed Blacksmith","floor":29,"gold_loss":0,"cards_upgraded":["Tactician"]},{"cards_removed":["Eviscerate"],"damage_healed":0,"gold_gain":0,"player_choice":"Removed Attack","damage_taken":0,"max_hp_gain":0,"max_hp_loss":0,"event_name":"Falling","floor":39,"gold_loss":0},{"damage_healed":1,"gold_gain":0,"player_choice":"Full Heal","damage_taken":0,"max_hp_gain":0,"max_hp_loss":0,"event_name":"Wheel of Change","floor":42,"gold_loss":0}],"is_beta":false,"boss_relics":[{"not_picked":["Ectoplasm","Ring of the Serpent"],"picked":"Empty Cage"},{"not_picked":["Sozu","SacredBark"],"picked":"Astrolabe"}],"items_purged_floors":[5,14,19,36,47],"is_endless":false,"potions_floor_spawned":[2,6,7,11,13,16,18,27,31,35,45,48],"ascension_level":3}}