{"host":"o9ks9zgjwk1fcyk2","time":1611513807,"event":{"mods":["A Magickal Journey","AchievementEnabler","Aspiration","BaseMod","BetterRewards","Colored Map","Colored Powertips","Conspire","DeckTracker","Downfall","Friendly Minions","GifTheSpireLib","Halation","Highlight Path","Hubris","Infinite Spire","Ironclad Rager","Minty Spire (QoL Compilation)","Permanent Neow","Quarter Circle Forward PUNCH!","Quick Restart","READ ME - Guardian Mod","Relic Sorter","Replay The Spire","StSLib","Stuff the Spire","The Alterego","The Construct","The Cursed","The Disciple","The Forsaken","The Jungle","The Marked","The Mystic","vexMod"],"gold_per_floor":[99,99,24,24,24,24,24,56,56,56,56,75,151,56,70,70,70,70],"floor_reached":16,"language":"ENG","playtime":685,"items_purged":["Guardian:Strike_Guardian","Guardian:Defend_Guardian"],"score":119,"play_id":"f98a1fb5-ac05-4358-985c-f315e466acc4","local_time":"20210124184327","is_ascension_mode":false,"campfire_choices":[{"data":"Guardian:CurlUp","floor":1,"key":"SMITH"},{"data":"Guardian:TwinSlam","floor":6,"key":"SMITH"},{"data":"Guardian:Defend_Guardian","floor":10,"key":"SMITH"}],"circlet_count":0,"master_deck":["alterego_mod:IndependentAction+1","Guardian:Strike_Guardian","Guardian:Strike_Guardian","Guardian:Defend_Guardian+1","Guardian:Defend_Guardian","Guardian:Defend_Guardian","Guardian:CurlUp+1","Guardian:TwinSlam+1","Guardian:Gem_Blue","Guardian:FloatingOrbs","Guardian:Gem_Fragmented"],"relics":["Guardian:ModeShifter","downfall:HeartsMalice","StuffTheSpire:Experiment12","The Courier"],"acts_visited":["Exordium"],"potions_floor_usage":[],"damage_taken":[{"damage":0,"enemies":"2 Louse","floor":2,"turns":1},{"damage":0,"enemies":"downfall:FleeingMerchant","floor":3,"turns":1},{"damage":0,"enemies":"3 Sentries","floor":8,"turns":1},{"damage":0,"enemies":"Cultist","floor":9,"turns":1},{"damage":0,"enemies":"Small Slimes","floor":12,"turns":4},{"damage":0,"enemies":"downfall:FleeingMerchant","floor":14,"turns":4},{"damage":2,"enemies":"Blue Slaver","floor":15,"turns":4},{"damage":94,"enemies":"IC_STATUS_ARCHETYPE","floor":16,"turns":13}],"seed_played":"3898454747268013217","potions_obtained":[{"floor":8,"key":"EssenceOfSteel"},{"floor":15,"key":"FearPotion"}],"is_trial":false,"path_per_floor":["R","M","$","?","?","R","T","E","M","R","?","M","T","$","M","B"],"character_chosen":"GUARDIAN","items_purchased":[],"campfire_rested":0,"item_purchase_floors":[],"current_hp_per_floor":[80,80,80,80,80,80,80,80,80,80,80,80,80,80,78,0,0,0],"gold":70,"neow_bonus":"THREE_ENEMY_KILL","is_daily":false,"chose_seed":false,"campfire_upgraded":3,"win_rate":0.0,"timestamp":1611513807,"path_taken":["R","M","$","?","?","R","T","E","?","R","?","M","?","?","M","BOSS"],"items_purchased_type":[],"build_version":"2020-12-22","purchased_purges":2,"victory":false,"max_hp_per_floor":[80,80,80,80,80,80,80,80,80,80,80,80,80,80,80,80,80,80],"card_choices":[{"not_picked":["Guardian:Suspension","Guardian:Repulse","Guardian:ShieldCharger"],"picked":"SKIP","floor":2},{"not_picked":["Guardian:RollAttack","Guardian:Suspension","Guardian:ChargeCore"],"picked":"SKIP","floor":3},{"not_picked":["Guardian:VentSteam","Guardian:DonusPower"],"picked":"Guardian:Gem_Blue","floor":8},{"not_picked":["Guardian:Gem_Cyan","Guardian:TemporalShield"],"picked":"Guardian:Gem_Red","floor":9},{"not_picked":["Guardian:SentryBeam","Guardian:DonusPower"],"picked":"Guardian:FloatingOrbs","floor":12},{"not_picked":["Guardian:RefractedBeam","Guardian:ShieldCharger"],"picked":"Guardian:Gem_Fragmented","floor":14},{"not_picked":["Guardian:Emergency","Guardian:TemporalStrike","Guardian:SentryBeam"],"picked":"SKIP","floor":15}],"player_experience":330617,"relics_obtained":[{"floor":8,"key":"StuffTheSpire:Experiment12"},{"floor":13,"key":"The Courier"}],"event_choices":[{"damage_healed":0,"gold_gain":0,"player_choice":"Leave","damage_taken":0,"max_hp_gain":0,"max_hp_loss":0,"event_name":"conspire:Investor","floor":11,"gold_loss":0}],"is_beta":false,"boss_relics":[],"items_purged_floors":[3,14],"is_endless":false,"potions_floor_spawned":[8,15],"killed_by":"IC_STATUS_ARCHETYPE","ascension_level":0}}