{"host":"bq4pt811tk9yrmjl","time":1611523709,"event":{"mods":["AchievementEnabler","BaseMod","Colored Map","Colored Powertips","Defuse TimeMaze Blight","Hermit","Minty Spire (QoL Compilation)","StSLib","SuperFastMode"],"gold_per_floor":[113,113,127,179,109,109,156,171,171,203,51,51,61,80,80,175,175,191,106,123,123,142,142,175,0,79,79,155,170,182,195,195,296,296,296,296],"floor_reached":35,"language":"ENG","playtime":740,"items_purged":[],"score":396,"play_id":"8c40eb3a-6e38-41b1-a4f4-afc910c68163","local_time":"20210124192829","is_ascension_mode":true,"campfire_choices":[{"data":"hermit:Brawl","floor":6,"key":"SMITH"},{"data":"hermit:GoldenBullet","floor":15,"key":"SMITH"},{"floor":23,"key":"RECALL"},{"floor":32,"key":"REST"}],"circlet_count":0,"master_deck":["hermit:Strike_Hermit","hermit:Strike_Hermit","hermit:Strike_Hermit","hermit:Strike_Hermit","hermit:Defend_Hermit","hermit:Defend_Hermit","hermit:Defend_Hermit","hermit:Defend_Hermit","hermit:Snapshot+1","hermit:Covet","hermit:Brawl+1","hermit:RoundhouseKick","hermit:GoldenBullet+1","hermit:Feint+1","hermit:WideOpen+1","hermit:Enervate+1","hermit:CalledShot+1","hermit:HoleUp","hermit:Desperado+1","hermit:TakeAim+1"],"relics":["hermit:Momento","NeowsBlessing","Meat on the Bone","Pocketwatch","OrangePellets","Astrolabe","hermit:RyeStalk","White Beast Statue","HornCleat","Letter Opener","SlaversCollar"],"acts_visited":["Exordium","TheCity","TheBeyond"],"potions_floor_usage":[10,14,16,20,22,24,33,33,33],"damage_taken":[{"damage":0,"enemies":"Cultist","floor":1,"turns":1},{"damage":0,"enemies":"2 Louse","floor":3,"turns":1},{"damage":0,"enemies":"Jaw Worm","floor":8,"turns":1},{"damage":7,"enemies":"Lagavulin","floor":10,"turns":6},{"damage":2,"enemies":"Blue Slaver","floor":13,"turns":5},{"damage":37,"enemies":"Exordium Thugs","floor":14,"turns":5},{"damage":13,"enemies":"Slime Boss","floor":16,"turns":8},{"damage":13,"enemies":"Shell Parasite","floor":18,"turns":8},{"damage":0,"enemies":"Spheric Guardian","floor":20,"turns":2},{"damage":3,"enemies":"Centurion and Healer","floor":22,"turns":5},{"damage":36,"enemies":"Book of Stabbing","floor":24,"turns":6},{"damage":3,"enemies":"Chosen and Byrds","floor":29,"turns":4},{"damage":11,"enemies":"Snake Plant","floor":30,"turns":2},{"damage":10,"enemies":"Centurion and Healer","floor":31,"turns":5},{"damage":40,"enemies":"Collector","floor":33,"turns":13},{"damage":0,"enemies":"3 Darklings","floor":35,"turns":1}],"seed_played":"-8890479911344609522","potions_obtained":[{"floor":3,"key":"ColorlessPotion"},{"floor":13,"key":"AttackPotion"},{"floor":14,"key":"Explosive Potion"},{"floor":16,"key":"Swift Potion"},{"floor":18,"key":"Fire Potion"},{"floor":20,"key":"SteroidPotion"},{"floor":24,"key":"Weak Potion"},{"floor":29,"key":"BlessingOfTheForge"},{"floor":30,"key":"Weak Potion"},{"floor":33,"key":"Ancient Potion"}],"is_trial":false,"path_per_floor":["M","?","M","?","$","R","T","M","T","E","$","?","M","M","R","B",null,"M","?","M","?","M","R","E","?","T","$","T","M","M","M","R","B",null,"M"],"character_chosen":"HERMIT","items_purchased":["hermit:Brawl","OrangePellets"],"campfire_rested":1,"item_purchase_floors":[5,11],"current_hp_per_floor":[75,75,75,75,75,75,75,75,75,68,68,68,66,41,41,40,75,62,62,62,56,53,53,29,29,29,29,29,38,39,41,63,35,75,75,75],"gold":296,"neow_bonus":"THREE_ENEMY_KILL","is_daily":false,"chose_seed":false,"campfire_upgraded":2,"win_rate":0.0,"timestamp":1611523709,"path_taken":["M","?","M","?","$","R","?","?","T","E","?","?","M","M","R","BOSS","M","?","M","?","?","R","E","?","T","?","?","M","M","M","R","BOSS","M"],"items_purchased_type":["Card","Relic"],"build_version":"2020-12-22","purchased_purges":0,"victory":false,"max_hp_per_floor":[75,75,75,75,75,75,75,75,75,75,75,75,75,75,75,75,75,75,75,75,75,75,75,75,75,75,75,75,75,75,75,75,75,75,75,75],"card_choices":[{"not_picked":["hermit:Misfire","hermit:LowProfile"],"picked":"hermit:BodyArmor","floor":1},{"not_picked":["hermit:Snipe","hermit:Gestalt"],"picked":"hermit:Glare","floor":3},{"not_picked":["hermit:Roulette","hermit:Coalescence"],"picked":"hermit:RoundhouseKick","floor":8},{"not_picked":["hermit:LoneWolf","hermit:ShadowCloak"],"picked":"hermit:GoldenBullet","floor":10},{"not_picked":["hermit:NoHoldsBarred","hermit:ShadowCloak"],"picked":"hermit:Quickdraw","floor":13},{"not_picked":["hermit:Horror","hermit:HoleUp","hermit:Quickdraw"],"picked":"SKIP","floor":14},{"not_picked":["hermit:WideOpen","hermit:Grudge"],"picked":"hermit:CalledShot+1","floor":18},{"not_picked":["hermit:Enervate+1","hermit:Ricochet","hermit:Glare"],"picked":"SKIP","floor":20},{"not_picked":["hermit:PistolWhip+1","hermit:Ricochet"],"picked":"hermit:HoleUp","floor":22},{"not_picked":["hermit:HighCaliber","hermit:OverwhelmingPower","hermit:LowProfile"],"picked":"SKIP","floor":24},{"not_picked":["hermit:Scavenge","hermit:PistolWhip+1"],"picked":"hermit:Desperado+1","floor":29},{"not_picked":["hermit:TrackingShot","hermit:SprayPray","hermit:Coalescence"],"picked":"SKIP","floor":30},{"not_picked":["hermit:Glare","hermit:DeadMansHand"],"picked":"hermit:TakeAim+1","floor":31}],"player_experience":233985,"relics_obtained":[{"floor":9,"key":"Meat on the Bone"},{"floor":10,"key":"Pocketwatch"},{"floor":24,"key":"White Beast Statue"},{"floor":26,"key":"HornCleat"},{"floor":28,"key":"Letter Opener"}],"event_choices":[{"damage_healed":0,"gold_gain":0,"player_choice":"Grow","damage_taken":0,"max_hp_gain":0,"max_hp_loss":0,"event_name":"Living Wall","floor":2,"gold_loss":0,"cards_upgraded":["hermit:Snapshot"]},{"damage_healed":0,"gold_gain":52,"player_choice":"Gained Gold","damage_taken":0,"max_hp_gain":0,"max_hp_loss":0,"event_name":"Golden Wing","floor":4,"gold_loss":0},{"damage_healed":0,"gold_gain":0,"player_choice":"Ignored","damage_taken":0,"max_hp_gain":0,"max_hp_loss":0,"event_name":"Liars Game","floor":12,"gold_loss":0},{"damage_healed":0,"gold_gain":0,"player_choice":"Obtained Relic","damage_taken":0,"relics_obtained":["hermit:RyeStalk"],"max_hp_gain":0,"max_hp_loss":0,"event_name":"Addict","floor":19,"gold_loss":85},{"damage_healed":0,"gold_gain":0,"player_choice":"","damage_taken":6,"max_hp_gain":0,"max_hp_loss":0,"event_name":"Knowing Skull","floor":21,"potions_obtained":[],"gold_loss":0,"cards_obtained":[]},{"damage_healed":0,"gold_gain":0,"player_choice":"Paid Fearfully","damage_taken":0,"max_hp_gain":0,"max_hp_loss":0,"event_name":"Masked Bandits","floor":25,"gold_loss":175}],"is_beta":false,"boss_relics":[{"not_picked":["Runic Dome","Ectoplasm"],"picked":"Astrolabe"},{"not_picked":["hermit:DentedPlate","hermit:BartenderGlass"],"picked":"SlaversCollar"}],"items_purged_floors":[],"is_endless":false,"potions_floor_spawned":[3,13,14,16,18,20,24,29,30,31,33],"killed_by":"3 Darklings","ascension_level":1}}