{"host":"g2yp6paluzgljz05","time":1611472559,"event":{"mods":["BaseMod","Bestiary","Colored Powertips","DeckTracker","Highlight Path","Minty Spire (QoL Compilation)","Quick Restart"],"gold_per_floor":[118,7,7,18,18,18,44,44,44,72,72,106,106,144,144,269,269,209,209,209,209,209,209,209,209,209,209,52,52,52,52,52,52,52,52,52,52,52,52,52,52,17,17,17,17,17,17,17,17,17],"floor_reached":51,"language":"ENG","playtime":2651,"items_purged":["Strike_G"],"score":988,"play_id":"a5c05a9d-8090-45dd-bfbd-27a56d833031","local_time":"20210124181559","is_ascension_mode":true,"campfire_choices":[{"data":"Dash","floor":6,"key":"SMITH"},{"data":"Neutralize","floor":8,"key":"SMITH"},{"data":"Survivor","floor":15,"key":"SMITH"},{"data":"Adrenaline","floor":23,"key":"SMITH"},{"data":"Defend_G","floor":25,"key":"SMITH"},{"data":"Defend_G","floor":27,"key":"SMITH"},{"data":"Defend_G","floor":32,"key":"SMITH"},{"data":"Defend_G","floor":41,"key":"SMITH"},{"floor":44,"key":"RECALL"},{"data":"Terror","floor":46,"key":"SMITH"},{"data":"Masterful Stab","floor":49,"key":"SMITH"}],"circlet_count":0,"master_deck":["Strike_G+1","Defend_G+1","Defend_G+1","Defend_G+1","Defend_G+1","Defend_G+1","Survivor+1","Neutralize+1","Acrobatics","Dash+1","Terror+1","Masterful Stab+1","Adrenaline+1","Infinite Blades+1","Dagger Spray+1","A Thousand Cuts+1","A Thousand Cuts+1","Escape Plan+1","Adrenaline+1","Infinite Blades+1","Terror+1","Footwork+1","Backflip+1","Infinite Blades+1"],"relics":["Ring of the Snake","NeowsBlessing","PreservedInsect","Mummified Hand","Pen Nib","Golden Idol","Frozen Egg 2","Question Card","Ectoplasm","Nunchaku","Kunai","Toxic Egg 2","Sozu","Vajra","Gremlin Horn","The Courier"],"acts_visited":["Exordium","TheCity","TheBeyond"],"potions_floor_usage":[24,50,50],"damage_taken":[{"damage":0,"enemies":"Jaw Worm","floor":1,"turns":1},{"damage":0,"enemies":"2 Louse","floor":4,"turns":1},{"damage":0,"enemies":"Gremlin Nob","floor":7,"turns":1},{"damage":4,"enemies":"3 Sentries","floor":10,"turns":8},{"damage":5,"enemies":"Lagavulin","floor":12,"turns":4},{"damage":4,"enemies":"3 Sentries","floor":14,"turns":6},{"damage":5,"enemies":"Hexaghost","floor":16,"turns":8},{"damage":10,"enemies":"2 Thieves","floor":18,"turns":4},{"damage":0,"enemies":"Spheric Guardian","floor":20,"turns":3},{"damage":6,"enemies":"Snake Plant","floor":22,"turns":3},{"damage":6,"enemies":"Slavers","floor":24,"turns":5},{"damage":6,"enemies":"Book of Stabbing","floor":31,"turns":3},{"damage":0,"enemies":"Collector","floor":33,"turns":4},{"damage":0,"enemies":"3 Darklings","floor":35,"turns":3},{"damage":9,"enemies":"3 Shapes","floor":37,"turns":2},{"damage":1,"enemies":"Jaw Worm Horde","floor":39,"turns":3},{"damage":0,"enemies":"Nemesis","floor":40,"turns":4},{"damage":0,"enemies":"Reptomancer","floor":45,"turns":3},{"damage":0,"enemies":"Nemesis","floor":47,"turns":3},{"damage":0,"enemies":"3 Darklings","floor":48,"turns":2},{"damage":16,"enemies":"Awakened One","floor":50,"turns":8}],"seed_played":"-6999140959624240295","potions_obtained":[{"floor":1,"key":"AttackPotion"},{"floor":4,"key":"ColorlessPotion"},{"floor":14,"key":"GhostInAJar"},{"floor":22,"key":"Swift Potion"},{"floor":33,"key":"BlessingOfTheForge"}],"is_trial":false,"path_per_floor":["M","$","?","M","$","R","E","R","T","E","?","E","?","E","R","B",null,"M","?","M","?","M","R","E","R","T","R","$","?","$","E","R","B",null,"M","?","M","?","M","E","R","$","T","R","E","R","E","M","R","B",null],"character_chosen":"THE_SILENT","items_purchased":["Dash","A Thousand Cuts+1","Footwork+1"],"campfire_rested":0,"item_purchase_floors":[2,28,42],"current_hp_per_floor":[70,70,56,56,56,56,56,56,56,52,52,47,47,43,43,38,65,55,55,55,55,49,49,43,43,43,43,43,43,43,37,37,37,65,65,65,56,56,55,55,55,55,55,55,55,55,55,55,55,39],"gold":17,"neow_bonus":"THREE_ENEMY_KILL","is_daily":false,"chose_seed":false,"campfire_upgraded":10,"win_rate":0.0,"timestamp":1611472559,"path_taken":["M","$","?","M","$","R","E","R","T","E","?","E","?","E","R","BOSS","M","?","M","?","?","R","E","R","T","R","$","?","$","E","R","BOSS","M","?","?","?","M","E","R","$","T","R","E","R","E","M","R","BOSS"],"items_purchased_type":["Card","Card","Card"],"build_version":"2020-12-22","purchased_purges":1,"victory":true,"max_hp_per_floor":[70,70,70,70,70,70,70,70,70,70,65,65,65,65,65,65,65,65,65,65,65,65,65,65,65,65,65,65,65,65,65,65,65,65,65,65,65,65,65,65,65,65,65,65,65,65,65,65,65,65],"card_choices":[{"not_picked":["Riddle With Holes","Slice"],"picked":"Acrobatics","floor":1},{"not_picked":["Dash","Reflex","Dagger Spray"],"picked":"SKIP","floor":4},{"not_picked":["Eviscerate","Slice","Backflip"],"picked":"SKIP","floor":7},{"not_picked":["Backstab","Dagger Spray"],"picked":"Terror","floor":10},{"not_picked":["Quick Slash","Sucker Punch","Endless Agony"],"picked":"SKIP","floor":12},{"not_picked":["Sucker Punch","Envenom+1","Backflip"],"picked":"SKIP","floor":14},{"not_picked":["Phantasmal Killer","Glass Knife","Unload"],"picked":"Adrenaline","floor":16},{"not_picked":["Poisoned Stab","Backflip","Cloak And Dagger","Blur"],"picked":"SKIP","floor":18},{"not_picked":["Heel Hook","Caltrops+1","Outmaneuver"],"picked":"Infinite Blades+1","floor":20},{"not_picked":["Caltrops+1","Choke+1","Storm of Steel","Finisher"],"picked":"SKIP","floor":22},{"not_picked":["Deflect","Eviscerate+1","Cloak And Dagger"],"picked":"Dagger Spray+1","floor":24},{"not_picked":["Noxious Fumes+1","Backflip+1","Expertise+1"],"picked":"Escape Plan+1","floor":31},{"not_picked":["Phantasmal Killer+1","Wraith Form v2+1","Die Die Die"],"picked":"Adrenaline+1","floor":33},{"not_picked":["Escape Plan+1","Heel Hook+1","Endless Agony"],"picked":"Infinite Blades+1","floor":35},{"not_picked":["Dodge and Roll+1","Dagger Throw+1","Caltrops+1","PiercingWail+1"],"picked":"SKIP","floor":37},{"not_picked":["Sucker Punch+1","Backflip+1","Deadly Poison+1"],"picked":"Terror+1","floor":39},{"not_picked":["Choke+1","Catalyst+1","Leg Sweep+1","Masterful Stab+1"],"picked":"SKIP","floor":40},{"not_picked":["Sucker Punch+1","Night Terror+1","Blur+1","Dagger Spray"],"picked":"SKIP","floor":45},{"not_picked":["Masterful Stab","Predator+1","Distraction+1"],"picked":"Backflip+1","floor":47},{"not_picked":["Prepared+1","Slice+1","Deflect+1"],"picked":"Infinite Blades+1","floor":48}],"player_experience":246113,"relics_obtained":[{"floor":7,"key":"PreservedInsect"},{"floor":9,"key":"Mummified Hand"},{"floor":10,"key":"Pen Nib"},{"floor":12,"key":"Frozen Egg 2"},{"floor":14,"key":"Question Card"},{"floor":24,"key":"Nunchaku"},{"floor":26,"key":"Kunai"},{"floor":31,"key":"Toxic Egg 2"},{"floor":40,"key":"Vajra"},{"floor":45,"key":"Gremlin Horn"},{"floor":47,"key":"The Courier"}],"event_choices":[{"damage_healed":0,"gold_gain":0,"player_choice":"Entered Light","damage_taken":14,"max_hp_gain":0,"max_hp_loss":0,"event_name":"Shining Light","floor":3,"gold_loss":0,"cards_upgraded":["Strike_G","Defend_G"]},{"damage_healed":0,"gold_gain":0,"player_choice":"Lose Max HP","damage_taken":0,"relics_obtained":["Golden Idol"],"max_hp_gain":0,"max_hp_loss":5,"event_name":"Golden Idol","floor":11,"gold_loss":0},{"damage_healed":0,"gold_gain":0,"cards_transformed":["Strike_G"],"player_choice":"Change","damage_taken":0,"max_hp_gain":0,"max_hp_loss":0,"event_name":"Living Wall","floor":13,"gold_loss":0,"cards_obtained":["Masterful Stab"]},{"cards_removed":["Strike_G"],"damage_healed":0,"gold_gain":0,"player_choice":"Elegance","damage_taken":0,"max_hp_gain":0,"max_hp_loss":0,"event_name":"Back to Basics","floor":19,"gold_loss":0},{"cards_removed":["Strike_G"],"damage_healed":0,"gold_gain":0,"player_choice":"Purged","damage_taken":0,"max_hp_gain":0,"max_hp_loss":0,"event_name":"Purifier","floor":21,"gold_loss":0},{"damage_healed":0,"gold_gain":0,"player_choice":"Copied","damage_taken":0,"max_hp_gain":0,"max_hp_loss":0,"event_name":"Duplicator","floor":29,"gold_loss":0,"cards_obtained":["A Thousand Cuts"]},{"damage_healed":0,"gold_gain":0,"player_choice":"Ignored","damage_taken":0,"max_hp_gain":0,"max_hp_loss":0,"event_name":"SecretPortal","floor":36,"gold_loss":0},{"damage_healed":0,"gold_gain":0,"player_choice":"Ignored","damage_taken":0,"max_hp_gain":0,"max_hp_loss":0,"event_name":"The Moai Head","floor":38,"gold_loss":0}],"is_beta":false,"boss_relics":[{"not_picked":["SlaversCollar","Runic Dome"],"picked":"Ectoplasm"},{"not_picked":["Snecko Eye","Calling Bell"],"picked":"Sozu"}],"items_purged_floors":[2],"is_endless":false,"potions_floor_spawned":[1,4,14,16,20,22,33,45,47,48],"ascension_level":1}}