{"host":"0bfi5m9qgchoxkt9","time":1611468813,"event":{"mods":["Act Like it!","Arknights The Spire","BaseMod","Gensokyo","Minty Spire (QoL Compilation)","Quick Restart","StSLib"],"gold_per_floor":[111,111,41,61,24,54,54,85,85,99,99,99,111,128,128,232,232,248,265,279,279,289,289,299,107,107,135,95,95,124,124,124,426,426,437,205,205,33,42,72,95,95,121,140,167,167,180,180,180,180,180,180,101,129,129],"floor_reached":56,"language":"ZHS","playtime":4449,"items_purged":["ats:Strike C","ats:Closed Bolt Burst Fire+1"],"score":1434,"play_id":"c0699af3-93a3-4265-a0f6-8db1aca30a40","local_time":"20210124141333","is_ascension_mode":true,"campfire_choices":[{"data":"ats:Closed Bolt Burst Fire","floor":7.0,"key":"SMITH"},{"data":"ats:Strike V","floor":15.0,"key":"PURGE"},{"data":"ats:Strike S","floor":23.0,"key":"PURGE"},{"data":"ats:Strike G","floor":32.0,"key":"PURGE"},{"floor":46,"key":"RECALL"},{"data":"ats:Defend","floor":49,"key":"PURGE"},{"data":"ats:Hook Shot","floor":52,"key":"SMITH"}],"circlet_count":0,"master_deck":["ats:Emotion Absorption+1","ats:Overload","ats:Calcification","ats:Demon Strength","ats:Nebulous Foxfire+1","ats:Hook Shot+1","ats:Demon Strength","ats:Spore Proliferation","ats:Rat Pack","ats:Rat Pack","ats:Rat Pack","ats:Hook Shot"],"relics":["ats:Sanity","NeowsBlessing","Happy Flower","ats:Originium","Peace Pipe","ats:Military Tradition","Gensokyo:PortableGap","Sozu","Akabeko","CeramicFish","Matryoshka","Strawberry","Mummified Hand","Coffee Dripper","Turnip","Medical Kit","Unceasing Top","Smiling Mask","Orichalcum","Potion Belt","Sundial","Prayer Wheel","ats:Ability Aura","Eternal Feather"],"acts_visited":["Gensokyo:Gensokyo","Gensokyo:Gensokyoer","Gensokyo:Gensokyoest","TheEnding"],"potions_floor_usage":[40],"damage_taken":[{"damage":0.0,"enemies":"Gensokyo:Python","floor":1.0,"turns":1.0},{"damage":0.0,"enemies":"Gensokyo:3_Fairies","floor":4.0,"turns":1.0},{"damage":0.0,"enemies":"Gensokyo:Aya","floor":6.0,"turns":1.0},{"damage":9.0,"enemies":"Gensokyo:Cirno","floor":8.0,"turns":5.0},{"damage":6.0,"enemies":"Gensokyo:Gryphon","floor":10.0,"turns":4.0},{"damage":0.0,"enemies":"Gensokyo:VengefulSpirit","floor":13.0,"turns":3.0},{"damage":1.0,"enemies":"Gensokyo:2_Rabbits","floor":14.0,"turns":3.0},{"damage":28.0,"enemies":"Gensokyo:Kokoro","floor":16.0,"turns":10.0},{"damage":22.0,"enemies":"Gensokyo:3_Dogs","floor":18.0,"turns":11.0},{"damage":2.0,"enemies":"Gensokyo:2_Gloops","floor":19.0,"turns":3.0},{"damage":18.0,"enemies":"Gensokyo:Wraith","floor":20.0,"turns":4.0},{"damage":15.0,"enemies":"Gensokyo:Swordslinger","floor":22.0,"turns":4.0},{"damage":18.0,"enemies":"Gensokyo:Mirror_and_Dog","floor":24.0,"turns":14.0},{"damage":33.0,"enemies":"Gensokyo:Koishi","floor":27.0,"turns":6.0},{"damage":37.0,"enemies":"Gensokyo:Wraith","floor":30.0,"turns":14.0},{"damage":8.0,"enemies":"Gensokyo:Eiki","floor":33.0,"turns":10.0},{"damage":0,"enemies":"Gensokyo:3_Bats","floor":35,"turns":4},{"damage":10,"enemies":"Gensokyo:Doremy","floor":40,"turns":6},{"damage":52,"enemies":"Gensokyo:AncientGuardian","floor":41,"turns":11},{"damage":0,"enemies":"Gensokyo:4_Bats","floor":44,"turns":4},{"damage":2,"enemies":"Gensokyo:Kasen","floor":45,"turns":8},{"damage":0,"enemies":"Gensokyo:SeedOfUnknown","floor":47,"turns":3},{"damage":0,"enemies":"Gensokyo:Yuyuko","floor":50,"turns":5},{"damage":0,"enemies":"Shield and Spear","floor":54,"turns":3},{"damage":0,"enemies":"The Heart","floor":55,"turns":24}],"seed_played":"-998150598954262035","potions_obtained":[{"floor":6.0,"key":"ats:Emergency Sanity Potion"},{"floor":13.0,"key":"Weak Potion"},{"floor":14.0,"key":"Weak Potion"},{"floor":16.0,"key":"Swift Potion"}],"is_trial":false,"path_per_floor":["M","?","?","M","$","E","R","E","T","M","?","?","M","M","R","B",null,"M","M","M","?","M","R","M","COS","T","E","?","T","M","?","R","B",null,"M","$","?","COS","?","E","M","?","T","M","E","R","M","?","R","B",null,"R","$","E","B",null],"character_chosen":"DOCTOR_CLASS","items_purchased":["ats:Overload","Medical Kit","ats:Hook Shot"],"campfire_rested":0,"item_purchase_floors":[5,36,53],"current_hp_per_floor":[72,72,72,72,72,72,72,63,63,59,59,59,60,60,60,35,65,62,63,49,49,38,38,65,65,65,37,37,37,72,67,67,67,67,67,67,67,67,67,62,67,67,67,67,67,67,67,67,67,67,67,67,67,67,67],"gold":129,"neow_bonus":"THREE_ENEMY_KILL","is_daily":false,"chose_seed":false,"campfire_upgraded":2,"win_rate":0.0,"timestamp":1611468813,"path_taken":["M","?","?","M","$","E","R","E","T","M","?","?","?","M","R","BOSS","M","M","M","?","M","R","M","COS","T","E","?","?","M","?","R","BOSS","M","$","?","COS","?","E","M","?","T","M","E","R","M","?","R","BOSS","R","$","E","BOSS"],"items_purchased_type":["Card","Relic","Card"],"build_version":"2020-12-22","purchased_purges":2,"victory":true,"max_hp_per_floor":[72,72,72,72,72,72,72,72,72,72,65,65,65,65,65,65,65,65,65,65,65,65,65,65,65,65,65,65,65,72,67,67,67,67,67,67,67,67,67,67,67,67,67,67,67,67,67,67,67,67,67,67,67,67,67],"card_choices":[{"not_picked":["ats:Apocalypse","ats:Childhood Dance","ats:Burning Ground"],"picked":"SKIP","floor":1.0},{"not_picked":["ats:Leaping Hammer","ats:Blood Oath"],"picked":"ats:Closed Bolt Burst Fire","floor":4.0},{"not_picked":["ats:Childhood Dance","ats:Automatic Cover","ats:Blood Oath"],"picked":"SKIP","floor":6.0},{"not_picked":["ats:Red Shift","ats:Explosion Area Strengthen"],"picked":"ats:Calcification","floor":8.0},{"not_picked":["ats:Flexible Camouflage","ats:Ignite","ats:Song Of Battle"],"picked":"SKIP","floor":10.0},{"not_picked":["ats:Flexible Camouflage","ats:Ignite","ats:Song Of Battle"],"picked":"SKIP","floor":10.0},{"not_picked":["ats:Assault Order","ats:Burning Ground"],"picked":"ats:Demon Strength","floor":13.0},{"not_picked":["ats:Poison Spread","ats:Red Shift","ats:Directed Diagnosis"],"picked":"SKIP","floor":14.0},{"not_picked":["ats:Soul Rend","ats:Durian"],"picked":"ats:Nebulous Foxfire","floor":16.0},{"not_picked":["ats:Charging Defense+1","ats:Childhood Dance+1","ats:Serious Mode+1"],"picked":"SKIP","floor":18.0},{"not_picked":["ats:Flexible Camouflage","ats:Magnetic Hammer"],"picked":"ats:Hook Shot","floor":19.0},{"not_picked":["ats:Childhood Dance","ats:Closed Bolt Burst Fire","ats:Assault Order"],"picked":"SKIP","floor":20.0},{"not_picked":["ats:True Silver Slash","ats:Ignite"],"picked":"ats:Spore Proliferation","floor":22.0},{"not_picked":["ats:Cat Scratch","ats:Childhood Dance","ats:Blood Oath"],"picked":"SKIP","floor":24.0},{"not_picked":["ats:Poison Spread","ats:Powerful Strike","ats:Childhood Dance"],"picked":"SKIP","floor":27.0},{"not_picked":["ats:Shadow Assault","ats:Durian"],"picked":"ats:Rat Pack","floor":30.0},{"not_picked":["ats:Assault Order","ats:Durian","ats:Leaping Hammer+1"],"picked":"SKIP","floor":30.0},{"not_picked":["ats:Assault Order","ats:Durian","ats:Leaping Hammer+1"],"picked":"SKIP","floor":30.0},{"not_picked":["ats:Soul Absorption","ats:Apocalypse+1","ats:Closed Bolt Burst Fire+1"],"picked":"SKIP","floor":35},{"not_picked":["ats:Consecutive Shot Auto+1","ats:Ignite+1","ats:Guardian Obelisk"],"picked":"SKIP","floor":40},{"not_picked":["ats:Disruption Kick","ats:Roar Of Ursus"],"picked":"ats:Rat Pack","floor":41},{"not_picked":["ats:Powerful Strike","ats:Hammer On","ats:Very Hot Blade"],"picked":"SKIP","floor":41},{"not_picked":["ats:Rat Pack","ats:Consecutive Shot Auto","ats:Blood Oath+1"],"picked":"SKIP","floor":44},{"not_picked":["ats:Consecutive Shot Auto","ats:Blood Oath+1"],"picked":"ats:Rat Pack","floor":44},{"not_picked":["ats:Chain Hook+1","ats:Ignite","ats:Revitalization+1"],"picked":"SKIP","floor":45},{"not_picked":["ats:Revitalization","ats:Burning Ground+1","ats:Healing Strengthening"],"picked":"SKIP","floor":47},{"not_picked":["ats:LN2 Cannon","ats:Healing Drone","ats:Volcano"],"picked":"SKIP","floor":47},{"not_picked":["ats:Consecutive Shot Auto+1","ats:Hammer On+1","ats:True Silver Slash"],"picked":"SKIP","floor":54}],"player_experience":969657,"relics_obtained":[{"floor":6.0,"key":"ats:Originium"},{"floor":6.0,"key":"Peace Pipe"},{"floor":8.0,"key":"ats:Originium"},{"floor":8.0,"key":"ats:Military Tradition"},{"floor":26.0,"key":"Akabeko"},{"floor":27.0,"key":"ats:Originium"},{"floor":27.0,"key":"CeramicFish"},{"floor":29.0,"key":"Matryoshka"},{"floor":40,"key":"ats:Originium"},{"floor":40,"key":"Unceasing Top"},{"floor":43,"key":"Orichalcum"},{"floor":43,"key":"Potion Belt"},{"floor":45,"key":"ats:Ability Aura"},{"floor":54,"key":"Eternal Feather"}],"event_choices":[],"is_beta":false,"boss_relics":[{"not_picked":["Runic Pyramid","Calling Bell"],"picked":"Sozu"},{"not_picked":["Tiny House","Velvet Choker"],"picked":"Coffee Dripper"}],"items_purged_floors":[36,53],"is_endless":false,"potions_floor_spawned":[6,13,14,16,19,22,30,40,44,54],"ascension_level":2}}