{"host":"0wmeqr6jlf4kz37n","time":1611453492,"event":{"mods":["Act Like it!","Arknights The Spire","BaseMod","Downfall","Minty Spire (QoL Compilation)","Quick Restart","StSLib","TestMod","vexMod"],"gold_per_floor":[99,118,136,154,173,173,173,73,173,173,173,173],"floor_reached":10,"language":"ZHS","playtime":306,"items_purged":[],"score":58,"play_id":"517df5db-8b69-45ce-ad11-2edd1bfd5c65","local_time":"20210124095812","is_ascension_mode":false,"campfire_choices":[{"data":"sneckomod:TailWhip","floor":1.0,"key":"SMITH"},{"floor":6.0,"key":"RECALL"},{"data":"sneckomod:TrashToTreasure","floor":8,"key":"SMITH"}],"circlet_count":0,"master_deck":["sneckomod:Strike","sneckomod:Strike","sneckomod:Strike","sneckomod:Defend","sneckomod:Defend","sneckomod:Defend","sneckomod:TailWhip+1","sneckomod:SnekBite","sneckomod:Unknown","sneckomod:Unknown","sneckomod:RainOfDice","sneckomod:TrashToTreasure+1","sneckomod:UnknownUncommonSkill"],"relics":["sneckomod:SneckoSoul","testmod-TestBox","testmod-CrystalShield","testmod-RainbowHikingShoes","downfall:HeartBlessingRed"],"acts_visited":["Exordium"],"potions_floor_usage":[],"damage_taken":[{"damage":3.0,"enemies":"Jaw Worm","floor":2.0,"turns":2.0},{"damage":4.0,"enemies":"Cultist","floor":3.0,"turns":3.0},{"damage":2.0,"enemies":"Small Slimes","floor":4.0,"turns":4.0},{"damage":13.0,"enemies":"2 Fungi Beasts","floor":5.0,"turns":3.0},{"damage":0,"enemies":"3 Sentries","floor":10,"turns":1}],"seed_played":"-7191510630104427713","potions_obtained":[{"floor":2.0,"key":"Energy Potion"}],"is_trial":false,"path_per_floor":["R","M","M","M","M","R","T","R","?","E"],"character_chosen":"THE_SNECKO","items_purchased":[],"campfire_rested":0,"item_purchase_floors":[],"current_hp_per_floor":[63,60,56,54,41,41,41,41,41,41,41,41],"gold":173,"neow_bonus":"ONE_RARE_RELIC","is_daily":false,"chose_seed":false,"campfire_upgraded":2,"win_rate":0.0,"timestamp":1611453492,"path_taken":["R","M","M","M","M","R","T","R","?","E"],"items_purchased_type":[],"build_version":"2020-12-22","purchased_purges":0,"victory":false,"max_hp_per_floor":[90,90,90,90,90,90,90,90,90,90,90,90],"card_choices":[{"not_picked":["sneckomod:IronFang","sneckomod:SlitherStrike"],"picked":"sneckomod:RainOfDice","floor":2.0},{"not_picked":["sneckomod:UnknownCommonSkill","sneckomod:QuickBite"],"picked":"sneckomod:TrashToTreasure","floor":3.0},{"not_picked":["sneckomod:CheapStock","sneckomod:SnekBeam","sneckomod:DiceCrush"],"picked":"SKIP","floor":4.0},{"not_picked":["sneckomod:Unknown1Cost","sneckomod:UnknownStrike"],"picked":"sneckomod:UnknownUncommonSkill","floor":5.0}],"player_experience":313170,"relics_obtained":[{"floor":7.0,"key":"testmod-RainbowHikingShoes"}],"event_choices":[],"is_beta":false,"boss_relics":[],"items_purged_floors":[],"is_endless":false,"potions_floor_spawned":[2],"killed_by":"3 Sentries","ascension_level":0}}