{"host":"c95txy58ipbu969e","time":1611477329,"event":{"mods":["Act Like it!","BaseMod","Downfall","Minty Spire (QoL Compilation)","Quick Restart","StSLib"],"gold_per_floor":[99,114,129,149,169,169,169,189,218,239,268,268,280,294,306,306,306,306],"floor_reached":16,"language":"ZHS","playtime":977,"items_purged":[],"score":122,"play_id":"421623e4-2839-4191-b94e-0803343e4003","local_time":"20210124163529","is_ascension_mode":true,"campfire_choices":[{"data":"bronze:Goto","floor":1.0,"key":"SMITH"},{"data":"bronze:Replicate","floor":6.0,"key":"SMITH"},{"data":"bronze:ShipIt","floor":12,"key":"SMITH"}],"circlet_count":0,"master_deck":["bronze:Strike","bronze:Strike","bronze:Strike","bronze:Strike","bronze:Defend","bronze:Defend","bronze:Defend","bronze:Defend","bronze:Replicate+1","bronze:Goto+1","bronze:ForLoop","bronze:Turbo","bronze:Repair","bronze:ShipIt+1","bronze:Shield","bronze:WildBeam"],"relics":["Runic Pyramid","Letter Opener","Pen Nib","Odd Mushroom","The Courier"],"acts_visited":[],"potions_floor_usage":[],"damage_taken":[{"damage":1.0,"enemies":"Cultist","floor":2.0,"turns":4.0},{"damage":5.0,"enemies":"Small Slimes","floor":3.0,"turns":4.0},{"damage":0.0,"enemies":"2 Louse","floor":4.0,"turns":2.0},{"damage":23.0,"enemies":"Gremlin Gang","floor":5.0,"turns":5.0},{"damage":11.0,"enemies":"Large Slime","floor":8.0,"turns":4.0},{"damage":22.0,"enemies":"3 Sentries","floor":9.0,"turns":10.0},{"damage":16,"enemies":"The Mushroom Lair","floor":10,"turns":3},{"damage":18,"enemies":"Lagavulin","floor":11,"turns":6},{"damage":5,"enemies":"Lots of Slimes","floor":13,"turns":5},{"damage":11,"enemies":"3 Louse","floor":14,"turns":3},{"damage":0,"enemies":"2 Fungi Beasts","floor":15,"turns":3},{"damage":37,"enemies":"SI_SHIV_ARCHETYPE","floor":16,"turns":7}],"seed_played":"-1234331853214681931","potions_obtained":[{"floor":2.0,"key":"Ancient Potion"},{"floor":9,"key":"GamblersBrew"},{"floor":10,"key":"Regen Potion"}],"is_trial":false,"path_per_floor":["R","M","M","M","M","R","T","M","E","?","E","R","M","M","M","B"],"character_chosen":"THE_AUTOMATON","items_purchased":[],"campfire_rested":0,"item_purchase_floors":[],"current_hp_per_floor":[70,69,64,64,41,41,41,30,36,27,16,16,25,21,28,0,0,0],"gold":306,"neow_bonus":"BOSS_RELIC","is_daily":false,"chose_seed":false,"campfire_upgraded":3,"win_rate":0.0,"timestamp":1611477329,"path_taken":["R","M","M","?","M","R","T","?","E","?","E","R","M","M","M","BOSS"],"items_purchased_type":[],"build_version":"2020-12-22","purchased_purges":0,"victory":false,"max_hp_per_floor":[70,70,70,70,70,70,70,70,70,70,70,70,70,70,70,70,70,70],"card_choices":[{"not_picked":["bronze:DarkDash","bronze:Invalidate"],"picked":"bronze:ForLoop","floor":2.0},{"not_picked":["bronze:DelayedSlice","bronze:BugBarrage","bronze:WildBeam"],"picked":"SKIP","floor":3.0},{"not_picked":["bronze:Branch","bronze:BuggyMess"],"picked":"bronze:Turbo","floor":4.0},{"not_picked":["bronze:BuggyMess","bronze:Deprecate","bronze:Constructor"],"picked":"SKIP","floor":5.0},{"not_picked":["bronze:BitShift","bronze:BronzeArmor"],"picked":"bronze:Repair","floor":8.0},{"not_picked":["bronze:Separator","bronze:Virus"],"picked":"bronze:ShipIt","floor":9},{"not_picked":["bronze:DigitalCarnage","bronze:BugBarrage"],"picked":"bronze:Shield","floor":10},{"not_picked":["bronze:Frontload","bronze:Repair"],"picked":"bronze:WildBeam","floor":11},{"not_picked":["bronze:Return","bronze:ForLoop","bronze:Separator"],"picked":"SKIP","floor":13},{"not_picked":["bronze:Turbo","bronze:CutThrough","bronze:BronzeOrb"],"picked":"SKIP","floor":14},{"not_picked":["bronze:Philosophize","bronze:Overheat","bronze:Shell"],"picked":"SKIP","floor":15}],"player_experience":508914,"relics_obtained":[{"floor":7.0,"key":"Letter Opener"},{"floor":9,"key":"Pen Nib"},{"floor":10,"key":"Odd Mushroom"},{"floor":11,"key":"The Courier"}],"event_choices":[{"damage_healed":0,"gold_gain":0,"player_choice":"Fought Mushrooms","damage_taken":0,"max_hp_gain":0,"max_hp_loss":0,"event_name":"Mushrooms","floor":10,"gold_loss":0}],"is_beta":false,"boss_relics":[],"items_purged_floors":[],"is_endless":false,"potions_floor_spawned":[2,9,10,14],"killed_by":"SI_SHIV_ARCHETYPE","ascension_level":1}}