{"host":"opyh6vr790e42ffe","time":1611515575,"event":{"mods":["BaseMod","Bestiary","Colored Map","Highlight Path","Minty Spire (QoL Compilation)","Relic Stats","StSLib"],"gold_per_floor":[114,124,134,11,21,54,54,74,74,102,102,113,113,148,148,252,252,207,207,207,6,6,6,6,6,6,6,6,6,6,6,6,6,6,6,6,6,6,6,6,6,6,6,6,6,6,6,6,6,6,6],"floor_reached":50,"language":"ENG","playtime":3009,"items_purged":[],"score":725,"play_id":"f424f04d-5352-4f7f-9be2-55e1548a0430","local_time":"20210124111255","is_ascension_mode":true,"campfire_choices":[{"floor":7.0,"key":"REST"},{"data":"Creative AI","floor":15,"key":"SMITH"},{"data":"Biased Cognition","floor":23,"key":"SMITH"},{"data":"Discovery","floor":25,"key":"SMITH"},{"floor":29,"key":"REST"},{"floor":32,"key":"REST"},{"data":"Buffer","floor":40,"key":"SMITH"},{"floor":45,"key":"REST"},{"floor":49,"key":"REST"}],"circlet_count":0,"master_deck":["Strike_B","Strike_B","Strike_B","Strike_B+1","Defend_B","Defend_B","Defend_B","Defend_B","Zap","Dualcast","Multi-Cast","Gash","Ball Lightning","Self Repair","Rip and Tear","Streamline+1","Beam Cell","Gash","Sweeping Beam","Beam Cell","Creative AI+1","Discovery+1","Beam Cell+1","Biased Cognition+1","Genetic Algorithm+1","Gash+1","Turbo","Redo","Barrage+1","Steam Power","Cold Snap+1","Defragment+1","Hologram","Buffer+1","Stack","Coolheaded","Sweeping Beam+1","Steam","Compile Driver+1","Panacea","Purity","Master of Strategy","Tempest"],"relics":["Cracked Core","TungstenRod","PreservedInsect","Vajra","Molten Egg 2","Ectoplasm","Lee\u0027s Waffle","MealTicket","Lantern","Bag of Preparation","Pen Nib","Busted Crown","Akabeko","Whetstone"],"acts_visited":["Exordium","TheCity","TheBeyond"],"potions_floor_usage":[24,27,33,50,50,50],"damage_taken":[{"damage":2.0,"enemies":"Jaw Worm","floor":1.0,"turns":3.0},{"damage":0.0,"enemies":"Small Slimes","floor":2.0,"turns":3.0},{"damage":1.0,"enemies":"Cultist","floor":3.0,"turns":3.0},{"damage":22.0,"enemies":"Gremlin Gang","floor":5.0,"turns":4.0},{"damage":30.0,"enemies":"Lagavulin","floor":6.0,"turns":6.0},{"damage":11.0,"enemies":"3 Louse","floor":8.0,"turns":3.0},{"damage":8.0,"enemies":"3 Sentries","floor":10.0,"turns":5.0},{"damage":0,"enemies":"Blue Slaver","floor":12,"turns":2},{"damage":12,"enemies":"Gremlin Nob","floor":14,"turns":3},{"damage":17,"enemies":"Slime Boss","floor":16,"turns":6},{"damage":25,"enemies":"2 Thieves","floor":18,"turns":3},{"damage":10,"enemies":"Spheric Guardian","floor":19,"turns":3},{"damage":39,"enemies":"Snake Plant","floor":20,"turns":5},{"damage":29,"enemies":"Centurion and Healer","floor":22,"turns":6},{"damage":15,"enemies":"Book of Stabbing","floor":24,"turns":4},{"damage":19,"enemies":"Slavers","floor":27,"turns":3},{"damage":41,"enemies":"Snecko","floor":30,"turns":6},{"damage":0,"enemies":"Gremlin Leader","floor":31,"turns":3},{"damage":24,"enemies":"Champ","floor":33,"turns":8},{"damage":13,"enemies":"3 Darklings","floor":35,"turns":4},{"damage":0,"enemies":"3 Shapes","floor":37,"turns":6},{"damage":26,"enemies":"Transient","floor":38,"turns":5},{"damage":28,"enemies":"Jaw Worm Horde","floor":39,"turns":6},{"damage":21,"enemies":"Giant Head","floor":41,"turns":6},{"damage":16,"enemies":"Spire Growth","floor":42,"turns":5},{"damage":0,"enemies":"4 Shapes","floor":47,"turns":5},{"damage":23,"enemies":"Reptomancer","floor":48,"turns":4},{"damage":40,"enemies":"Awakened One","floor":50,"turns":6}],"seed_played":"-1583969095924932631","potions_obtained":[{"floor":1.0,"key":"FocusPotion"},{"floor":2.0,"key":"Weak Potion"},{"floor":6.0,"key":"Weak Potion"},{"floor":8.0,"key":"Block Potion"},{"floor":19,"key":"EssenceOfSteel"},{"floor":24,"key":"Ancient Potion"},{"floor":33,"key":"Strength Potion"},{"floor":39,"key":"Weak Potion"},{"floor":41,"key":"SkillPotion"}],"is_trial":false,"path_per_floor":["M","M","M","$","M","E","R","M","T","E","?","M","?","E","R","B",null,"M","M","M","$","M","R","E","R","T","E","?","R","M","E","R","B",null,"M","?","M","M","M","R","E","M","T","?","R","?","M","E","R","B"],"character_chosen":"DEFECT","items_purchased":["Rip and Tear","Streamline","Lee\u0027s Waffle","Redo"],"campfire_rested":5,"item_purchase_floors":[4,4,21,21],"current_hp_per_floor":[66,66,65,65,43,20,40,36,36,35,40,40,40,28,28,11,73,55,45,13,80,58,58,43,43,43,24,24,48,14,21,45,28,80,74,74,80,61,40,40,26,17,17,17,41,32,32,9,33,0,0],"gold":6,"neow_bonus":"THREE_RARE_CARDS","is_daily":false,"chose_seed":false,"campfire_upgraded":4,"win_rate":0.0,"timestamp":1611515575,"path_taken":["M","M","M","$","M","E","R","M","T","E","?","M","?","E","R","BOSS","M","?","M","$","?","R","E","R","T","E","?","R","M","E","R","BOSS","M","?","?","M","M","R","E","M","T","?","R","?","M","E","R","BOSS"],"items_purchased_type":["Card","Card","Relic","Card"],"build_version":"2020-12-22","purchased_purges":0,"victory":false,"max_hp_per_floor":[68,68,68,68,68,68,68,68,68,68,73,73,73,73,73,73,73,73,73,73,80,80,80,80,80,80,80,80,80,80,80,80,80,80,80,80,80,80,80,80,80,80,80,80,80,80,80,80,80,80,80],"relic_stats":{"Lee\u0027s Waffle":67,"Busted Crown":22,"counters":[28,126],"MealTicket":0,"PreservedInsect":357,"Ectoplasm":640,"Pen Nib":[13],"Bag of Preparation":[24],"Whetstone":["Strike_B","Streamline"],"obtain_stats":[{"Lee\u0027s Waffle":21,"Lantern":26,"Vajra":10,"PreservedInsect":9,"Pen Nib":31,"Bag of Preparation":27,"Whetstone":48,"Akabeko":41,"Busted Crown":34,"Molten Egg 2":14,"MealTicket":24,"Ectoplasm":17,"Cracked Core":0,"TungstenRod":6},{"Lee\u0027s Waffle":13,"Lantern":15,"Vajra":7,"PreservedInsect":6,"Pen Nib":18,"Bag of Preparation":16,"Whetstone":27,"Akabeko":24,"Busted Crown":19,"Molten Egg 2":9,"MealTicket":15,"Ectoplasm":10,"Cracked Core":0,"TungstenRod":5},{"Lee\u0027s Waffle":49,"Lantern":59,"Vajra":27,"PreservedInsect":22,"Pen Nib":71,"Bag of Preparation":62,"Whetstone":120,"Akabeko":106,"Busted Crown":79,"Molten Egg 2":32,"MealTicket":59,"Ectoplasm":38,"Cracked Core":0,"TungstenRod":19}],"TungstenRod":53},"card_choices":[{"not_picked":["Rainbow","Amplify"],"picked":"Multi-Cast","floor":0.0},{"not_picked":["Recycle","Leap"],"picked":"Gash","floor":1.0},{"not_picked":["Cold Snap","Barrage"],"picked":"Ball Lightning","floor":2.0},{"not_picked":["Cold Snap","Leap"],"picked":"Self Repair","floor":3.0},{"not_picked":["Coolheaded","Barrage"],"picked":"Beam Cell","floor":5.0},{"not_picked":["Ball Lightning","Aggregate"],"picked":"Gash","floor":6.0},{"not_picked":["Chill","Steam"],"picked":"Sweeping Beam","floor":8.0},{"not_picked":["Chaos","White Noise"],"picked":"Beam Cell","floor":10.0},{"not_picked":["Cold Snap","Streamline"],"picked":"Creative AI","floor":12},{"not_picked":["Rip and Tear+1","Redo"],"picked":"Beam Cell+1","floor":14},{"not_picked":["Thunder Strike+1","Core Surge+1"],"picked":"Biased Cognition","floor":16},{"not_picked":["Steam","Stack"],"picked":"Genetic Algorithm+1","floor":18},{"not_picked":["Rebound+1","Chaos"],"picked":"Gash+1","floor":19},{"not_picked":["Redo","FTL+1"],"picked":"Turbo","floor":20},{"not_picked":["Gash+1","Turbo"],"picked":"Barrage+1","floor":22},{"not_picked":["Gash+1","Storm"],"picked":"Steam Power","floor":24},{"not_picked":["Chaos","Scrape+1"],"picked":"Cold Snap+1","floor":27},{"not_picked":["Conserve Battery","Ball Lightning+1"],"picked":"Defragment+1","floor":30},{"not_picked":["Go for the Eyes+1","Chaos"],"picked":"Hologram","floor":31},{"not_picked":["Electrodynamics","Thunder Strike+1"],"picked":"Buffer","floor":33},{"not_picked":["Ball Lightning+1"],"picked":"SKIP","floor":35},{"not_picked":[],"picked":"Stack","floor":37},{"not_picked":[],"picked":"Coolheaded","floor":38},{"not_picked":[],"picked":"Sweeping Beam+1","floor":39},{"not_picked":[],"picked":"Steam","floor":41},{"not_picked":[],"picked":"Compile Driver+1","floor":42},{"not_picked":[],"picked":"Panacea","floor":46},{"not_picked":[],"picked":"Purity","floor":46},{"not_picked":[],"picked":"Master of Strategy","floor":46},{"not_picked":["Rebound+1"],"picked":"SKIP","floor":47},{"not_picked":[],"picked":"Tempest","floor":48}],"player_experience":2432750,"relics_obtained":[{"floor":6.0,"key":"TungstenRod"},{"floor":9.0,"key":"PreservedInsect"},{"floor":10.0,"key":"Vajra"},{"floor":14,"key":"Molten Egg 2"},{"floor":24,"key":"MealTicket"},{"floor":26,"key":"Lantern"},{"floor":27,"key":"Bag of Preparation"},{"floor":31,"key":"Pen Nib"},{"floor":41,"key":"Akabeko"},{"floor":48,"key":"Whetstone"}],"event_choices":[{"damage_healed":0.0,"max_hp_gain":5.0,"max_hp_loss":0.0,"gold_gain":0.0,"event_name":"Big Fish","player_choice":"Donut","floor":11.0,"gold_loss":0.0,"damage_taken":0.0},{"damage_healed":0,"gold_gain":0,"player_choice":"1 cards matched","damage_taken":0,"max_hp_gain":0,"max_hp_loss":0,"event_name":"Match and Keep!","floor":13,"gold_loss":0,"cards_obtained":["Discovery"]},{"damage_healed":0,"gold_gain":99,"player_choice":"Stole From Cult","damage_taken":0,"max_hp_gain":0,"max_hp_loss":0,"event_name":"Nest","floor":28,"gold_loss":0},{"damage_healed":0,"gold_gain":0,"player_choice":"Ignored","damage_taken":0,"max_hp_gain":0,"max_hp_loss":0,"event_name":"Golden Shrine","floor":36,"gold_loss":0},{"damage_healed":0,"gold_gain":0,"player_choice":"Ignored","damage_taken":0,"max_hp_gain":0,"max_hp_loss":0,"event_name":"Mysterious Sphere","floor":44,"gold_loss":0},{"damage_healed":0,"gold_gain":0,"player_choice":"Memory 3","damage_taken":10,"max_hp_gain":0,"max_hp_loss":0,"event_name":"SensoryStone","floor":46,"gold_loss":0}],"is_beta":false,"boss_relics":[{"not_picked":["Tiny House","Velvet Choker"],"picked":"Ectoplasm"},{"not_picked":["Philosopher\u0027s Stone","Sozu"],"picked":"Busted Crown"}],"items_purged_floors":[],"is_endless":false,"potions_floor_spawned":[1,2,6,8,19,24,33,39,41,48],"killed_by":"Awakened One","ascension_level":3}}