{"host":"oigynbtg272c19pw","time":1611482962,"event":{"mods":["BaseMod","Colored Map","Minty Spire (QoL Compilation)","Relic Stats","Slay the Relics Exporter","StSLib"],"gold_per_floor":[116,116,14,14,14,43,43,78,130,130,130,130],"floor_reached":11,"playtime":246,"items_purged":[],"score":254,"play_id":"dc0ad039-72e5-4ef4-a3aa-8ea608cf7531","local_time":"20210124110922","is_ascension_mode":true,"campfire_choices":[{"floor":7,"key":"REST"},{"data":"Dagger Spray","floor":10,"key":"SMITH"}],"circlet_count":0,"master_deck":["AscendersBane","Strike_G","Strike_G","Strike_G","Strike_G","Defend_G","Defend_G","Defend_G","Defend_G","Defend_G","Survivor","Neutralize","Dagger Spray+1","Panacea","Endless Agony","Night Terror"],"relics":["Ring of the Snake","NeowsBlessing","Akabeko","Letter Opener","Snake Skull"],"acts_visited":["Exordium"],"potions_floor_usage":[11],"damage_taken":[{"damage":0,"enemies":"Small Slimes","floor":1,"turns":2},{"damage":0,"enemies":"Gremlin Nob","floor":6,"turns":1},{"damage":0,"enemies":"3 Sentries","floor":8,"turns":1},{"damage":24,"enemies":"Lagavulin","floor":11,"turns":12}],"seed_played":"-2862390717362610945","potions_obtained":[{"floor":8,"key":"Dexterity Potion"}],"is_trial":false,"path_per_floor":["M","?","$","?","?","E","R","E","T","R","E"],"character_chosen":"THE_SILENT","items_purchased":["Panacea"],"campfire_rested":1,"item_purchase_floors":[3],"current_hp_per_floor":[59,14,14,19,12,12,33,33,33,33,9,9],"gold":130,"neow_bonus":"THREE_ENEMY_KILL","is_daily":false,"chose_seed":false,"campfire_upgraded":1,"win_rate":0.0,"timestamp":1611482962,"path_taken":["M","?","$","?","?","E","R","E","T","R","E"],"items_purchased_type":["Card"],"build_version":"2020-12-13","purchased_purges":0,"victory":false,"max_hp_per_floor":[66,66,66,71,71,71,71,71,71,71,71,71],"relic_stats":{"counters":[4,16],"Snake Skull":[0],"Letter Opener":[15],"obtain_stats":[{"NeowsBlessing":0,"Snake Skull":8,"Letter Opener":6,"Akabeko":2,"Ring of the Snake":0},{"NeowsBlessing":0,"Snake Skull":3,"Letter Opener":2,"Akabeko":1,"Ring of the Snake":0},{"NeowsBlessing":0,"Snake Skull":4,"Letter Opener":3,"Akabeko":2,"Ring of the Snake":0}],"Ring of the Snake":[8]},"card_choices":[{"not_picked":["Prepared","Setup"],"picked":"Dagger Spray","floor":1},{"not_picked":["Caltrops","Distraction"],"picked":"Endless Agony","floor":6},{"not_picked":["Flying Knee","Finisher"],"picked":"Night Terror","floor":8}],"player_experience":1479851,"relics_obtained":[{"floor":6,"key":"Letter Opener"},{"floor":8,"key":"Snake Skull"}],"event_choices":[{"damage_healed":0,"gold_gain":0,"player_choice":"Success","damage_taken":45,"relics_obtained":["Akabeko"],"max_hp_gain":0,"max_hp_loss":0,"event_name":"Scrap Ooze","floor":2,"gold_loss":0},{"damage_healed":0,"gold_gain":0,"player_choice":"Donut","damage_taken":0,"max_hp_gain":5,"max_hp_loss":0,"event_name":"Big Fish","floor":4,"gold_loss":0},{"cards_removed":["Strike_G"],"damage_healed":0,"gold_gain":0,"player_choice":"Card Removal","damage_taken":7,"max_hp_gain":0,"max_hp_loss":0,"event_name":"Golden Wing","floor":5,"gold_loss":0}],"is_beta":false,"boss_relics":[],"items_purged_floors":[],"is_endless":false,"potions_floor_spawned":[8],"killed_by":"Lagavulin","ascension_level":20}}