{"host":"fc97bmrl7qvj4ruk","time":1611522519,"event":{"mods":["AchievementEnabler","Act Like it!","Bartender","BaseMod","ChefMod","Colored Map","Gensokyo","GifTheSpireLib","Hermit","Minty Spire (QoL Compilation)","Replay The Spire","Robot Space Explorer","StSLib","The Death Knight","The Hayseed","The Vixen"],"gold_per_floor":[111,127,144,144,159,190,190,247,247,247,267,267,19,58,58,157,157,173,173,187,187,187,187,218,237,237,572,583,583,583,600,600,705,705,721,721,14,33,50,75,35,70,70,95,111,111,130,148,148,148],"floor_reached":51,"language":"ENG","playtime":5354,"items_purged":["Replay:Hysterical Blindness"],"score":1127,"play_id":"1941a79f-ba54-4552-9c2b-c9bc4331f7a8","local_time":"20210124170839","is_ascension_mode":false,"campfire_choices":[{"data":"TheVixenMod:Guts","floor":7.0,"key":"SMITH"},{"floor":10.0,"key":"REST"},{"data":"TheVixenMod:Substitute","floor":15.0,"key":"SMITH"},{"data":"RitualDagger","floor":23,"key":"SMITH"},{"floor":29,"key":"REST"},{"data":"TheVixenMod:Moody","floor":32,"key":"SMITH"},{"data":"TheVixenMod:Guts","floor":46,"key":"SMITH"},{"data":"TheVixenMod:ShadowBall","floor":49,"key":"SMITH"}],"circlet_count":0,"master_deck":["TheVixenMod:Defend_TheVixen","TheVixenMod:SunnyDay","TheVixenMod:Ember","TheVixenMod:TrumpCard","TheVixenMod:Psybeam","TheVixenMod:Feint+1","TheVixenMod:FlameBurst","TheVixenMod:Blaze","TheVixenMod:Guts+1","TheVixenMod:Safeguard+1","TheVixenMod:Moody+1","TheVixenMod:Psybeam","Mayhem","TheVixenMod:FlameBody","TheVixenMod:FirePledge+1","TheVixenMod:Substitute+1","TheVixenMod:Guts+1","TheVixenMod:LavaPlume","TheVixenMod:ShadowBall+1","RitualDagger+1","TheVixenMod:BlastBurn","TheVixenMod:SynergyBurst","TheVixenMod:HeatWave","TheVixenMod:LightScreen+1","TheVixenMod:HeatWave+1","TheVixenMod:FlameBody","Necronomicurse","TheVixenMod:Dazzling","TheVixenMod:BurnUp","TheVixenMod:Facade+1","TheVixenMod:Defiant","TheVixenMod:TailWhip+1","Specialist","TheVixenMod:FlameBurst+1","TheVixenMod:Psybeam+1","TheVixenMod:ShadowBall+1","TheVixenMod:CalmMind+1","TheVixenMod:Drought","TheVixenMod:PerishSong+1","TheVixenMod:SynergyBurst","TheVixenMod:Facade+1","TheVixenMod:LightScreen"],"relics":["TheVixenMod:EternalFlame","TheVixenMod:Charcoal","Replay:PocketPolymizer","Vajra","FossilizedHelix","Chameleon Ring","Ring of Peace","Matryoshka","Regal Pillow","Quantum Egg","Old Coin","Necronomicon","Coffee Dripper","TheVixenMod:UmbreonRelic","Pen Nib","Bottled Tornado","Anchor","War Paint","Pear","Cleaning_Rag","Unceasing Top"],"acts_visited":["Exordium","TheCity","TheBeyond"],"potions_floor_usage":[25,33,37,39,50],"damage_taken":[{"damage":1.0,"enemies":"Small Slimes","floor":1.0,"turns":4.0},{"damage":3.0,"enemies":"Jaw Worm","floor":2.0,"turns":4.0},{"damage":1.0,"enemies":"2 Louse","floor":3.0,"turns":2.0},{"damage":31.0,"enemies":"Exordium Wildlife","floor":5.0,"turns":8.0},{"damage":12.0,"enemies":"3 Sentries","floor":6.0,"turns":8.0},{"damage":15.0,"enemies":"3 Sentries","floor":8.0,"turns":8.0},{"damage":0.0,"enemies":"3 Louse","floor":11.0,"turns":2.0},{"damage":0.0,"enemies":"Hexaghost","floor":16.0,"turns":10.0},{"damage":7,"enemies":"Chosen","floor":18,"turns":6},{"damage":0,"enemies":"Shell Parasite","floor":20,"turns":5},{"damage":0,"enemies":"Replay:Snechameleon","floor":24,"turns":5},{"damage":0,"enemies":"Snake Plant","floor":25,"turns":6},{"damage":28,"enemies":"Slavers","floor":27,"turns":7},{"damage":0,"enemies":"Shelled Parasite and Fungi","floor":28,"turns":8},{"damage":0,"enemies":"Centurion and Healer","floor":31,"turns":7},{"damage":0,"enemies":"Champ","floor":33,"turns":7},{"damage":0,"enemies":"3 Shapes","floor":35,"turns":3},{"damage":0,"enemies":"3 Shapes","floor":36,"turns":6},{"damage":0,"enemies":"Orb Walker","floor":38,"turns":3},{"damage":0,"enemies":"Transient","floor":39,"turns":5},{"damage":0,"enemies":"Nemesis","floor":40,"turns":5},{"damage":0,"enemies":"Reptomancer","floor":42,"turns":6},{"damage":0,"enemies":"Nemesis","floor":44,"turns":5},{"damage":0,"enemies":"3 Darklings","floor":45,"turns":3},{"damage":0,"enemies":"Maw","floor":47,"turns":4},{"damage":7,"enemies":"4 Shapes","floor":48,"turns":4},{"damage":0,"enemies":"Donu and Deca","floor":50,"turns":4}],"seed_played":"-9161261986992488433","potions_obtained":[{"floor":2.0,"key":"PowerPotion"},{"floor":6.0,"key":"Ancient Potion"},{"floor":8.0,"key":"SkillPotion"},{"floor":20,"key":"Milkshake"},{"floor":31,"key":"LiquidMemories"},{"floor":33,"key":"EssenceOfSteel"},{"floor":35,"key":"Fire Potion"},{"floor":39,"key":"Elixir"},{"floor":45,"key":"Adrenaline Potion"}],"is_trial":false,"path_per_floor":["M","M","M","?","M","E","R","?","T","R","M","?","$","?","R","B",null,"M","?","M","?","?","R","E","M","T","E","M","R","?","M","R","B",null,"M","?","$","M","M","E","?","E","T","E","M","R","M","M","R","B",null],"character_chosen":"THE_VIXEN","items_purchased":["Mayhem","TheVixenMod:Defiant","Pen Nib","Bottled Tornado","TheVixenMod:TailWhip+1","Specialist","Fruit Juice"],"campfire_rested":2,"item_purchase_floors":[13,37,37,37,37,37,37],"current_hp_per_floor":[76,73,72,72,41,29,29,14,14,37,37,37,37,18,18,18,77,70,70,70,64,50,50,50,50,50,20,20,59,43,43,43,43,82,82,82,89,89,89,89,89,89,99,99,99,99,99,92,92,92],"gold":148,"neow_bonus":"TEN_PERCENT_HP_BONUS","is_daily":false,"chose_seed":false,"campfire_upgraded":6,"win_rate":0.0,"timestamp":1611522519,"path_taken":["M","M","M","?","M","E","R","?","T","R","?","?","$","?","R","BOSS","M","?","M","?","?","R","E","M","T","E","?","R","?","M","R","BOSS","M","?","$","M","M","E","?","E","T","E","M","R","?","M","R","BOSS"],"items_purchased_type":["Card","Card","Relic","Relic","Card","Card","Potion"],"build_version":"2020-12-22","purchased_purges":1,"victory":true,"max_hp_per_floor":[77,77,77,77,77,77,77,77,77,77,77,77,77,77,77,77,77,77,77,77,77,82,82,82,82,82,82,82,82,82,82,82,82,82,82,82,89,89,89,89,89,89,99,99,99,99,99,99,99,99],"card_choices":[{"not_picked":["TheVixenMod:Overheat","TheVixenMod:Flamethrower"],"picked":"TheVixenMod:TrumpCard","floor":1.0},{"not_picked":["TheVixenMod:Overheat","TheVixenMod:CalmMind"],"picked":"TheVixenMod:Psybeam","floor":2.0},{"not_picked":["TheVixenMod:FireFang","TheVixenMod:FirePledge"],"picked":"TheVixenMod:Feint","floor":3.0},{"not_picked":["TheVixenMod:FlameCharge","TheVixenMod:TailWhip"],"picked":"TheVixenMod:FlameBurst","floor":5.0},{"not_picked":["TheVixenMod:Spite","TheVixenMod:Facade"],"picked":"TheVixenMod:Blaze","floor":6.0},{"not_picked":["TheVixenMod:Facade","TheVixenMod:Flamethrower"],"picked":"TheVixenMod:Safeguard","floor":8.0},{"not_picked":["TheVixenMod:Curse","TheVixenMod:FlareBlitz"],"picked":"TheVixenMod:Psybeam","floor":11.0},{"not_picked":["TheVixenMod:ShadowBall","TheVixenMod:Extrasensory"],"picked":"TheVixenMod:FlameBody","floor":14.0},{"not_picked":["TheVixenMod:Extrasensory","TheVixenMod:FlameBurst"],"picked":"TheVixenMod:FirePledge","floor":14.0},{"not_picked":["TheVixenMod:FutureSight","TheVixenMod:Copycat"],"picked":"TheVixenMod:Guts","floor":16.0},{"not_picked":["TheVixenMod:Barrier","TheVixenMod:Protect"],"picked":"TheVixenMod:LavaPlume","floor":18},{"not_picked":["TheVixenMod:FireFang","TheVixenMod:ConfuseRay+1"],"picked":"TheVixenMod:ShadowBall","floor":20},{"not_picked":["TheVixenMod:ShadowBall+1","TheVixenMod:MysticalFire"],"picked":"TheVixenMod:SynergyBurst","floor":24},{"not_picked":["TheVixenMod:FlareBlitz","TheVixenMod:Confusion"],"picked":"TheVixenMod:HeatWave","floor":25},{"not_picked":["TheVixenMod:SolarBeam","TheVixenMod:FlareBlitz+1"],"picked":"TheVixenMod:LightScreen","floor":27},{"not_picked":["TheVixenMod:FlareBlitz","TheVixenMod:Analytic"],"picked":"TheVixenMod:HeatWave+1","floor":28},{"not_picked":["TheVixenMod:Refresh+1","TheVixenMod:LavaPlume"],"picked":"TheVixenMod:Dazzling","floor":31},{"not_picked":["TheVixenMod:Endure","TheVixenMod:PsychUp"],"picked":"TheVixenMod:BurnUp","floor":33},{"not_picked":["TheVixenMod:FireFang+1","TheVixenMod:FirePunch+1"],"picked":"TheVixenMod:Facade+1","floor":35},{"not_picked":["TheVixenMod:Protect+1","TheVixenMod:Incinerate"],"picked":"TheVixenMod:FlameBurst+1","floor":38},{"not_picked":["TheVixenMod:Swagger+1","TheVixenMod:Psychic"],"picked":"TheVixenMod:Psybeam+1","floor":39},{"not_picked":["TheVixenMod:TailWhip+1","TheVixenMod:FlameBurst+1"],"picked":"TheVixenMod:ShadowBall+1","floor":40},{"not_picked":["TheVixenMod:Psybeam+1","TheVixenMod:FlameWheel"],"picked":"TheVixenMod:CalmMind+1","floor":42},{"not_picked":["TheVixenMod:Swagger","TheVixenMod:LightScreen+1"],"picked":"TheVixenMod:Drought","floor":44},{"not_picked":["TheVixenMod:FireFang+1","TheVixenMod:CADC+1"],"picked":"TheVixenMod:PerishSong+1","floor":45},{"not_picked":["TheVixenMod:FireSpin","TheVixenMod:FlameWheel"],"picked":"TheVixenMod:Facade+1","floor":47},{"not_picked":["TheVixenMod:Psychic+1","TheVixenMod:Analytic","TheVixenMod:Psyshock+1"],"picked":"SKIP","floor":48}],"player_experience":200048,"relics_obtained":[{"floor":6.0,"key":"Replay:PocketPolymizer"},{"floor":8.0,"key":"Vajra"},{"floor":9.0,"key":"FossilizedHelix"},{"floor":14.0,"key":"Chameleon Ring"},{"floor":19,"key":"Ring of Peace"},{"floor":24,"key":"Matryoshka"},{"floor":26,"key":"Regal Pillow"},{"floor":26,"key":"Quantum Egg"},{"floor":27,"key":"Old Coin"},{"floor":30,"key":"Necronomicon"},{"floor":40,"key":"Anchor"},{"floor":42,"key":"War Paint"},{"floor":43,"key":"Pear"},{"floor":43,"key":"Cleaning_Rag"},{"floor":44,"key":"Unceasing Top"}],"event_choices":[{"damage_healed":0.0,"max_hp_gain":0.0,"max_hp_loss":0.0,"gold_gain":0.0,"event_name":"Big Fish","player_choice":"Box","floor":4.0,"gold_loss":0.0,"damage_taken":0.0,"relics_obtained":["TheVixenMod:Charcoal"],"cards_obtained":["Regret"]},{"damage_healed":0.0,"max_hp_gain":0.0,"max_hp_loss":0.0,"gold_gain":0.0,"event_name":"Dead Adventurer","player_choice":"Searched \u00271\u0027 times","floor":8.0,"gold_loss":0.0,"damage_taken":0.0},{"damage_healed":0,"gold_gain":0,"player_choice":"Joined the Cult","damage_taken":6,"max_hp_gain":0,"max_hp_loss":0,"event_name":"Nest","floor":21,"gold_loss":0,"cards_obtained":["RitualDagger"]},{"damage_healed":0,"gold_gain":0,"player_choice":"Shed Blood","damage_taken":19,"max_hp_gain":5,"max_hp_loss":0,"event_name":"Forgotten Altar","floor":22,"gold_loss":0},{"damage_healed":0,"gold_gain":0,"player_choice":"Obtained Book","damage_taken":16,"max_hp_gain":0,"max_hp_loss":0,"event_name":"Cursed Tome","floor":30,"gold_loss":0},{"damage_healed":0,"gold_gain":0,"player_choice":"Fight the Beast\u0027s assailants","damage_taken":0,"relics_obtained":["TheVixenMod:UmbreonRelic"],"max_hp_gain":0,"max_hp_loss":0,"event_name":"Creature of the Night","floor":36,"gold_loss":0},{"damage_healed":0,"gold_gain":0,"player_choice":"Upgraded Two","damage_taken":0,"max_hp_gain":0,"max_hp_loss":0,"event_name":"Designer","floor":41,"gold_loss":40,"cards_upgraded":["TheVixenMod:FirePledge","TheVixenMod:Safeguard"]}],"is_beta":false,"boss_relics":[{"not_picked":["Astrolabe","Snecko Eye"],"picked":"TheVixenMod:EternalFlame"},{"not_picked":["Velvet Choker","Replay:Drink Me"],"picked":"Coffee Dripper"}],"items_purged_floors":[13],"is_endless":false,"potions_floor_spawned":[2,6,8,20,31,33,35,39,45,47],"ascension_level":0}}