{"host":"0bfi5m9qgchoxkt9","time":1611488026,"event":{"mods":["Act Like it!","BaseMod","Gensokyo","Minty Spire (QoL Compilation)","Permanent Neow","Quick Restart","StSLib"],"gold_per_floor":[113,113,113,13,13,46,259,13,87,107,141,141,157,186,186,264,264,281,231,247,129,139,171,191,210,210,32,43,59,94,94,94,169,169,180,180,199,199,26,58,73,83,135,147,184,212,224,836,848,860,872,884,896,133,158,158],"floor_reached":57,"language":"ZHS","playtime":4225,"items_purged":["Strike_P","Defend_P+1"],"score":3069,"play_id":"fd679fff-9978-494d-94cd-32536886932a","local_time":"20210124193346","is_ascension_mode":true,"campfire_choices":[{"data":"Ragnarok","floor":15.0,"key":"SMITH"},{"data":"Meditate","floor":32.0,"key":"SMITH"},{"floor":44.0,"key":"RECALL"},{"data":"1","floor":49.0,"key":"LIFT"},{"data":"2","floor":53.0,"key":"LIFT"}],"circlet_count":0,"master_deck":["AscendersBane","Strike_P+1","Strike_P+1","Defend_P+1","Defend_P+1","Defend_P+1","Vigilance+1","EmptyFist+1","Crescendo+1","BowlingBash+1","Establishment+1","Ragnarok+1","DeceiveReality+1","Vengeance+1","LessonLearned+1","FearNoEvil+1","TalkToTheHand+1","Tantrum+1","TalkToTheHand+1","Meditate+1","Scrawl+1","Gensokyo:HouraiInAPot+1","Purity+1","InnerPeace+1","Adaptation+1","SpiritShield+1","Scrawl+1","Purity+1"],"relics":["Black Star","Happy Flower","TeardropLocket","Gensokyo:OccultBall","Blue Candle","Matryoshka","Medical Kit","Question Card","Eternal Feather","Sundial","Lantern","Centennial Puzzle","Molten Egg 2","Ancient Tea Set","Runic Pyramid","Bag of Preparation","Ginger","Damaru","Oddly Smooth Stone","Toxic Egg 2","Girya","Fusion Hammer","Calipers","Orichalcum","Mango","MawBank","CaptainsWheel","Vajra","Pantograph","InkBottle","PrismaticShard","Blood Vial","Unceasing Top","Lizard Tail","Pen Nib"],"acts_visited":["Gensokyo:Gensokyo","Gensokyo:Gensokyoer","Gensokyo:Gensokyoest","TheEnding"],"potions_floor_usage":[56],"damage_taken":[{"damage":2.0,"enemies":"Gensokyo:3_Fairies","floor":1.0,"turns":5.0},{"damage":18.0,"enemies":"Gensokyo:Aya","floor":6.0,"turns":3.0},{"damage":20.0,"enemies":"Gensokyo:Gryphon","floor":7.0,"turns":3.0},{"damage":2.0,"enemies":"Gensokyo:Python","floor":10.0,"turns":3.0},{"damage":2.0,"enemies":"Gensokyo:Mamizou","floor":11.0,"turns":7.0},{"damage":6.0,"enemies":"Gensokyo:CorruptedTreant","floor":13.0,"turns":2.0},{"damage":0.0,"enemies":"Gensokyo:Cirno","floor":14.0,"turns":4.0},{"damage":15.0,"enemies":"Gensokyo:Yukari","floor":16.0,"turns":9.0},{"damage":0.0,"enemies":"Gensokyo:AngelMirror","floor":18.0,"turns":2.0},{"damage":2.0,"enemies":"Gensokyo:CosmicMonolith","floor":20.0,"turns":3.0},{"damage":5.0,"enemies":"Gensokyo:Wraith","floor":22.0,"turns":5.0},{"damage":15.0,"enemies":"Gensokyo:Koishi","floor":23.0,"turns":6.0},{"damage":11.0,"enemies":"Gensokyo:Slime_Group","floor":24.0,"turns":5.0},{"damage":0.0,"enemies":"Gensokyo:Chomper_and_Gloop","floor":25.0,"turns":3.0},{"damage":0.0,"enemies":"Gensokyo:3_Gloops","floor":28.0,"turns":6.0},{"damage":0.0,"enemies":"Gensokyo:Wraith","floor":29.0,"turns":3.0},{"damage":24.0,"enemies":"Gensokyo:Tenshi","floor":30.0,"turns":5.0},{"damage":23.0,"enemies":"Gensokyo:Eternal_Rivals","floor":33.0,"turns":12.0},{"damage":2.0,"enemies":"Gensokyo:3_Bats","floor":35.0,"turns":4.0},{"damage":2.0,"enemies":"Gensokyo:3_Bats","floor":36.0,"turns":9.0},{"damage":0.0,"enemies":"Gensokyo:3_Boulders","floor":37.0,"turns":3.0},{"damage":7.0,"enemies":"Gensokyo:Marisa","floor":40.0,"turns":6.0},{"damage":4.0,"enemies":"Gensokyo:Sharpion","floor":41.0,"turns":2.0},{"damage":0.0,"enemies":"Gensokyo:Dusk_and_Dawn","floor":42.0,"turns":3.0},{"damage":0.0,"enemies":"Gensokyo:Doremy","floor":45.0,"turns":3.0},{"damage":0.0,"enemies":"Gensokyo:Rafflesia","floor":46.0,"turns":3.0},{"damage":44.0,"enemies":"Gensokyo:Kasen","floor":48.0,"turns":4.0},{"damage":0.0,"enemies":"Gensokyo:Scarlet_Devils","floor":50.0,"turns":5.0},{"damage":2.0,"enemies":"Gensokyo:Shinki","floor":51.0,"turns":5.0},{"damage":1.0,"enemies":"Shield and Spear","floor":55.0,"turns":1.0},{"damage":20,"enemies":"The Heart","floor":56,"turns":8}],"seed_played":"-1288495600841759653","potions_obtained":[{"floor":6.0,"key":"Dexterity Potion"},{"floor":7.0,"key":"Dexterity Potion"},{"floor":16.0,"key":"Energy Potion"},{"floor":22.0,"key":"LiquidBronze"},{"floor":23.0,"key":"DistilledChaos"},{"floor":29.0,"key":"AttackPotion"},{"floor":37.0,"key":"StancePotion"}],"is_trial":false,"path_per_floor":["M","?","?","?","?","E","M","COS","T","M","E","?","M","E","R","B",null,"M","?","M","$","M","E","M","M","T","COS","M","M","E","?","R","B",null,"M","?","M","?","$","E","M","M","T","R","E","M","?","E","R","B","B",null,"R","$","E","B",null],"character_chosen":"WATCHER","items_purchased":["FearNoEvil+1","Purity+1","InnerPeace+1","PrismaticShard","Blood Vial","Unceasing Top"],"campfire_rested":0,"item_purchase_floors":[21,39,39,54,54,54],"current_hp_per_floor":[59,59,59,59,59,41,21,21,21,19,17,17,11,11,20,5,52,52,59,57,57,52,37,26,26,26,26,26,26,2,26,41,18,61,59,59,59,22,22,88,84,84,84,89,89,89,89,45,60,85,87,89,89,89,88,69],"gold":158,"neow_bonus":"BOSS_RELIC","is_daily":false,"chose_seed":false,"campfire_upgraded":2,"win_rate":0.0,"timestamp":1611488026,"path_taken":["M","?","?","?","?","E","M","COS","T","?","E","?","?","E","R","BOSS","M","?","M","$","?","E","M","M","T","COS","M","M","E","?","R","BOSS","M","?","?","?","$","E","M","?","T","R","E","M","?","E","R","BOSS","BOSS","R","$","E","BOSS"],"items_purchased_type":["Card","Card","Card","Relic","Relic","Relic"],"build_version":"2020-12-22","purchased_purges":2,"victory":true,"max_hp_per_floor":[68,68,68,68,68,68,68,68,68,68,68,68,68,68,68,68,68,68,75,75,75,75,75,75,75,75,75,75,75,75,75,75,75,75,75,75,75,75,75,89,89,89,89,89,89,89,89,89,89,89,89,89,89,89,89,89],"card_choices":[{"not_picked":["Evaluate","EmptyFist","SashWhip"],"picked":"SKIP","floor":1.0},{"not_picked":["Evaluate","SashWhip"],"picked":"EmptyFist","floor":1.0},{"not_picked":["FlyingSleeves","Crescendo"],"picked":"BattleHymn","floor":3.0},{"not_picked":["Prostrate","SignatureMove"],"picked":"Crescendo","floor":3.0},{"not_picked":["WindmillStrike","ClearTheMind"],"picked":"BowlingBash","floor":6.0},{"not_picked":["ForeignInfluence","Study"],"picked":"BattleHymn","floor":7.0},{"not_picked":["FlurryOfBlows","SashWhip","EmptyMind","FollowUp"],"picked":"SKIP","floor":10.0},{"not_picked":["Omniscience","Wish","Scrawl"],"picked":"Establishment","floor":11.0},{"not_picked":["EmptyBody","InnerPeace","Swivel"],"picked":"Ragnarok","floor":11.0},{"not_picked":["CrushJoints","FlyingSleeves","Prostrate"],"picked":"DeceiveReality","floor":13.0},{"not_picked":["WindmillStrike+1","EmptyFist+1","FlurryOfBlows+1"],"picked":"Vengeance","floor":14.0},{"not_picked":["DeusExMachina","Blasphemy","Vault"],"picked":"LessonLearned+1","floor":16.0},{"not_picked":["ClearTheMind","DeceiveReality","EmptyFist+1","Fasting2"],"picked":"SKIP","floor":18.0},{"not_picked":["Crescendo","FlyingSleeves+1","Protect","Perseverance"],"picked":"SKIP","floor":20.0},{"not_picked":["ClearTheMind","Consecrate+1","FlyingSleeves+1"],"picked":"TalkToTheHand+1","floor":22.0},{"not_picked":["Pray","SandsOfTime+1","Vault"],"picked":"Tantrum+1","floor":23.0},{"not_picked":["Crescendo","WheelKick+1","Wallop+1","CarveReality+1"],"picked":"SKIP","floor":24.0},{"not_picked":["BowlingBash+1","TalkToTheHand+1","EmptyBody","WreathOfFlame"],"picked":"SKIP","floor":25.0},{"not_picked":["BowlingBash+1","EmptyBody","WreathOfFlame"],"picked":"TalkToTheHand+1","floor":25.0},{"not_picked":["CarveReality+1","CutThroughFate+1","FlurryOfBlows+1","FollowUp+1"],"picked":"SKIP","floor":28.0},{"not_picked":["Consecrate+1","BowlingBash+1","JustLucky+1"],"picked":"Meditate","floor":29.0},{"not_picked":["Protect+1","WreathOfFlame+1","SignatureMove+1","EmptyMind+1"],"picked":"SKIP","floor":30.0},{"not_picked":["LessonLearned+1","Ragnarok+1","DevaForm"],"picked":"Scrawl+1","floor":33.0},{"not_picked":["FlurryOfBlows+1","FlyingSleeves+1","BowlingBash+1","Tantrum+1"],"picked":"SKIP","floor":35.0},{"not_picked":["Gensokyo:RisingWorld+1","Gensokyo:UnlikelyAid+1"],"picked":"Gensokyo:HouraiInAPot+1","floor":36.0},{"not_picked":["LikeWater","Pray+1","EmptyFist+1","ClearTheMind+1"],"picked":"SKIP","floor":37.0},{"not_picked":["Prostrate+1","Brilliance+1","Tantrum+1","SashWhip+1"],"picked":"SKIP","floor":40.0},{"not_picked":["FlurryOfBlows+1","PathToVictory+1","DeceiveReality+1","JustLucky+1"],"picked":"SKIP","floor":41.0},{"not_picked":["LikeWater","WindmillStrike+1","WheelKick+1"],"picked":"Adaptation","floor":42.0},{"not_picked":["ReachHeaven+1","Vengeance+1","EmptyFist+1","FlyingSleeves+1"],"picked":"SKIP","floor":45.0},{"not_picked":["Sanctity+1","Evaluate+1","Consecrate+1","Protect+1"],"picked":"SKIP","floor":46.0},{"not_picked":["Brilliance+1","FlurryOfBlows+1","JustLucky+1"],"picked":"Scrawl+1","floor":48.0},{"not_picked":["Underhanded Strike+1","Mind Blast+1","EmptyBody+1"],"picked":"Purity+1","floor":55.0}],"player_experience":964251,"relics_obtained":[{"floor":6.0,"key":"Blue Candle"},{"floor":6.0,"key":"Matryoshka"},{"floor":9.0,"key":"Question Card"},{"floor":9.0,"key":"Eternal Feather"},{"floor":11.0,"key":"Sundial"},{"floor":11.0,"key":"Lantern"},{"floor":14.0,"key":"Gensokyo:OccultBall"},{"floor":14.0,"key":"Molten Egg 2"},{"floor":14.0,"key":"Ancient Tea Set"},{"floor":16.0,"key":"Gensokyo:OccultBall"},{"floor":23.0,"key":"Bag of Preparation"},{"floor":23.0,"key":"Ginger"},{"floor":25.0,"key":"Gensokyo:OccultBall"},{"floor":26.0,"key":"Damaru"},{"floor":30.0,"key":"Toxic Egg 2"},{"floor":30.0,"key":"The Courier"},{"floor":33.0,"key":"Gensokyo:OccultBall"},{"floor":40.0,"key":"Orichalcum"},{"floor":40.0,"key":"Mango"},{"floor":43.0,"key":"MawBank"},{"floor":45.0,"key":"CaptainsWheel"},{"floor":45.0,"key":"Vajra"},{"floor":48.0,"key":"Pantograph"},{"floor":48.0,"key":"InkBottle"},{"floor":55.0,"key":"Lizard Tail"},{"floor":55.0,"key":"Pen Nib"}],"event_choices":[],"is_beta":false,"boss_relics":[{"not_picked":["Ectoplasm","Snecko Eye"],"picked":"Runic Pyramid"},{"not_picked":["Astrolabe","Busted Crown"],"picked":"Fusion Hammer"}],"items_purged_floors":[21,54],"is_endless":false,"potions_floor_spawned":[6,7,14,16,22,23,28,29,30,37,40,42],"ascension_level":20}}