{"host":"5p9hybygolzp0efr","time":1611467867,"event":{"mods":["AchievementEnabler","BaseMod","Bestiary","Colored Map","Minty Spire (QoL Compilation)","Permanent Neow","Relic Stats"],"gold_per_floor":[113,125,125,142,160,185,185,219,246,93,103,103,103,134,146,256,268,293,305,317,254,264,289,289,140,167,167,182,214,225,251,251,350,350,367,367,382,397,452,452,151,176,176,176,193,203,203,230,230,230],"floor_reached":51,"language":"ENG","playtime":2470,"items_purged":["Writhe"],"score":1235,"play_id":"0e192fa0-a27a-4228-8898-4701a35881f6","local_time":"20210124135747","is_ascension_mode":true,"campfire_choices":[{"data":"Eruption","floor":7.0,"key":"SMITH"},{"data":"SignatureMove","floor":13.0,"key":"SMITH"},{"data":"EmptyBody","floor":15.0,"key":"SMITH"},{"floor":24.0,"key":"REST"},{"floor":27.0,"key":"REST"},{"data":"TalkToTheHand","floor":32.0,"key":"SMITH"},{"floor":40,"key":"REST"},{"floor":44,"key":"REST"},{"floor":49,"key":"REST"}],"circlet_count":0,"master_deck":["Eruption+1","Vigilance+1","EmptyBody+1","SignatureMove+1","CutThroughFate+1","FlurryOfBlows+1","FlurryOfBlows+1","TalkToTheHand+1","Blasphemy","MentalFortress+1"],"relics":["Pandora\u0027s Box","Vajra","Dream Catcher","Lantern","Strawberry","MawBank","Black Star","Orichalcum","Whetstone","Happy Flower","Sling","MealTicket","Potion Belt","Omamori","Ginger","Tiny Chest","Fusion Hammer","Calipers","Bag of Marbles","Centennial Puzzle","Oddly Smooth Stone","TeardropLocket","Ice Cream","Mummified Hand","Blood Vial"],"acts_visited":["Exordium","TheCity","TheBeyond"],"potions_floor_usage":[39,50,50],"damage_taken":[{"damage":3.0,"enemies":"2 Louse","floor":1.0,"turns":5.0},{"damage":10.0,"enemies":"Cultist","floor":2.0,"turns":7.0},{"damage":0.0,"enemies":"Small Slimes","floor":4.0,"turns":2.0},{"damage":0.0,"enemies":"Red Slaver","floor":5.0,"turns":2.0},{"damage":15.0,"enemies":"3 Sentries","floor":6.0,"turns":6.0},{"damage":0.0,"enemies":"Gremlin Nob","floor":8.0,"turns":2.0},{"damage":0.0,"enemies":"Exordium Wildlife","floor":11.0,"turns":2.0},{"damage":14.0,"enemies":"3 Sentries","floor":14.0,"turns":7.0},{"damage":0.0,"enemies":"Slime Boss","floor":16.0,"turns":3.0},{"damage":0.0,"enemies":"Spheric Guardian","floor":18.0,"turns":3.0},{"damage":0.0,"enemies":"2 Thieves","floor":22.0,"turns":1.0},{"damage":15.0,"enemies":"Book of Stabbing","floor":23.0,"turns":4.0},{"damage":0.0,"enemies":"Snecko","floor":28.0,"turns":2.0},{"damage":9.0,"enemies":"Slavers","floor":29.0,"turns":2.0},{"damage":0.0,"enemies":"Centurion and Healer","floor":30.0,"turns":2.0},{"damage":0.0,"enemies":"Book of Stabbing","floor":31.0,"turns":2.0},{"damage":4.0,"enemies":"Automaton","floor":33.0,"turns":4.0},{"damage":0.0,"enemies":"Orb Walker","floor":35.0,"turns":3.0},{"damage":16.0,"enemies":"3 Shapes","floor":37.0,"turns":3.0},{"damage":0.0,"enemies":"3 Darklings","floor":38.0,"turns":3.0},{"damage":30,"enemies":"2 Orb Walkers","floor":39,"turns":5},{"damage":0,"enemies":"Giant Head","floor":42,"turns":3},{"damage":0,"enemies":"Maw","floor":45,"turns":3},{"damage":1,"enemies":"Writhing Mass","floor":46,"turns":3},{"damage":0,"enemies":"Reptomancer","floor":48,"turns":3},{"damage":48,"enemies":"Time Eater","floor":50,"turns":10}],"seed_played":"980730689071853965","potions_obtained":[{"floor":4.0,"key":"BottledMiracle"},{"floor":5.0,"key":"Explosive Potion"},{"floor":6.0,"key":"BottledMiracle"},{"floor":8.0,"key":"Energy Potion"},{"floor":29.0,"key":"SpeedPotion"},{"floor":33.0,"key":"Weak Potion"},{"floor":37.0,"key":"Energy Potion"},{"floor":39,"key":"PowerPotion"},{"floor":45,"key":"StancePotion"},{"floor":46,"key":"Dexterity Potion"}],"is_trial":false,"path_per_floor":["M","M","?","M","M","E","R","E","T","$","M","?","R","E","R","B",null,"M","?","?","$","M","E","R","$","T","R","M","E","M","E","R","B",null,"M","?","M","M","?","R","$","E","T","R","M","M","?","E","R","B",null],"character_chosen":"WATCHER","items_purchased":["Strawberry","Sling","Bag of Marbles","Centennial Puzzle"],"campfire_rested":5,"item_purchase_floors":[10,25,41,41],"current_hp_per_floor":[69,59,59,59,59,44,44,44,44,51,51,51,51,37,37,37,69,69,69,69,69,69,54,77,77,77,79,79,70,70,70,70,66,76,76,76,60,60,30,53,68,68,68,79,79,78,78,78,79,31],"gold":230,"neow_bonus":"BOSS_RELIC","is_daily":false,"chose_seed":true,"campfire_upgraded":4,"win_rate":0.0,"timestamp":1611467867,"path_taken":["M","M","?","M","?","E","R","E","T","$","M","?","R","E","R","BOSS","M","?","?","$","?","E","R","?","T","R","M","E","M","E","R","BOSS","M","?","M","M","?","R","$","E","T","R","M","M","?","E","R","BOSS"],"items_purchased_type":["Relic","Relic","Relic","Relic"],"build_version":"2020-12-22","purchased_purges":1,"victory":true,"max_hp_per_floor":[72,72,72,72,72,72,72,72,72,79,79,79,79,79,79,79,79,79,79,79,79,79,79,79,79,79,79,79,79,79,79,79,79,79,79,79,79,79,79,79,79,79,79,79,79,79,79,79,79,79],"relic_stats":{"Happy Flower":[16],"counters":[26,92],"Whetstone":["CutThroughFate","FlurryOfBlows"],"Ginger":[6],"Orichalcum":[18],"MawBank":84,"Blood Vial":0,"Dream Catcher":5,"Centennial Puzzle":[6],"Mummified Hand":[2],"Pandora\u0027s Box":["Halt","Nirvana","CrushJoints","Pray","Indignation","Weave","Evaluate","Blasphemy"],"MealTicket":15,"Tiny Chest":0,"Black Star":5,"obtain_stats":[{"Ice Cream":43,"Lantern":9,"Calipers":39,"Vajra":6,"Whetstone":23,"Ginger":31,"TeardropLocket":42,"Sling":25,"Blood Vial":48,"Dream Catcher":8,"Centennial Puzzle":41,"Mummified Hand":48,"Strawberry":10,"MealTicket":26,"Tiny Chest":31,"Fusion Hammer":34,"Potion Belt":29,"Happy Flower":23,"Oddly Smooth Stone":42,"Omamori":29,"Orichalcum":19,"MawBank":14,"Pandora\u0027s Box":0,"Black Star":17,"Bag of Marbles":41,"PureWater":0},{"Ice Cream":22,"Lantern":6,"Calipers":21,"Vajra":5,"Whetstone":12,"Ginger":16,"TeardropLocket":22,"Sling":12,"Blood Vial":25,"Dream Catcher":6,"Centennial Puzzle":21,"Mummified Hand":25,"Strawberry":6,"MealTicket":12,"Tiny Chest":16,"Fusion Hammer":17,"Potion Belt":14,"Happy Flower":12,"Oddly Smooth Stone":22,"Omamori":14,"Orichalcum":10,"MawBank":8,"Pandora\u0027s Box":0,"Black Star":9,"Bag of Marbles":21,"PureWater":0},{"Ice Cream":73,"Lantern":24,"Calipers":70,"Vajra":22,"Whetstone":44,"Ginger":52,"TeardropLocket":73,"Sling":44,"Blood Vial":82,"Dream Catcher":24,"Centennial Puzzle":70,"Mummified Hand":82,"Strawberry":24,"MealTicket":44,"Tiny Chest":52,"Fusion Hammer":56,"Potion Belt":48,"Happy Flower":44,"Oddly Smooth Stone":73,"Omamori":48,"Orichalcum":39,"MawBank":33,"Pandora\u0027s Box":0,"Black Star":36,"Bag of Marbles":70,"PureWater":0}]},"card_choices":[{"not_picked":["CrushJoints","Pray"],"picked":"EmptyBody","floor":1.0},{"not_picked":["Weave","Prostrate"],"picked":"SignatureMove","floor":2.0},{"not_picked":["FlyingSleeves","TalkToTheHand","FollowUp"],"picked":"SKIP","floor":4.0},{"not_picked":["Prostrate","SignatureMove","Evaluate"],"picked":"SKIP","floor":5.0},{"not_picked":["Omniscience","FearNoEvil","Worship"],"picked":"SKIP","floor":6.0},{"not_picked":["Wallop","ReachHeaven","EmptyBody"],"picked":"SKIP","floor":8.0},{"not_picked":["WindmillStrike","Consecrate","MentalFortress"],"picked":"SKIP","floor":11.0},{"not_picked":["Crescendo","Evaluate","TalkToTheHand"],"picked":"SKIP","floor":14.0},{"not_picked":["Crescendo","Evaluate","TalkToTheHand"],"picked":"SKIP","floor":14.0},{"not_picked":["Evaluate","JustLucky"],"picked":"FlurryOfBlows+1","floor":18.0},{"not_picked":["ForeignInfluence","Halt","Consecrate"],"picked":"SKIP","floor":22.0},{"not_picked":["Wireheading","SpiritShield","Wallop"],"picked":"SKIP","floor":23.0},{"not_picked":["EmptyMind","CarveReality","Crescendo+1"],"picked":"SKIP","floor":28.0},{"not_picked":["FearNoEvil","Swivel"],"picked":"TalkToTheHand","floor":29.0},{"not_picked":["WreathOfFlame","JustLucky","EmptyBody"],"picked":"SKIP","floor":30.0},{"not_picked":["Meditate","DeceiveReality"],"picked":"Blasphemy","floor":31.0},{"not_picked":["Crescendo+1","FollowUp+1","JustLucky+1"],"picked":"SKIP","floor":35.0},{"not_picked":["CutThroughFate","Protect+1","Tantrum"],"picked":"SKIP","floor":37.0},{"not_picked":["SandsOfTime+1","WreathOfFlame+1","PathToVictory+1"],"picked":"SKIP","floor":38.0},{"not_picked":["EmptyFist+1","EmptyBody","CarveReality+1"],"picked":"SKIP","floor":42},{"not_picked":["WreathOfFlame+1","Protect"],"picked":"MentalFortress+1","floor":45},{"not_picked":["Tantrum+1","Pray","Collect"],"picked":"SKIP","floor":46},{"not_picked":["FlurryOfBlows","CutThroughFate+1","SashWhip+1"],"picked":"SKIP","floor":48}],"player_experience":527767,"relics_obtained":[{"floor":6.0,"key":"Vajra"},{"floor":8.0,"key":"Dream Catcher"},{"floor":9.0,"key":"Lantern"},{"floor":14.0,"key":"MawBank"},{"floor":23.0,"key":"Whetstone"},{"floor":23.0,"key":"Happy Flower"},{"floor":26.0,"key":"MealTicket"},{"floor":29.0,"key":"Potion Belt"},{"floor":29.0,"key":"Omamori"},{"floor":31.0,"key":"Ginger"},{"floor":31.0,"key":"Tiny Chest"},{"floor":39,"key":"Calipers"},{"floor":42,"key":"Oddly Smooth Stone"},{"floor":42,"key":"TeardropLocket"},{"floor":43,"key":"Ice Cream"},{"floor":48,"key":"Mummified Hand"},{"floor":48,"key":"Blood Vial"}],"event_choices":[{"damage_healed":0.0,"max_hp_gain":0.0,"max_hp_loss":0.0,"gold_gain":0.0,"event_name":"Match and Keep!","player_choice":"1 cards matched","floor":3.0,"gold_loss":0.0,"damage_taken":0.0,"cards_obtained":["CutThroughFate"]},{"damage_healed":0.0,"max_hp_gain":0.0,"max_hp_loss":0.0,"gold_gain":0.0,"event_name":"Accursed Blacksmith","player_choice":"Forge","floor":12.0,"gold_loss":0.0,"damage_taken":0.0,"cards_upgraded":["Vigilance"]},{"damage_healed":0.0,"max_hp_gain":0.0,"max_hp_loss":0.0,"gold_gain":0.0,"event_name":"The Mausoleum","player_choice":"Opened","floor":19.0,"gold_loss":0.0,"damage_taken":0.0,"relics_obtained":["Orichalcum"],"cards_obtained":["Writhe"]},{"damage_healed":0.0,"max_hp_gain":0.0,"max_hp_loss":0.0,"gold_gain":0.0,"event_name":"The Library","player_choice":"Read","floor":20.0,"gold_loss":0.0,"damage_taken":0.0,"cards_obtained":["FlurryOfBlows"]},{"damage_healed":0.0,"max_hp_gain":0.0,"max_hp_loss":0.0,"gold_gain":0.0,"event_name":"Tomb of Lord Red Mask","player_choice":"Ignored","floor":36.0,"gold_loss":0.0,"damage_taken":0.0},{"damage_healed":0,"gold_gain":0,"player_choice":"Fight","damage_taken":0,"max_hp_gain":0,"max_hp_loss":0,"event_name":"Mysterious Sphere","floor":39,"gold_loss":0},{"damage_healed":0,"gold_gain":0,"player_choice":"Memory 1","damage_taken":0,"max_hp_gain":0,"max_hp_loss":0,"event_name":"SensoryStone","floor":47,"gold_loss":0}],"is_beta":false,"boss_relics":[{"not_picked":["Snecko Eye","Cursed Key"],"picked":"Black Star"},{"not_picked":["SacredBark","Runic Pyramid"],"picked":"Fusion Hammer"}],"items_purged_floors":[21],"is_endless":false,"potions_floor_spawned":[4,5,6,8,16,18,22,23,29,33,37,39,45,46],"ascension_level":5}}