{"host":"6hzrz31j95f2y1pa","time":1611446784,"event":{"mods":["BaseMod","Colored Map","Downfall","Minty Spire (QoL Compilation)","StSLib"],"gold_per_floor":[99,99,99,99,99,139,139,180,29,54,54,84,106,143,153,264,264,64,84,84,102,21,21,47,147,41,58,108,126,160,185,195,304,304,204,222,272,322,339,231,258,157,183,183,281,281,95,139,156,156,156,191,33,33,33,33],"floor_reached":57,"language":"ENG","playtime":2753,"items_purged":["bronze:Strike","bronze:Defend","bronze:Defend","bronze:Strike","bronze:Defend"],"score":1732,"play_id":"65b758c7-7df0-4303-833b-a263ef3eb04b","local_time":"20210123190624","is_ascension_mode":true,"campfire_choices":[{"floor":1,"key":"RECALL"},{"floor":18,"key":"DIG"},{"floor":23,"key":"DIG"},{"data":"bronze:Boost","floor":35,"key":"SMITH"},{"floor":44,"key":"DIG"},{"floor":46,"key":"DIG"},{"data":"expansioncontent:StudyTheSpire","floor":54,"key":"SMITH"}],"circlet_count":0,"master_deck":["bronze:Strike+1","bronze:Replicate","bronze:Goto","bronze:CloningBeam","bronze:DelayedGuard","bronze:ChosenStrike","bronze:Optimize","bronze:Flail+1","bronze:Separator","bronze:Constructor","bronze:ThunderWave","bronze:ChildClass+1","bronze:InfiniteBeams+1","bronze:Boost+1","bronze:Fortify+1","bronze:Format","bronze:BronzeOrb","expansioncontent:DashGenerateEvil","bronze:Repulsor","bronze:Terminator","expansioncontent:StudyTheSpire+1"],"relics":["bronze:BronzeCore","downfall:HeartsMalice","CeramicFish","Orichalcum","Whetstone","Strawberry","Omamori","Shovel","Sozu","downfall:HeartBlessingRed","downfall:HeartBlessingBlue","Juzu Bracelet","bronze:SilverBullet","Akabeko","downfall:CloakOfManyFaces","CultistMask","FaceOfCleric","NlothsMask","GremlinMask","SsserpentHead","downfall:RedIOU","Letter Opener","Cursed Key","downfall:HeartBlessingGreen","Membership Card","StrikeDummy","Lantern","Nunchaku","Blood Vial","Girya","bronze:BronzeIdol","PreservedInsect","Shuriken","hexamod:BolsterEngine","Vajra"],"acts_visited":["Exordium","TheCity","TheBeyond","TheEnding"],"potions_floor_usage":[14,16,30],"damage_taken":[{"damage":0,"enemies":"Cultist","floor":2,"turns":1},{"damage":0,"enemies":"2 Louse","floor":3,"turns":1},{"damage":0,"enemies":"3 Sentries","floor":6,"turns":1},{"damage":21,"enemies":"Lagavulin","floor":8,"turns":8},{"damage":2,"enemies":"downfall:FleeingMerchant","floor":9,"turns":4},{"damage":18,"enemies":"Gremlin Nob","floor":12,"turns":4},{"damage":0,"enemies":"Jaw Worm","floor":13,"turns":2},{"damage":4,"enemies":"3 Sentries","floor":14,"turns":3},{"damage":0,"enemies":"Large Slime","floor":15,"turns":2},{"damage":16,"enemies":"SI_SHIV_ARCHETYPE","floor":16,"turns":8},{"damage":1,"enemies":"Shell Parasite","floor":19,"turns":5},{"damage":16,"enemies":"Snake Plant","floor":21,"turns":5},{"damage":9,"enemies":"downfall:FleeingMerchant","floor":22,"turns":4},{"damage":4,"enemies":"downfall:FaceTrader","floor":25,"turns":5},{"damage":0,"enemies":"downfall:FleeingMerchant","floor":26,"turns":4},{"damage":26,"enemies":"Shelled Parasite and Fungi","floor":27,"turns":3},{"damage":0,"enemies":"Snecko","floor":29,"turns":2},{"damage":0,"enemies":"Slavers","floor":30,"turns":2},{"damage":2,"enemies":"Chosen and Byrds","floor":31,"turns":4},{"damage":0,"enemies":"Sentry and Sphere","floor":32,"turns":3},{"damage":14,"enemies":"DF_ARCHETYPE_CLAW","floor":33,"turns":6},{"damage":3,"enemies":"3 Darklings","floor":36,"turns":4},{"damage":0,"enemies":"Orb Walker","floor":39,"turns":2},{"damage":0,"enemies":"downfall:FleeingMerchant","floor":40,"turns":1},{"damage":0,"enemies":"Giant Head","floor":43,"turns":6},{"damage":21,"enemies":"2 Orb Walkers","floor":45,"turns":5},{"damage":0,"enemies":"Nemesis","floor":48,"turns":4},{"damage":21,"enemies":"Maw","floor":49,"turns":5},{"damage":58,"enemies":"WA_ARCHETYPE_DIVINITY","floor":50,"turns":6},{"damage":6,"enemies":"downfall:CharBossMerchant","floor":52,"turns":5},{"damage":13,"enemies":"downfall:NeowBoss","floor":55,"turns":13},{"damage":51,"enemies":"downfall:NeowBossFinal","floor":56,"turns":9}],"seed_played":"3855725581211820635","potions_obtained":[{"floor":6,"key":"bronze:BurnAndBuffPotion"},{"floor":8,"key":"Block Potion"},{"floor":13,"key":"bronze:BuildAFunctionPotion"},{"floor":14,"key":"Strength Potion"},{"floor":16,"key":"BlessingOfTheForge"}],"is_trial":false,"path_per_floor":["R","M","M","?","?","E","T","E","$","T","?","E","M","E","M","B",null,"R","M","?","M","$","R","T","?","$","M","?","M","E","M","M","B",null,"R","M","?","?","M","$","T","$","E","R","?","R","$","E","M","B",null,"E","$","R","B","B",null],"character_chosen":"THE_AUTOMATON","items_purchased":["Whetstone","Membership Card","bronze:BronzeOrb","expansioncontent:DashGenerateEvil","StrikeDummy","Lantern","PreservedInsect","bronze:Repulsor","Vajra","expansioncontent:StudyTheSpire"],"campfire_rested":0,"item_purchase_floors":[9,40,40,40,40,42,47,47,53,53],"current_hp_per_floor":[70,70,70,67,67,67,67,46,44,51,51,33,33,29,29,13,77,87,86,86,70,61,61,61,57,58,33,33,34,35,34,35,22,94,94,92,92,92,93,94,94,94,95,95,77,77,77,80,62,7,102,97,97,97,87,39],"gold":33,"neow_bonus":"THREE_ENEMY_KILL","is_daily":false,"chose_seed":false,"campfire_upgraded":2,"win_rate":0.0,"timestamp":1611446784,"path_taken":["R","M","?","?","?","E","T","E","$","?","?","E","M","E","M","BOSS","R","M","?","M","$","R","T","?","$","M","?","M","E","M","M","BOSS","R","M","?","?","M","$","T","?","E","R","?","R","$","E","M","BOSS","E","$","R","BOSS","BOSS"],"items_purchased_type":["Relic","Relic","Card","Card","Relic","Relic","Relic","Card","Relic","Card"],"build_version":"2020-12-22","purchased_purges":5,"victory":true,"max_hp_per_floor":[70,70,70,70,70,70,70,70,70,77,77,77,77,77,77,77,77,87,87,87,87,87,87,87,87,88,89,89,90,91,92,93,94,94,94,95,95,95,96,97,97,97,98,98,99,99,99,100,101,102,102,103,103,103,104,105],"card_choices":[{"not_picked":["bronze:Overheat","bronze:DelayedGuard"],"picked":"bronze:CloningBeam","floor":2},{"not_picked":["bronze:Shield","bronze:BronzeArmor"],"picked":"bronze:DelayedGuard","floor":3},{"not_picked":["bronze:Iterate","bronze:Shell"],"picked":"bronze:ChosenStrike","floor":6},{"not_picked":["bronze:Frontload","bronze:Repair"],"picked":"bronze:Optimize","floor":8},{"not_picked":["bronze:DelayedSlice","bronze:Library"],"picked":"bronze:Flail","floor":9},{"not_picked":["bronze:NullPointer","bronze:BuggyMess","bronze:BitShift"],"picked":"SKIP","floor":12},{"not_picked":["bronze:WildBeam","bronze:Boost"],"picked":"bronze:Separator","floor":13},{"not_picked":["bronze:WhirlingStrike","bronze:GetLatest"],"picked":"bronze:Constructor","floor":14},{"not_picked":["bronze:ItsAFeature","bronze:WhirlingStrike","bronze:DigitalCarnage"],"picked":"SKIP","floor":15},{"not_picked":["bronze:TinkerersToolbox","bronze:Mutator"],"picked":"bronze:ThunderWave","floor":16},{"not_picked":["bronze:FineTuning","bronze:CutThrough"],"picked":"bronze:ChildClass+1","floor":19},{"not_picked":["bronze:DelayedGuard","bronze:BuggyMess","bronze:BitShift"],"picked":"SKIP","floor":21},{"not_picked":["bronze:Constructor","bronze:BugBarrage+1"],"picked":"bronze:InfiniteBeams+1","floor":22},{"not_picked":["bronze:Constructor","bronze:DelayedSlice"],"picked":"bronze:Boost","floor":26},{"not_picked":["bronze:DarkDash","bronze:BitShift","bronze:Safeguard"],"picked":"SKIP","floor":27},{"not_picked":["bronze:Break","bronze:Constructor","bronze:WildBeam+1"],"picked":"SKIP","floor":29},{"not_picked":["bronze:WildBeam","bronze:BugBarrage","bronze:BitShift"],"picked":"SKIP","floor":30},{"not_picked":["bronze:WildBeam","bronze:Separator"],"picked":"bronze:Fortify+1","floor":31},{"not_picked":["bronze:BuggyMess","bronze:Iterate","bronze:Shield+1"],"picked":"SKIP","floor":32},{"not_picked":["bronze:HyperBeam","bronze:Mutator"],"picked":"bronze:Format","floor":33},{"not_picked":["bronze:Constructor","bronze:BuggyMess","bronze:BugBarrage+1"],"picked":"SKIP","floor":36},{"not_picked":["bronze:Optimize+1","bronze:WildBeam+1","bronze:Philosophize+1"],"picked":"SKIP","floor":39},{"not_picked":["bronze:Repair","bronze:FineTuning+1","bronze:OilSpill"],"picked":"SKIP","floor":40},{"not_picked":["bronze:Shield","bronze:InfiniteLoop","bronze:InfiniteBeams"],"picked":"SKIP","floor":43},{"not_picked":["bronze:BugBarrage","bronze:Constructor"],"picked":"bronze:Terminator","floor":48},{"not_picked":["bronze:WhirlingStrike","bronze:InfiniteLoop","bronze:BitShift"],"picked":"SKIP","floor":49},{"not_picked":["bronze:DelayedGuard+1","bronze:DigitalCarnage","bronze:Separator"],"picked":"SKIP","floor":52}],"player_experience":1385701,"relics_obtained":[{"floor":6,"key":"Orichalcum"},{"floor":8,"key":"Oddly Smooth Stone"},{"floor":10,"key":"Strawberry"},{"floor":12,"key":"Omamori"},{"floor":14,"key":"Shovel"},{"floor":18,"key":"Juzu Bracelet"},{"floor":23,"key":"bronze:SilverBullet"},{"floor":24,"key":"Akabeko"},{"floor":25,"key":"downfall:CloakOfManyFaces"},{"floor":30,"key":"Letter Opener"},{"floor":43,"key":"Nunchaku"},{"floor":44,"key":"Blood Vial"},{"floor":45,"key":"Girya"},{"floor":46,"key":"bronze:BronzeIdol"},{"floor":48,"key":"Shuriken"},{"floor":52,"key":"hexamod:BolsterEngine"}],"event_choices":[{"damage_healed":0,"gold_gain":0,"player_choice":"Success","damage_taken":3,"relics_obtained":["CeramicFish"],"max_hp_gain":0,"max_hp_loss":0,"event_name":"Scrap Ooze","floor":4,"gold_loss":0},{"cards_removed":["bronze:Defend"],"damage_healed":0,"gold_gain":0,"player_choice":"Removed Skill","damage_taken":0,"max_hp_gain":0,"max_hp_loss":0,"event_name":"Falling","floor":38,"gold_loss":0},{"damage_healed":0,"gold_gain":0,"player_choice":"Fight","damage_taken":0,"max_hp_gain":0,"max_hp_loss":0,"event_name":"Mysterious Sphere","floor":45,"gold_loss":0}],"is_beta":false,"boss_relics":[{"not_picked":["Empty Cage","Snecko Eye"],"picked":"Sozu"},{"not_picked":["bronze:ElectromagneticCoil","Fusion Hammer"],"picked":"Cursed Key"}],"items_purged_floors":[22,26,40,42,47],"is_endless":false,"potions_floor_spawned":[6,8,13,14,16,19,27,29,30,31,33,45,48,52],"ascension_level":4}}