{"host":"htqwg582tjjtn9p7","time":1611519527,"event":{"mods":["2.2 Compatiblity","AchievementEnabler","Act Like it!","Aspiration","BaseMod","Better Third Choice","Colored Map","Conspire","Curses Come First","Displayed Cursed Tome","Energized Spire","Force Act Four","Fox Events","GifTheSpireLib","Hermit","Highlight Path","JesterMod","Mad Scientist","Minty Spire (QoL Compilation)","Pale of the Ancients","Permanent Neow","Random Character Button","Relic Stats","Replay The Spire","Robot Space Explorer","Somnambulant","Spicy Shops","Spikes Relics","StSLib","Stuff the Spire","The Blue Laboratory","The Bug Knight","The Forsaken","The Gatherer","The Judge","The Jungle","The Marked","The Runesmith","The Servant 0.9.4","Uncapped"],"gold_per_floor":[115,131,131,148,148,177,177,177,200,211,238,238,238,255,255,255,255],"floor_reached":16,"language":"ENG","playtime":588,"items_purged":[],"score":193,"play_id":"a9bca430-cbd2-4098-9253-a1ceb6f35aff","local_time":"20210124211847","is_ascension_mode":true,"campfire_choices":[{"data":"Body Slam","floor":7,"key":"SMITH"},{"floor":13,"key":"REST"},{"data":"ReplayTheSpireMod:Strike From Hell","floor":15,"key":"SMITH"}],"circlet_count":0,"master_deck":["AscendersBane","Strike_R","Strike_R","Strike_R","Strike_R","Strike_R","Defend_R","Defend_R","Defend_R+1","Defend_R","Bash","Anger+1","StuffTheSpire:Slingshot","Body Slam+1","ReplayTheSpireMod:Strike From Hell+1","Injury","Cleave","Cleave","Delirium","Havoc+1"],"relics":["Burning Blood","SpikesRelics:DaevaFist","Pen Nib","Toxic Egg 2","aspiration:Lifesprig","Ornamental Fan","Ring of Fury"],"acts_visited":["Exordium"],"potions_floor_usage":[6,11,16],"damage_taken":[{"damage":6,"enemies":"conspire:RoseBush","floor":1,"turns":4},{"damage":1,"enemies":"2 Louse","floor":2,"turns":3},{"damage":0,"enemies":"Small Slimes","floor":4,"turns":3},{"damage":24,"enemies":"Replay:BlueRogue","floor":6,"turns":7},{"damage":2,"enemies":"2 Fungi Beasts","floor":10,"turns":3},{"damage":22,"enemies":"3 Sentries","floor":11,"turns":7},{"damage":14,"enemies":"Looter","floor":14,"turns":3},{"damage":74,"enemies":"Fading Forest","floor":16,"turns":10}],"seed_played":"2582103117986695549","potions_obtained":[{"floor":2,"key":"LiquidBronze"},{"floor":4,"key":"Reflective Coating"},{"floor":14,"key":"BloodPotion"}],"is_trial":false,"path_per_floor":["M","M","?","M","?","E","R","?","T","M","E","?","R","M","R","B"],"character_chosen":"IRONCLAD","items_purchased":[],"campfire_rested":1,"item_purchase_floors":[],"current_hp_per_floor":[68,73,50,56,56,38,38,38,38,42,26,26,48,40,40,0,0],"gold":255,"neow_bonus":"RANDOM_COMMON_RELIC","is_daily":false,"chose_seed":false,"campfire_upgraded":2,"win_rate":0.0,"timestamp":1611519527,"path_taken":["M","M","?","M","?","E","R","?","T","M","E","?","R","M","R","BOSS"],"items_purchased_type":[],"build_version":"2020-12-22","purchased_purges":0,"victory":false,"max_hp_per_floor":[75,75,75,75,75,75,75,75,75,75,75,75,75,75,75,75,75],"relic_stats":{"counters":[8,40],"Ornamental Fan":[20],"Pen Nib":[4],"obtain_stats":[{"aspiration:Lifesprig":9,"Ornamental Fan":11,"Ring of Fury":12,"Pen Nib":6,"SpikesRelics:DaevaFist":0,"Toxic Egg 2":8,"Burning Blood":0},{"aspiration:Lifesprig":4,"Ornamental Fan":6,"Ring of Fury":6,"Pen Nib":4,"SpikesRelics:DaevaFist":0,"Toxic Egg 2":4,"Burning Blood":0},{"aspiration:Lifesprig":17,"Ornamental Fan":27,"Ring of Fury":27,"Pen Nib":17,"SpikesRelics:DaevaFist":0,"Toxic Egg 2":17,"Burning Blood":0}],"Burning Blood":42},"card_choices":[{"not_picked":["Clothesline","Evolve"],"picked":"Anger","floor":1},{"not_picked":["Cleave","Pommel Strike"],"picked":"StuffTheSpire:Slingshot","floor":2},{"not_picked":["Flex","StuffTheSpire:Slingshot"],"picked":"Body Slam","floor":4},{"not_picked":["Run Through","Rupture"],"picked":"ReplayTheSpireMod:Strike From Hell","floor":6},{"not_picked":["StuffTheSpire:Incineration","ReplayTheSpireMod:Muscle Training+1"],"picked":"Cleave","floor":10},{"not_picked":["Clash","Run Through"],"picked":"Cleave","floor":11},{"not_picked":["Sword Boomerang","Clothesline"],"picked":"Havoc+1","floor":14}],"player_experience":1953437,"relics_obtained":[{"floor":6,"key":"Pen Nib"},{"floor":9,"key":"aspiration:Lifesprig"},{"floor":11,"key":"Ornamental Fan"},{"floor":12,"key":"Ring of Fury"}],"event_choices":[{"damage_healed":73,"gold_gain":0,"player_choice":"Upgrade","damage_taken":23,"max_hp_gain":0,"max_hp_loss":75,"event_name":"betterThird:BetterShining","floor":3,"gold_loss":0,"cards_upgraded":["Defend_R","Anger"]}],"is_beta":false,"boss_relics":[],"items_purged_floors":[],"is_endless":false,"potions_floor_spawned":[2,4,14],"killed_by":"Fading Forest","ascension_level":15}}