{"host":"srk2drlvga69hbot","time":1611472302,"event":{"mods":["BaseMod","Bestiary","Block Reminder","Colored Map","Colored Powertips","Dark Map","DeckTracker","Highlight Path","Minty Spire (QoL Compilation)","Quick Restart","Rare Cards Sparkle","Relic Stats","SuperFastMode","Unceasing Turn Reminder"],"gold_per_floor":[219,294,294,294,311,327,327,354,354,354,354,367,367,367],"floor_reached":13,"language":"ZHS","playtime":474,"items_purged":[],"score":95,"play_id":"3816b987-aedb-4495-aca8-b410fcddc058","local_time":"20210124151142","is_ascension_mode":true,"campfire_choices":[{"floor":11,"key":"REST"}],"circlet_count":0,"master_deck":["Strike_G","Strike_G","Strike_G","Strike_G","Strike_G","Defend_G","Defend_G","Defend_G","Defend_G","Defend_G","Survivor","Neutralize","Acrobatics","Tactician","Concentrate"],"relics":["Ring of the Snake","Pear","WingedGreaves","Sundial"],"acts_visited":["Exordium"],"potions_floor_usage":[8,8,13,13],"damage_taken":[{"damage":0,"enemies":"2 Louse","floor":1,"turns":3},{"damage":13,"enemies":"Jaw Worm","floor":5,"turns":4},{"damage":14,"enemies":"Cultist","floor":6,"turns":5},{"damage":36,"enemies":"Gremlin Nob","floor":8,"turns":5},{"damage":16,"enemies":"Looter","floor":12,"turns":4},{"damage":29,"enemies":"3 Sentries","floor":13,"turns":8}],"seed_played":"-8972239626679664859","potions_obtained":[{"floor":1,"key":"Fire Potion"},{"floor":6,"key":"Regen Potion"},{"floor":10,"key":"Weak Potion"},{"floor":10,"key":"Ancient Potion"},{"floor":10,"key":"CunningPotion"}],"is_trial":false,"path_per_floor":["M","?","T","$","M","M","$","E","T","?","R","M","E"],"character_chosen":"THE_SILENT","items_purchased":[],"campfire_rested":1,"item_purchase_floors":[],"current_hp_per_floor":[70,59,69,69,56,42,42,18,18,18,42,26,0,0],"gold":367,"neow_bonus":"HUNDRED_GOLD","is_daily":false,"chose_seed":false,"campfire_upgraded":0,"win_rate":0.0,"timestamp":1611472302,"path_taken":["M","?","?","$","?","M","$","E","T","?","R","M","E"],"items_purchased_type":[],"build_version":"2020-12-22","purchased_purges":0,"victory":false,"max_hp_per_floor":[70,70,80,80,80,80,80,80,80,80,80,80,80,80],"relic_stats":{"counters":[6,29],"Sundial":[2],"obtain_stats":[{"Pear":3,"Sundial":9,"WingedGreaves":8,"Ring of the Snake":0},{"Pear":1,"Sundial":4,"WingedGreaves":4,"Ring of the Snake":0},{"Pear":3,"Sundial":17,"WingedGreaves":17,"Ring of the Snake":0}],"Ring of the Snake":[12]},"card_choices":[{"not_picked":["All Out Attack","Dagger Throw"],"picked":"Acrobatics","floor":1},{"not_picked":["Dagger Throw","PiercingWail"],"picked":"Tactician","floor":5},{"not_picked":["Masterful Stab","Quick Slash","Backflip"],"picked":"SKIP","floor":6},{"not_picked":["Backstab","Deadly Poison"],"picked":"Concentrate","floor":8},{"not_picked":["Dodge and Roll","Cloak And Dagger","Flying Knee"],"picked":"SKIP","floor":12}],"player_experience":193434,"relics_obtained":[{"floor":3,"key":"Pear"},{"floor":8,"key":"WingedGreaves"},{"floor":9,"key":"Sundial"}],"event_choices":[{"damage_healed":0,"gold_gain":75,"player_choice":"Gather Gold","damage_taken":11,"max_hp_gain":0,"max_hp_loss":0,"event_name":"World of Goop","floor":2,"gold_loss":0},{"damage_healed":0,"gold_gain":0,"player_choice":"Got Potions","damage_taken":0,"max_hp_gain":0,"max_hp_loss":0,"event_name":"Lab","floor":10,"gold_loss":0}],"is_beta":false,"boss_relics":[],"items_purged_floors":[],"is_endless":false,"potions_floor_spawned":[1,6],"killed_by":"3 Sentries","ascension_level":3}}