{"host":"gzk4gkgy3zij1c51","time":1611510266,"event":{"mods":["BaseMod","Colored Map","Downfall","Highlight Path","Marked Mod","Minty Spire (QoL Compilation)","Relic Stats","StSLib","everything is the same but u backflip on backflip"],"gold_per_floor":[99,111,111,130,130,158,158,185,185,204,221,221,240,266,286,386,386,386,406,418,418,418,438,465,497,297,30,47,67,67,94,110,213,213,213,232,59,74,86,119,119,154,54,85,97,144,156,168,197,209,221,262,24,24,24,24],"floor_reached":57,"language":"ENG","playtime":5758,"items_purged":["downfall:Bewildered","downfall:Malfunctioning"],"score":1642,"play_id":"6443bb00-f506-4c38-b5be-b73976ae8d0e","local_time":"20210124174426","daily_mods":["SealedDeck"],"is_ascension_mode":true,"campfire_choices":[{"data":"bronze:Repair","floor":1.0,"key":"SMITH"},{"data":"1","floor":12.0,"key":"LIFT"},{"floor":18.0,"key":"RECALL"},{"data":"2","floor":26.0,"key":"LIFT"},{"data":"3","floor":30.0,"key":"LIFT"},{"data":"bronze:ShipIt","floor":35,"key":"SMITH"},{"data":"expansioncontent:InvincibleStrength","floor":43,"key":"SMITH"},{"data":"bronze:HardenedForm","floor":47,"key":"SMITH"},{"data":"expansioncontent:DashGenerateEvil","floor":54,"key":"SMITH"}],"circlet_count":0,"master_deck":["bronze:OilSpill","bronze:DelayedGuard","bronze:Boost","bronze:Separator+1","bronze:Terminator+1","bronze:Constructor+1","bronze:Branch+1","bronze:Frontload","bronze:Refactor+1","bronze:Repair+1","bronze:FollowUp","bronze:Spike","bronze:DazingPulse","bronze:Optimize+1","bronze:Library+1","bronze:Allocate+1","bronze:Flail","bronze:DelayedSlice","bronze:Turbo+1","bronze:Overload+1","bronze:FineTuning+1","bronze:TinkerersToolbox+1","bronze:Return+1","bronze:Repulsor","Writhe","bronze:BurnOut","bronze:Overheat+1","bronze:Return+1","bronze:Philosophize+1","bronze:Invalidate+1","bronze:ShipIt+1","bronze:BugBarrage","bronze:ItsAFeature+1","expansioncontent:DashGenerateEvil+1","expansioncontent:InvincibleStrength+1","Parasite","bronze:HardenedForm+1","bronze:NullPointer+1","bronze:Invalidate+1","bronze:Repair+1"],"relics":["bronze:BronzeCore","Dead Branch","Toxic Egg 2","Girya","Question Card","bronze:MakeshiftBattery","Slimebound:StickyStick","bronze:ProtectiveGoggles","Bag of Marbles","downfall:HeartBlessingGreen","downfall:HeartBlessingRed","Mummified Hand","champ:DeflectingBracers","Black Star","Blood Vial","WingedGreaves","Shuriken","War Paint","sneckomod:BlankCard","downfall:HeartBlessingBlue","Guardian:PocketSentry","MawBank","hexamod:CandleOfCauterizing","CaptainsWheel","Letter Opener","bronze:SilverBullet"],"acts_visited":["Exordium","TheCity","TheBeyond","TheEnding"],"potions_floor_usage":[33,33,33,37,39,50,50,50,55,56,56],"damage_taken":[{"damage":0.0,"enemies":"Small Slimes","floor":2.0,"turns":3.0},{"damage":0.0,"enemies":"Cultist","floor":4.0,"turns":3.0},{"damage":6.0,"enemies":"Cultist","floor":5.0,"turns":8.0},{"damage":7.0,"enemies":"Lagavulin","floor":6.0,"turns":6.0},{"damage":0.0,"enemies":"Gremlin Nob","floor":8.0,"turns":3.0},{"damage":0.0,"enemies":"Jaw Worm","floor":10.0,"turns":1.0},{"damage":0.0,"enemies":"Gremlin Gang","floor":11.0,"turns":3.0},{"damage":0.0,"enemies":"Exordium Wildlife","floor":13.0,"turns":2.0},{"damage":3.0,"enemies":"Lagavulin","floor":14.0,"turns":4.0},{"damage":0.0,"enemies":"2 Fungi Beasts","floor":15.0,"turns":2.0},{"damage":19.0,"enemies":"WA_ARCHETYPE_RETAIN","floor":16.0,"turns":7.0},{"damage":7.0,"enemies":"Spheric Guardian","floor":19.0,"turns":4.0},{"damage":15.0,"enemies":"Snake Plant","floor":20.0,"turns":4.0},{"damage":16.0,"enemies":"Centurion and Healer","floor":23.0,"turns":5.0},{"damage":32.0,"enemies":"Gremlin Leader","floor":25.0,"turns":6.0},{"damage":0.0,"enemies":"downfall:FleeingMerchant","floor":27.0,"turns":4.0},{"damage":0.0,"enemies":"3 Cultists","floor":28.0,"turns":4.0},{"damage":10.0,"enemies":"Cultist and Chosen","floor":29.0,"turns":3.0},{"damage":0.0,"enemies":"Book of Stabbing","floor":31.0,"turns":3.0},{"damage":0.0,"enemies":"Snake Plant","floor":32.0,"turns":2.0},{"damage":41,"enemies":"IC_MUSHROOM_ARCHETYPE","floor":33,"turns":4},{"damage":0,"enemies":"3 Darklings","floor":36,"turns":3},{"damage":0,"enemies":"downfall:FleeingMerchant","floor":37,"turns":4},{"damage":15,"enemies":"3 Shapes","floor":38,"turns":3},{"damage":0,"enemies":"Writhing Mass","floor":39,"turns":3},{"damage":21,"enemies":"Nemesis","floor":40,"turns":3},{"damage":0,"enemies":"Giant Head","floor":42,"turns":4},{"damage":10,"enemies":"Reptomancer","floor":44,"turns":4},{"damage":0,"enemies":"Giant Head","floor":46,"turns":4},{"damage":0,"enemies":"Spire Growth","floor":49,"turns":3},{"damage":71,"enemies":"SI_POISON_ARCHETYPE","floor":50,"turns":6},{"damage":49,"enemies":"downfall:CharBossMerchant","floor":52,"turns":7},{"damage":13,"enemies":"downfall:NeowBoss","floor":55,"turns":8},{"damage":70,"enemies":"downfall:NeowBossFinal","floor":56,"turns":6}],"seed_played":"8573405272620708242","potions_obtained":[{"floor":2.0,"key":"bronze:CleanCodePotion"},{"floor":10.0,"key":"Swift Potion"},{"floor":11.0,"key":"Explosive Potion"},{"floor":13.0,"key":"Dexterity Potion"},{"floor":23.0,"key":"DuplicationPotion"},{"floor":29.0,"key":"Fire Potion"},{"floor":32,"key":"hexamod:SoulburnPotion"},{"floor":33,"key":"sneckomod:MuddlingPotion"},{"floor":38,"key":"Guardian:BlockOnCardUsePotion"},{"floor":39,"key":"Fruit Juice"},{"floor":40,"key":"bronze:FreeFunctionsPotion"},{"floor":42,"key":"DistilledChaos"},{"floor":49,"key":"Dexterity Potion"}],"is_trial":true,"path_per_floor":["R","M","?","M","?","E","T","E","?","M","M","R","M","E","M","B",null,"R","M","M","?","?","M","T","E","R","$","M","M","R","E","M","B",null,"R","M","$","M","M","E","T","E","R","E","?","E","R","?","M","B",null,"E","$","R","B","B",null],"character_chosen":"THE_AUTOMATON","items_purchased":["Mummified Hand","expansioncontent:DashGenerateEvil","Blood Vial","expansioncontent:InvincibleStrength","SpeedPotion","Block Potion","AttackPotion"],"campfire_rested":0,"item_purchase_floors":[27,37,37,37,53,53,53],"current_hp_per_floor":[70,70,70,70,70,63,63,63,63,63,70,70,70,67,67,58,70,70,70,65,65,65,60,60,38,38,48,58,58,58,58,68,37,70,70,70,70,65,70,49,49,51,61,63,63,65,65,65,67,23,85,44,44,44,53,5],"gold":24,"neow_bonus":"","is_daily":false,"chose_seed":false,"campfire_upgraded":5,"win_rate":0.0,"timestamp":1611510266,"path_taken":["R","M","?","M","?","E","T","E","?","M","M","R","?","E","M","BOSS","R","M","M","?","?","M","T","E","R","$","M","M","R","E","M","BOSS","R","M","$","?","M","E","T","E","R","E","?","E","R","?","M","BOSS","E","$","R","BOSS","BOSS"],"items_purchased_type":["Relic","Card","Relic","Card","Potion","Potion","Potion"],"build_version":"2020-12-22","purchased_purges":2,"victory":true,"max_hp_per_floor":[70,70,70,70,70,70,70,70,70,70,70,70,70,70,70,70,70,70,70,70,70,70,70,70,70,70,70,70,70,70,70,70,70,70,70,70,70,70,70,70,70,70,80,80,80,80,80,80,80,85,85,85,85,85,85,85],"relic_stats":{"Blood Vial":16,"counters":[34,139],"Mummified Hand":[87],"Shuriken":[26],"Dead Branch":[203],"Black Star":5,"Letter Opener":[55],"War Paint":["bronze:Refactor","bronze:Terminator"],"Question Card":23,"MawBank":108,"obtain_stats":[{"bronze:BronzeCore":0,"sneckomod:BlankCard":42,"downfall:HeartBlessingGreen":26,"Blood Vial":37,"Slimebound:StickyStick":21,"Mummified Hand":27,"downfall:HeartBlessingBlue":43,"WingedGreaves":40,"Toxic Egg 2":7,"Girya":8,"hexamod:CandleOfCauterizing":46,"downfall:HeartBlessingRed":26,"Dead Branch":6,"champ:DeflectingBracers":31,"Guardian:PocketSentry":44,"Letter Opener":52,"War Paint":42,"Question Card":14,"MawBank":44,"CaptainsWheel":46,"bronze:ProtectiveGoggles":24,"Shuriken":40,"Bag of Marbles":25,"Black Star":34,"bronze:SilverBullet":52,"bronze:MakeshiftBattery":17},{"bronze:BronzeCore":0,"sneckomod:BlankCard":27,"downfall:HeartBlessingGreen":15,"Blood Vial":23,"Slimebound:StickyStick":13,"Mummified Hand":16,"downfall:HeartBlessingBlue":27,"WingedGreaves":26,"Toxic Egg 2":4,"Girya":5,"hexamod:CandleOfCauterizing":29,"downfall:HeartBlessingRed":15,"Dead Branch":4,"champ:DeflectingBracers":19,"Guardian:PocketSentry":28,"Letter Opener":32,"War Paint":27,"Question Card":9,"MawBank":28,"CaptainsWheel":29,"bronze:ProtectiveGoggles":14,"Shuriken":26,"Bag of Marbles":15,"Black Star":21,"bronze:SilverBullet":32,"bronze:MakeshiftBattery":11},{"bronze:BronzeCore":0,"sneckomod:BlankCard":101,"downfall:HeartBlessingGreen":61,"Blood Vial":88,"Slimebound:StickyStick":50,"Mummified Hand":65,"downfall:HeartBlessingBlue":101,"WingedGreaves":97,"Toxic Egg 2":20,"Girya":23,"hexamod:CandleOfCauterizing":109,"downfall:HeartBlessingRed":61,"Dead Branch":20,"champ:DeflectingBracers":75,"Guardian:PocketSentry":105,"Letter Opener":125,"War Paint":101,"Question Card":33,"MawBank":105,"CaptainsWheel":109,"bronze:ProtectiveGoggles":55,"Shuriken":97,"Bag of Marbles":61,"Black Star":81,"bronze:SilverBullet":125,"bronze:MakeshiftBattery":42}]},"card_choices":[{"not_picked":["bronze:WildBeam","bronze:DelayedGuard"],"picked":"bronze:FollowUp","floor":2.0},{"not_picked":["bronze:Constructor","bronze:Separator","bronze:Turbo"],"picked":"SKIP","floor":4.0},{"not_picked":[],"picked":"bronze:Spike","floor":5.0},{"not_picked":[],"picked":"bronze:DazingPulse","floor":5.0},{"not_picked":["bronze:Return","bronze:ClassDefault"],"picked":"bronze:Optimize","floor":5.0},{"not_picked":["bronze:ClassDefault","bronze:Invalidate"],"picked":"bronze:Library","floor":6.0},{"not_picked":["bronze:DelayedGuard+1","bronze:Separator"],"picked":"bronze:Allocate+1","floor":8.0},{"not_picked":["bronze:NullPointer","bronze:GetLatest+1"],"picked":"bronze:Flail","floor":10.0},{"not_picked":["bronze:DarkDash","bronze:Branch"],"picked":"bronze:DelayedSlice","floor":11.0},{"not_picked":["bronze:WhirlingStrike","bronze:Deprecate+1"],"picked":"bronze:Turbo+1","floor":13.0},{"not_picked":["bronze:Iterate","bronze:Refactor+1"],"picked":"bronze:Overload+1","floor":14.0},{"not_picked":["bronze:Turbo+1","bronze:Overload+1","bronze:Invalidate+1"],"picked":"bronze:FineTuning+1","floor":15.0},{"not_picked":["bronze:InfiniteLoop","bronze:HardenedForm","bronze:CleanCode"],"picked":"bronze:TinkerersToolbox+1","floor":16.0},{"not_picked":["bronze:Branch","bronze:Shield+1","bronze:CutThrough+1"],"picked":"bronze:Return+1","floor":19.0},{"not_picked":["bronze:CutThrough","bronze:DelayedGuard+1","bronze:FindAndReplace+1"],"picked":"bronze:Repulsor","floor":20.0},{"not_picked":["bronze:MaxOutput+1","bronze:CutThrough+1","bronze:DelayedSlice","bronze:BronzeOrb"],"picked":"SKIP","floor":23.0},{"not_picked":["bronze:Terminator+1","bronze:Iterate+1","bronze:Boost+1"],"picked":"bronze:BurnOut","floor":25.0},{"not_picked":["bronze:CutThrough+1","bronze:DelayedSlice","bronze:BuggyMess+1"],"picked":"bronze:Overheat+1","floor":27.0},{"not_picked":["bronze:DelayedSlice","bronze:Philosophize+1","bronze:BuggyMess+1"],"picked":"bronze:Return+1","floor":28.0},{"not_picked":["bronze:Overheat","bronze:NullPointer","bronze:FineTuning+1","bronze:Fortify"],"picked":"SKIP","floor":29.0},{"not_picked":["bronze:ForLoop+1","bronze:FollowUp","bronze:NullPointer"],"picked":"bronze:Philosophize+1","floor":31.0},{"not_picked":["bronze:Terminator+1","bronze:Overload+1","bronze:Backtrace+1"],"picked":"bronze:Invalidate+1","floor":32},{"not_picked":["bronze:FindAndReplace+1","bronze:Verify","bronze:TinkerersToolbox+1"],"picked":"bronze:ShipIt","floor":33},{"not_picked":["bronze:BitShift+1","bronze:Allocate+1","bronze:ItsAFeature"],"picked":"bronze:BugBarrage","floor":36},{"not_picked":["bronze:DelayedSlice+1","bronze:Shell+1","bronze:GetLatest+1"],"picked":"bronze:ItsAFeature+1","floor":37},{"not_picked":["bronze:Philosophize+1","bronze:Turbo+1","bronze:Separator"],"picked":"bronze:Iterate","floor":38},{"not_picked":["bronze:CloningBeam","bronze:Iterate+1","bronze:Shield+1"],"picked":"bronze:HardenedForm","floor":39},{"not_picked":["bronze:Overheat","bronze:Terminator+1","bronze:CutThrough","bronze:DelayedSlice"],"picked":"SKIP","floor":40},{"not_picked":["bronze:CloningBeam+1","bronze:ForceShield+1","bronze:OilSpill"],"picked":"bronze:NullPointer+1","floor":42},{"not_picked":["bronze:DigitalCarnage+1","bronze:WildBeam+1","bronze:Library","bronze:Flail"],"picked":"SKIP","floor":44},{"not_picked":["bronze:Shield+1","bronze:ForceShield+1","bronze:CutThrough+1"],"picked":"bronze:Repair+1","floor":46},{"not_picked":["bronze:DelayedSlice+1","bronze:Allocate+1","bronze:Turbo+1","bronze:WhirlingStrike"],"picked":"SKIP","floor":49},{"not_picked":["bronze:Frontload+1","bronze:Branch+1","bronze:FineTuning+1","bronze:WildBeam+1"],"picked":"SKIP","floor":52}],"player_experience":1070962,"relics_obtained":[{"floor":6.0,"key":"Dead Branch"},{"floor":7.0,"key":"Toxic Egg 2"},{"floor":8.0,"key":"Girya"},{"floor":14.0,"key":"Question Card"},{"floor":24.0,"key":"bronze:ProtectiveGoggles"},{"floor":25.0,"key":"Bag of Marbles"},{"floor":31.0,"key":"champ:DeflectingBracers"},{"floor":40,"key":"WingedGreaves"},{"floor":40,"key":"Shuriken"},{"floor":42,"key":"War Paint"},{"floor":42,"key":"sneckomod:BlankCard"},{"floor":44,"key":"Guardian:PocketSentry"},{"floor":44,"key":"MawBank"},{"floor":46,"key":"hexamod:CandleOfCauterizing"},{"floor":46,"key":"CaptainsWheel"},{"floor":52,"key":"Letter Opener"},{"floor":52,"key":"bronze:SilverBullet"}],"event_choices":[],"is_beta":false,"boss_relics":[{"not_picked":["Cursed Key","bronze:PlatinumCore"],"picked":"bronze:MakeshiftBattery"},{"not_picked":["Fusion Hammer","expansioncontent:StudyCardRelic"],"picked":"Black Star"}],"items_purged_floors":[37,53],"is_endless":false,"potions_floor_spawned":[2,10,11,13,23,29,31,32,33,38,39,40,42,49],"ascension_level":1}}