{"host":"uld0x1f6or5rl385","time":1611522215,"event":{"mods":["BaseMod","Minty Spire (QoL Compilation)","Quick Restart","StSLib","Unceasing Turn Reminder"],"gold_per_floor":[216,216,230,230,230,248,248,272,317,341,357,357,388,488,488,488,488],"floor_reached":16,"language":"ZHS","playtime":390,"items_purged":[],"score":102,"play_id":"51209231-50db-4962-819a-c7fdc320829f","local_time":"20210125050335","is_ascension_mode":false,"campfire_choices":[{"data":"Sever Soul","floor":7,"key":"SMITH"},{"data":"Disarm","floor":12,"key":"SMITH"},{"floor":15,"key":"REST"}],"circlet_count":0,"master_deck":["Strike_R","Strike_R","Strike_R","Strike_R","Strike_R","Defend_R","Defend_R","Defend_R","Defend_R","Bash","Sever Soul+1","Disarm+1"],"relics":["Burning Blood","Golden Idol","Tiny Chest","Red Skull"],"acts_visited":["Exordium"],"potions_floor_usage":[8,13,13],"damage_taken":[{"damage":0,"enemies":"2 Louse","floor":1,"turns":4},{"damage":5,"enemies":"Small Slimes","floor":3,"turns":3},{"damage":1,"enemies":"Jaw Worm","floor":6,"turns":3},{"damage":5,"enemies":"Exordium Thugs","floor":8,"turns":3},{"damage":34,"enemies":"Gremlin Gang","floor":10,"turns":6},{"damage":9,"enemies":"Blue Slaver","floor":11,"turns":4},{"damage":13,"enemies":"Gremlin Nob","floor":13,"turns":3},{"damage":10,"enemies":"Hexaghost","floor":16,"turns":6}],"seed_played":"4555816940044212808","potions_obtained":[{"floor":3,"key":"Fire Potion"},{"floor":6,"key":"LiquidMemories"},{"floor":10,"key":"Explosive Potion"},{"floor":13,"key":"SmokeBomb"}],"is_trial":false,"path_per_floor":["M","?","M","?","?","M","R","M","T","M","M","R","E","?","R","B"],"character_chosen":"IRONCLAD","items_purchased":[],"campfire_rested":1,"item_purchase_floors":[],"current_hp_per_floor":[80,85,85,64,64,69,69,70,70,42,39,39,32,32,57,47,47],"gold":488,"neow_bonus":"HUNDRED_GOLD","is_daily":false,"chose_seed":false,"campfire_upgraded":2,"win_rate":0.0,"timestamp":1611522215,"path_taken":["M","?","M","?","?","M","R","?","T","?","M","R","E","?","R","BOSS"],"items_purchased_type":[],"build_version":"2020-12-22","purchased_purges":0,"victory":false,"max_hp_per_floor":[80,85,85,85,85,85,85,85,85,85,85,85,85,85,85,85,85],"card_choices":[{"not_picked":["Bloodletting","True Grit"],"picked":"Sword Boomerang","floor":1},{"not_picked":["Body Slam","Hemokinesis"],"picked":"Sever Soul","floor":3},{"not_picked":["Wild Strike","Anger","Havoc"],"picked":"SKIP","floor":6},{"not_picked":["Battle Trance","Warcry","Armaments"],"picked":"SKIP","floor":8},{"not_picked":["Limit Break","Twin Strike","Havoc"],"picked":"SKIP","floor":10},{"not_picked":["Thunderclap","Havoc"],"picked":"Disarm","floor":11},{"not_picked":["Armaments","Reaper","Pummel"],"picked":"SKIP","floor":13}],"player_experience":344264,"relics_obtained":[{"floor":9,"key":"Tiny Chest"},{"floor":13,"key":"Red Skull"}],"event_choices":[{"damage_healed":0,"gold_gain":0,"player_choice":"Donut","damage_taken":0,"max_hp_gain":5,"max_hp_loss":0,"event_name":"Big Fish","floor":2,"gold_loss":0},{"damage_healed":0,"gold_gain":0,"player_choice":"Take Damage","damage_taken":21,"relics_obtained":["Golden Idol"],"max_hp_gain":0,"max_hp_loss":0,"event_name":"Golden Idol","floor":4,"gold_loss":0},{"cards_removed":["Sword Boomerang"],"damage_healed":0,"gold_gain":0,"player_choice":"Purged","damage_taken":0,"max_hp_gain":0,"max_hp_loss":0,"event_name":"Purifier","floor":5,"gold_loss":0},{"damage_healed":0,"gold_gain":100,"player_choice":"Pray","damage_taken":0,"max_hp_gain":0,"max_hp_loss":0,"event_name":"Golden Shrine","floor":14,"gold_loss":0}],"is_beta":false,"boss_relics":[],"items_purged_floors":[],"is_endless":false,"potions_floor_spawned":[3,6,10,13],"killed_by":"Hexaghost","ascension_level":0}}