{"host":"y5l5jq411zt8gv60","time":1611462728,"event":{"mods":["BaseMod","BetterRewards","Colored Powertips","Highlight Path","Minty Spire (QoL Compilation)","Shop Mod","StSLib","The Construct"],"gold_per_floor":[113,131,145,145,70,70,70,83,83,83,103,103,12,19,19,116,116,128,142,2,2,2,31,31,51,104,104,120,120,139,156,156,251,251,271,282,282,282,300,300,310,310,310,310,321,335,145,145,145,145,145],"floor_reached":50,"language":"ENG","playtime":2188,"items_purged":["construct:Chainstrike","construct:Backup"],"score":656,"play_id":"232fae74-2cb3-4cb9-850c-0afe86048ea4","local_time":"20210123233208","is_ascension_mode":false,"campfire_choices":[{"data":"construct:GuardCore","floor":6,"key":"SMITH"},{"data":"Apotheosis","floor":12,"key":"SMITH"},{"floor":15,"key":"REST"},{"floor":27,"key":"REST"},{"floor":29,"key":"REST"},{"floor":32,"key":"REST"},{"data":"construct:PointDefense+1","floor":40,"key":"SMITH"},{"floor":44,"key":"REST"},{"floor":49,"key":"REST"}],"circlet_count":0,"master_deck":["construct:Strike_Gold","construct:Strike_Gold","construct:Strike_Gold","construct:Strike_Gold","construct:Defend_Gold","construct:Defend_Gold","construct:Defend_Gold","construct:Defend_Gold","construct:Defend_Gold","construct:AttackMode","construct:DefenseMode","Apotheosis+1","construct:GuardCore+2","construct:Autoturret","construct:Synchronize","construct:FlameCore","construct:Autoturret","construct:ElectricArmor+1","construct:Autoturret","construct:Autoturret","construct:SpinDrive","construct:Enhance","construct:GuardCore+1","construct:Zapper+1","construct:Failsafe+1","Finesse+1","construct:PointDefense+2","construct:ForceCore+1","construct:ReactiveShield+1","Secret Technique+1"],"relics":["MerchantsRug","Letter Opener","Toxic Egg 2","Sozu","Bag of Preparation","Molten Egg 2","Frozen Egg 2","construct:ClockworkPhoenix","Philosopher\u0027s Stone","Pantograph"],"acts_visited":["Exordium","TheCity","TheBeyond"],"potions_floor_usage":[14,50],"damage_taken":[{"damage":0,"enemies":"Small Slimes","floor":1,"turns":7},{"damage":0,"enemies":"Cultist","floor":2,"turns":5},{"damage":14,"enemies":"Jaw Worm","floor":3,"turns":4},{"damage":8,"enemies":"Lots of Slimes","floor":8,"turns":5},{"damage":12,"enemies":"3 Louse","floor":11,"turns":4},{"damage":19,"enemies":"Exordium Thugs","floor":14,"turns":5},{"damage":16,"enemies":"Hexaghost","floor":16,"turns":7},{"damage":10,"enemies":"Shell Parasite","floor":18,"turns":4},{"damage":5,"enemies":"Chosen","floor":19,"turns":5},{"damage":55,"enemies":"Book of Stabbing","floor":23,"turns":8},{"damage":32,"enemies":"Shelled Parasite and Fungi","floor":25,"turns":5},{"damage":8,"enemies":"Centurion and Healer","floor":28,"turns":5},{"damage":10,"enemies":"Cultist and Chosen","floor":30,"turns":6},{"damage":21,"enemies":"Shelled Parasite and Fungi","floor":31,"turns":6},{"damage":13,"enemies":"Champ","floor":33,"turns":7},{"damage":15,"enemies":"3 Shapes","floor":35,"turns":4},{"damage":9,"enemies":"Orb Walker","floor":36,"turns":4},{"damage":11,"enemies":"Spire Growth","floor":39,"turns":5},{"damage":29,"enemies":"4 Shapes","floor":41,"turns":5},{"damage":54,"enemies":"Jaw Worm Horde","floor":45,"turns":5},{"damage":46,"enemies":"Transient","floor":46,"turns":5},{"damage":75,"enemies":"Awakened One","floor":50,"turns":3}],"seed_played":"-7472104298529577061","potions_obtained":[{"floor":2,"key":"CultistPotion"},{"floor":11,"key":"Fruit Juice"},{"floor":16,"key":"construct:MegaPotion"}],"is_trial":false,"path_per_floor":["M","M","M","?","$","R","?","M","T","?","M","R","$","M","R","B",null,"M","M","$","?","?","E","?","M","T","R","M","R","M","M","R","B",null,"M","M","?","?","M","R","M","?","T","R","M","M","$","?","R","B"],"character_chosen":"THE_CONSTRUCT_MOD","items_purchased":["Apotheosis","MerchantsRug","construct:GuardCore","construct:Autoturret","construct:ElectricArmor+1","construct:Autoturret","construct:ClockworkEgg+1","Secret Technique+1"],"campfire_rested":6,"item_purchase_floors":[0,0,0,0,13,13,20,47],"current_hp_per_floor":[50,50,36,36,36,36,36,28,28,28,16,16,16,2,29,13,90,80,75,75,57,57,2,33,1,1,29,21,49,39,18,46,33,95,80,71,71,71,60,60,31,31,31,59,5,12,12,12,40,0,0],"gold":145,"neow_bonus":"","is_daily":false,"chose_seed":false,"campfire_upgraded":3,"win_rate":0.0,"timestamp":1611462728,"path_taken":["M","M","M","?","?","R","?","?","T","?","?","R","$","?","R","BOSS","M","M","$","?","?","E","?","?","T","R","M","R","M","?","R","BOSS","M","M","?","?","M","R","M","?","T","R","?","M","$","?","R","BOSS"],"items_purchased_type":["Card","Relic","Card","Card","Card","Card","Card","Card"],"build_version":"2020-12-22","purchased_purges":2,"victory":false,"max_hp_per_floor":[85,85,85,85,85,85,85,85,85,85,85,85,85,90,90,90,90,90,90,90,95,95,95,95,95,95,95,95,95,95,95,95,95,95,95,95,95,95,95,95,95,95,95,95,95,95,95,95,95,95,95],"card_choices":[{"not_picked":["construct:ClusterMines","construct:SweepLaser"],"picked":"construct:Backup","floor":1},{"not_picked":["construct:Versatility","construct:ReactiveShield"],"picked":"construct:Synchronize","floor":2},{"not_picked":["construct:SuppressiveFire","construct:Backup","construct:ChargeShot"],"picked":"SKIP","floor":3},{"not_picked":["construct:Tumble","construct:ForceCore"],"picked":"construct:FlameCore","floor":8},{"not_picked":["construct:SaveState+1","construct:Backfire"],"picked":"construct:Autoturret","floor":11},{"not_picked":["construct:Boost","construct:ChargeShot"],"picked":"construct:Autoturret","floor":14},{"not_picked":["construct:LongRangeLance","construct:HammerDown"],"picked":"construct:SpinDrive","floor":16},{"not_picked":["construct:Backfire+1","construct:ShiftStrike","construct:OneWayMirror+1"],"picked":"SKIP","floor":18},{"not_picked":["construct:Backfire+1","construct:Versatility"],"picked":"construct:Enhance","floor":19},{"not_picked":["construct:Zapper","construct:OneWayMirror+1"],"picked":"construct:GuardCore+1","floor":23},{"not_picked":["construct:ClusterMines+1","construct:Reinforce+1"],"picked":"construct:Zapper+1","floor":25},{"not_picked":["construct:ShiftStrike+1","construct:SaveState+1","construct:HastyRepair+1"],"picked":"SKIP","floor":28},{"not_picked":["construct:ElectricArmor+1","construct:ScrapCannon+1","construct:FierceBash+1"],"picked":"SKIP","floor":30},{"not_picked":["construct:Boost+1","construct:Anticipate+1"],"picked":"construct:Failsafe+1","floor":31},{"not_picked":["construct:ModeShift+1","construct:Antimatter+1","construct:CripplingShot+1"],"picked":"SKIP","floor":35},{"not_picked":["construct:ChargeShot+1","construct:SuppressiveFire+1","construct:SaveState+1"],"picked":"SKIP","floor":36},{"not_picked":["Forethought+1","Swift Strike+1"],"picked":"Finesse+1","floor":37},{"not_picked":["construct:ModeShift+1","construct:Boost+1"],"picked":"construct:PointDefense+1","floor":39},{"not_picked":["construct:ShiftStrike+1","construct:ShiftGuard+1"],"picked":"construct:ForceCore+1","floor":41},{"not_picked":["construct:Reinforce+1","construct:GatlingGun+1"],"picked":"construct:ReactiveShield+1","floor":45},{"not_picked":["construct:FocusedBeam+1","construct:SyphonStrike+1","construct:Anticipate+1"],"picked":"SKIP","floor":46}],"player_experience":158809,"relics_obtained":[{"floor":9,"key":"Letter Opener"},{"floor":23,"key":"Potion Belt"},{"floor":26,"key":"Bag of Preparation"},{"floor":43,"key":"Pantograph"}],"event_choices":[{"damage_healed":0,"gold_gain":0,"cards_transformed":["construct:Strike_Gold"],"player_choice":"Transformed","damage_taken":0,"max_hp_gain":0,"max_hp_loss":0,"event_name":"Transmorgrifier","floor":4,"gold_loss":0,"cards_obtained":["construct:Chainstrike"]},{"damage_healed":0,"gold_gain":0,"player_choice":"Bought 0 Potions","damage_taken":0,"max_hp_gain":0,"max_hp_loss":0,"event_name":"The Woman in Blue","floor":7,"gold_loss":0},{"damage_healed":0,"gold_gain":0,"player_choice":"Gave Potion","damage_taken":0,"relics_obtained":["Toxic Egg 2"],"max_hp_gain":0,"max_hp_loss":0,"event_name":"WeMeetAgain","floor":10,"gold_loss":0},{"damage_healed":0,"gold_gain":0,"player_choice":"Shed Blood","damage_taken":23,"max_hp_gain":5,"max_hp_loss":0,"event_name":"Forgotten Altar","floor":21,"gold_loss":0},{"damage_healed":0,"gold_gain":0,"player_choice":"Ignored","damage_taken":0,"max_hp_gain":0,"max_hp_loss":0,"event_name":"Cursed Tome","floor":22,"gold_loss":0},{"damage_healed":31,"gold_gain":0,"player_choice":"Heal","damage_taken":0,"max_hp_gain":0,"max_hp_loss":0,"event_name":"The Library","floor":24,"gold_loss":0},{"damage_healed":0,"gold_gain":0,"player_choice":"Memory 1","damage_taken":0,"max_hp_gain":0,"max_hp_loss":0,"event_name":"SensoryStone","floor":37,"gold_loss":0},{"damage_healed":0,"gold_gain":0,"player_choice":"Ignored","damage_taken":0,"max_hp_gain":0,"max_hp_loss":0,"event_name":"Tomb of Lord Red Mask","floor":38,"gold_loss":0},{"damage_healed":0,"gold_gain":0,"player_choice":"Forge","damage_taken":0,"max_hp_gain":0,"max_hp_loss":0,"event_name":"Accursed Blacksmith","floor":42,"gold_loss":0,"cards_upgraded":["construct:GuardCore"]},{"damage_healed":0,"gold_gain":0,"player_choice":"Ignored","damage_taken":0,"max_hp_gain":0,"max_hp_loss":0,"event_name":"Mysterious Sphere","floor":48,"gold_loss":0}],"is_beta":false,"boss_relics":[{"not_picked":["Tiny House","Runic Pyramid"],"picked":"Sozu"},{"not_picked":["Fusion Hammer","SlaversCollar"],"picked":"Philosopher\u0027s Stone"}],"items_purged_floors":[5,47],"is_endless":false,"potions_floor_spawned":[2,11,16,18,19,28,35,39,41],"killed_by":"Awakened One","ascension_level":0}}