{"host":"t1puqh5lxz8sp6fn","time":1611453301,"event":{"mods":["AchievementEnabler","BaseMod","Colored Powertips","Minty Spire (QoL Compilation)","Rare Cards Sparkle","Relic Stats","StSLib"],"gold_per_floor":[116,116,126,226,244,278,278,308,308,308,308,335,360,435,435,532,532,551,551,551,566,55,87,186,186,186,199,232,232,242,272,272,367,367,378,72,72,92,0,32,32,59,59,109,119,169,169,186,186,186,186,186,32,63,63],"floor_reached":56,"playtime":2742,"items_purged":[],"score":2098,"play_id":"6d97df35-f347-448b-9183-6d8243ad647c","local_time":"20210123225501","is_ascension_mode":true,"campfire_choices":[{"floor":7.0,"key":"REST"},{"floor":11.0,"key":"REST"},{"floor":15.0,"key":"REST"},{"data":"Trip","floor":25.0,"key":"SMITH"},{"data":"Wraith Form v2","floor":29.0,"key":"SMITH"},{"data":"Riddle With Holes","floor":32,"key":"SMITH"},{"floor":41,"key":"RECALL"},{"data":"Envenom","floor":49,"key":"SMITH"},{"data":"Caltrops","floor":52,"key":"SMITH"}],"circlet_count":0,"master_deck":["AscendersBane","Strike_G+1","Defend_G","Defend_G+1","Defend_G+1","Defend_G","Defend_G","Survivor","Neutralize","PiercingWail","Quick Slash","Poisoned Stab+1","Predator","Dagger Spray","Cloak And Dagger","Terror","Wraith Form v2+1","Concentrate+1","Wraith Form v2+1","Predator+1","Acrobatics","Necronomicurse","Backstab","Riddle With Holes+1","Caltrops+1","Trip+1","Storm of Steel","Calculated Gamble+1","Leg Sweep+1","Noxious Fumes","Envenom+1","Prepared+1","Madness","Madness","Clumsy","Expertise+1","Thinking Ahead","Panache","Infinite Blades"],"relics":["Ring of the Snake","NeowsBlessing","Ninja Scroll","Boot","Ornamental Fan","Nunchaku","Whetstone","Bronze Scales","Astrolabe","MutagenicStrength","Necronomicon","Lee\u0027s Waffle","Pen Nib","Mummified Hand","Thread and Needle","War Paint","Pantograph","Cursed Key","Lizard Tail","Red Mask","Bottled Lightning","Blood Vial","Bird Faced Urn","TungstenRod","TwistedFunnel","Turnip"],"acts_visited":["Exordium","TheCity","TheBeyond","TheEnding"],"potions_floor_usage":[33,55,55],"damage_taken":[{"damage":0.0,"enemies":"Small Slimes","floor":1.0,"turns":1.0},{"damage":0.0,"enemies":"Jaw Worm","floor":3.0,"turns":1.0},{"damage":0.0,"enemies":"Cultist","floor":5.0,"turns":1.0},{"damage":47.0,"enemies":"Lagavulin","floor":6.0,"turns":9.0},{"damage":17.0,"enemies":"3 Sentries","floor":8.0,"turns":8.0},{"damage":6.0,"enemies":"Gremlin Nob","floor":13.0,"turns":3.0},{"damage":34.0,"enemies":"The Guardian","floor":16.0,"turns":11.0},{"damage":7.0,"enemies":"Chosen","floor":18.0,"turns":4.0},{"damage":0.0,"enemies":"Spheric Guardian","floor":21.0,"turns":1.0},{"damage":9.0,"enemies":"Book of Stabbing","floor":23.0,"turns":3.0},{"damage":0.0,"enemies":"Centurion and Healer","floor":27.0,"turns":2.0},{"damage":0.0,"enemies":"Gremlin Leader","floor":28.0,"turns":2.0},{"damage":0,"enemies":"Shelled Parasite and Fungi","floor":30,"turns":1},{"damage":0,"enemies":"Book of Stabbing","floor":31,"turns":5},{"damage":31,"enemies":"Champ","floor":33,"turns":9},{"damage":0,"enemies":"3 Darklings","floor":35,"turns":5},{"damage":21,"enemies":"3 Shapes","floor":38,"turns":4},{"damage":0,"enemies":"Giant Head","floor":40,"turns":6},{"damage":0,"enemies":"Nemesis","floor":42,"turns":5},{"damage":0,"enemies":"Mind Bloom Boss Battle","floor":44,"turns":2},{"damage":0,"enemies":"3 Darklings","floor":45,"turns":2},{"damage":2,"enemies":"2 Orb Walkers","floor":46,"turns":3},{"damage":0,"enemies":"Jaw Worm Horde","floor":48,"turns":4},{"damage":32,"enemies":"Awakened One","floor":50,"turns":10},{"damage":0,"enemies":"Shield and Spear","floor":54,"turns":5},{"damage":53,"enemies":"The Heart","floor":55,"turns":7}],"seed_played":"8428345100397312152","potions_obtained":[{"floor":6.0,"key":"Ancient Potion"},{"floor":8.0,"key":"Weak Potion"},{"floor":16.0,"key":"DistilledChaos"},{"floor":23.0,"key":"Fruit Juice"},{"floor":28.0,"key":"Regen Potion"},{"floor":38,"key":"CultistPotion"},{"floor":45,"key":"CultistPotion"}],"is_trial":false,"path_per_floor":["M","?","M","?","M","E","R","E","T","?","R","T","E","?","R","B",null,"M","?","?","M","$","E","?","R","T","M","E","R","M","E","R","B",null,"M","$","?","M","?","E","R","E","T","?","M","?","?","M","R","B",null,"R","$","E","B",null],"character_chosen":"THE_SILENT","items_purchased":["Lee\u0027s Waffle","Pen Nib","Riddle With Holes","Caltrops","Trip","Lizard Tail","TwistedFunnel"],"campfire_rested":3,"item_purchase_floors":[22,22,22,22,22,36,53],"current_hp_per_floor":[63,63,63,63,63,16,37,20,20,13,34,34,28,17,38,4,54,47,47,31,31,77,68,68,68,68,68,73,73,73,73,73,51,74,74,74,64,43,43,43,43,43,43,70,76,82,73,82,82,58,76,76,76,82,31],"gold":63,"neow_bonus":"THREE_ENEMY_KILL","is_daily":false,"chose_seed":false,"campfire_upgraded":5,"win_rate":0.0,"timestamp":1611453301,"path_taken":["M","?","M","?","?","E","R","E","T","?","R","?","E","?","R","BOSS","M","?","?","M","$","E","?","R","T","M","E","R","M","E","R","BOSS","M","$","?","M","?","E","R","E","T","?","M","?","?","M","R","BOSS","R","$","E","BOSS"],"items_purchased_type":["Relic","Relic","Card","Card","Card","Relic","Relic"],"build_version":"2020-12-13","purchased_purges":0,"victory":true,"max_hp_per_floor":[70,70,70,70,70,70,70,70,70,70,70,70,70,70,70,70,70,70,70,70,70,77,77,77,77,77,77,82,82,82,82,82,82,82,82,82,82,82,82,82,82,82,82,82,82,82,82,82,82,82,82,82,82,82,82],"relic_stats":{"Lee\u0027s Waffle":46,"counters":[26,114],"Astrolabe":["Concentrate","Wraith Form v2","Predator"],"Pen Nib":[24],"Whetstone":["Strike_G","Poisoned Stab"],"War Paint":["Defend_G","Defend_G"],"Boot":[82],"Cursed Key":1,"Blood Vial":10,"Nunchaku":[29],"Lizard Tail":0,"Ornamental Fan":[264],"Mummified Hand":[59],"Bronze Scales":[377],"Pantograph":34,"Bird Faced Urn":[31],"Turnip":[2],"Necronomicon":[36],"obtain_stats":[{"TwistedFunnel":53,"Whetstone":12,"Boot":8,"Cursed Key":34,"Blood Vial":42,"Nunchaku":10,"Lizard Tail":36,"Ninja Scroll":6,"Mummified Hand":23,"Pantograph":31,"Necronomicon":20,"Red Mask":39,"Ring of the Snake":0,"Lee\u0027s Waffle":22,"NeowsBlessing":0,"Astrolabe":17,"Thread and Needle":26,"Pen Nib":22,"War Paint":28,"Ornamental Fan":9,"Bronze Scales":13,"MutagenicStrength":19,"Bird Faced Urn":44,"Turnip":54,"Bottled Lightning":40,"TungstenRod":46},{"TwistedFunnel":24,"Whetstone":5,"Boot":5,"Cursed Key":15,"Blood Vial":19,"Nunchaku":5,"Lizard Tail":16,"Ninja Scroll":4,"Mummified Hand":10,"Pantograph":14,"Necronomicon":8,"Red Mask":17,"Ring of the Snake":0,"Lee\u0027s Waffle":9,"NeowsBlessing":0,"Astrolabe":7,"Thread and Needle":10,"Pen Nib":9,"War Paint":12,"Ornamental Fan":5,"Bronze Scales":6,"MutagenicStrength":8,"Bird Faced Urn":20,"Turnip":25,"Bottled Lightning":18,"TungstenRod":22},{"TwistedFunnel":102,"Whetstone":20,"Boot":20,"Cursed Key":61,"Blood Vial":81,"Nunchaku":20,"Lizard Tail":66,"Ninja Scroll":12,"Mummified Hand":42,"Pantograph":52,"Necronomicon":38,"Red Mask":70,"Ring of the Snake":0,"Lee\u0027s Waffle":39,"NeowsBlessing":0,"Astrolabe":34,"Thread and Needle":42,"Pen Nib":39,"War Paint":46,"Ornamental Fan":20,"Bronze Scales":23,"MutagenicStrength":38,"Bird Faced Urn":83,"Turnip":107,"Bottled Lightning":76,"TungstenRod":88}],"TungstenRod":46,"Ring of the Snake":[52]},"card_choices":[{"not_picked":["Prepared","Outmaneuver"],"picked":"PiercingWail","floor":1.0},{"not_picked":["Bane","Concentrate"],"picked":"Poisoned Stab","floor":3.0},{"not_picked":["Blade Dance","Sucker Punch"],"picked":"Predator","floor":5.0},{"not_picked":["Bane","PiercingWail"],"picked":"Dagger Spray","floor":6.0},{"not_picked":["Flechettes","Finisher"],"picked":"Cloak And Dagger","floor":8.0},{"not_picked":["Choke","Well Laid Plans"],"picked":"Terror","floor":13.0},{"not_picked":["Grand Finale","Glass Knife"],"picked":"Wraith Form v2","floor":16.0},{"not_picked":["Underhanded Strike","Sucker Punch"],"picked":"Acrobatics","floor":18.0},{"not_picked":["Cloak And Dagger","Acrobatics"],"picked":"Backstab","floor":21.0},{"not_picked":["Predator","Sucker Punch"],"picked":"Storm of Steel","floor":23.0},{"not_picked":["Sucker Punch","Dagger Throw"],"picked":"Calculated Gamble+1","floor":27.0},{"not_picked":["Setup","Flying Knee","Acrobatics"],"picked":"SKIP","floor":28.0},{"not_picked":["Deflect","Eviscerate"],"picked":"Leg Sweep+1","floor":30},{"not_picked":["Acrobatics","Escape Plan"],"picked":"Noxious Fumes","floor":31},{"not_picked":["Storm of Steel","Unload"],"picked":"Envenom","floor":33},{"not_picked":["Flying Knee","Terror"],"picked":"Prepared+1","floor":35},{"not_picked":["Dodge and Roll","Dagger Spray+1","Cloak And Dagger"],"picked":"SKIP","floor":38},{"not_picked":["Sucker Punch","Die Die Die","Dagger Throw"],"picked":"SKIP","floor":40},{"not_picked":["Sucker Punch","Die Die Die","Dagger Throw"],"picked":"SKIP","floor":40},{"not_picked":["Outmaneuver","Escape Plan","Leg Sweep"],"picked":"SKIP","floor":42},{"not_picked":["Outmaneuver","Escape Plan","Leg Sweep"],"picked":"SKIP","floor":42},{"not_picked":["Outmaneuver+1","Sucker Punch+1"],"picked":"Expertise+1","floor":44},{"not_picked":["Blade Dance","Acrobatics","Venomology"],"picked":"SKIP","floor":45},{"not_picked":["Discovery","Swift Strike"],"picked":"Thinking Ahead","floor":47},{"not_picked":["Madness","Trip"],"picked":"Panache","floor":47},{"not_picked":["Bane","Heel Hook","Acrobatics"],"picked":"SKIP","floor":48},{"not_picked":["Blade Dance","Deadly Poison"],"picked":"Infinite Blades","floor":54}],"player_experience":449689,"relics_obtained":[{"floor":6.0,"key":"Ninja Scroll"},{"floor":8.0,"key":"Boot"},{"floor":9.0,"key":"Ornamental Fan"},{"floor":12.0,"key":"Whetstone"},{"floor":13.0,"key":"Bronze Scales"},{"floor":20.0,"key":"Necronomicon"},{"floor":23.0,"key":"Mummified Hand"},{"floor":26.0,"key":"Thread and Needle"},{"floor":28.0,"key":"War Paint"},{"floor":31,"key":"Pantograph"},{"floor":40,"key":"Bottled Lightning"},{"floor":42,"key":"Blood Vial"},{"floor":44,"key":"Bird Faced Urn"},{"floor":46,"key":"TungstenRod"},{"floor":54,"key":"Turnip"}],"event_choices":[{"damage_healed":0.0,"max_hp_gain":0.0,"max_hp_loss":0.0,"gold_gain":0.0,"cards_transformed":["Strike_G"],"event_name":"Living Wall","player_choice":"Change","floor":2.0,"gold_loss":0.0,"damage_taken":0.0,"cards_obtained":["Quick Slash"]},{"damage_healed":0.0,"max_hp_gain":0.0,"max_hp_loss":0.0,"gold_gain":100.0,"event_name":"Golden Shrine","player_choice":"Pray","floor":4.0,"gold_loss":0.0,"damage_taken":0.0},{"damage_healed":0.0,"max_hp_gain":0.0,"max_hp_loss":0.0,"gold_gain":0.0,"event_name":"Scrap Ooze","player_choice":"Success","floor":10.0,"gold_loss":0.0,"damage_taken":7.0,"relics_obtained":["Nunchaku"]},{"damage_healed":0.0,"max_hp_gain":0.0,"max_hp_loss":0.0,"gold_gain":75.0,"event_name":"World of Goop","player_choice":"Gather Gold","floor":14.0,"gold_loss":0.0,"damage_taken":11.0},{"damage_healed":0.0,"max_hp_gain":0.0,"max_hp_loss":0.0,"gold_gain":0.0,"event_name":"Drug Dealer","player_choice":"Inject Mutagens","floor":19.0,"gold_loss":0.0,"damage_taken":0.0,"relics_obtained":["MutagenicStrength"]},{"damage_healed":0.0,"max_hp_gain":0.0,"max_hp_loss":0.0,"gold_gain":0.0,"event_name":"Cursed Tome","player_choice":"Obtained Book","floor":20.0,"gold_loss":0.0,"damage_taken":16.0},{"damage_healed":0.0,"max_hp_gain":0.0,"max_hp_loss":0.0,"gold_gain":99.0,"event_name":"Nest","player_choice":"Stole From Cult","floor":24.0,"gold_loss":0.0,"damage_taken":0.0},{"damage_healed":0,"gold_gain":0,"player_choice":"Embrace Madness","damage_taken":10,"max_hp_gain":0,"max_hp_loss":0,"event_name":"Winding Halls","floor":37,"gold_loss":0,"cards_obtained":["Madness","Madness"]},{"damage_healed":0,"gold_gain":0,"player_choice":"Paid","damage_taken":0,"relics_obtained":["Red Mask"],"max_hp_gain":0,"max_hp_loss":0,"event_name":"Tomb of Lord Red Mask","floor":39,"gold_loss":92},{"damage_healed":0,"gold_gain":0,"player_choice":"Fight","damage_taken":0,"max_hp_gain":0,"max_hp_loss":0,"event_name":"MindBloom","floor":44,"gold_loss":0},{"damage_healed":0,"gold_gain":0,"player_choice":"Fight","damage_taken":0,"max_hp_gain":0,"max_hp_loss":0,"event_name":"Mysterious Sphere","floor":46,"gold_loss":0},{"damage_healed":0,"gold_gain":0,"player_choice":"Memory 3","damage_taken":10,"max_hp_gain":0,"max_hp_loss":0,"event_name":"SensoryStone","floor":47,"gold_loss":0}],"is_beta":false,"boss_relics":[{"not_picked":["Pandora\u0027s Box","HoveringKite"],"picked":"Astrolabe"},{"not_picked":["Velvet Choker","Coffee Dripper"],"picked":"Cursed Key"}],"items_purged_floors":[],"is_endless":false,"potions_floor_spawned":[6,8,16,23,28,31,38,42,45,54],"ascension_level":12}}