{"host":"nh70f3bv2bgakzh3","time":1611484499,"event":{"mods":["BaseMod","Downfall","Minty Spire (QoL Compilation)","StSLib","The Construct","The Mystic"],"gold_per_floor":[99,115,133,148,148,175,247,247,63,63,63,63,63],"floor_reached":11,"language":"ENG","playtime":779,"items_purged":[],"score":71,"play_id":"c7e8065b-ea0b-4072-a443-1cce1c3aad59","local_time":"20210124053459","is_ascension_mode":false,"campfire_choices":[{"data":"bronze:Replicate","floor":1,"key":"SMITH"},{"data":"bronze:Terminator","floor":8,"key":"SMITH"},{"data":"bronze:ClassDefault","floor":10,"key":"SMITH"}],"circlet_count":0,"master_deck":["bronze:Strike","bronze:Strike","bronze:Defend","bronze:Defend","bronze:Defend","bronze:Defend","bronze:Replicate+1","bronze:Goto","bronze:FineTuning","bronze:Spike","bronze:Mutator","bronze:Terminator+1","bronze:DelayedGuard","bronze:ChosenStrike","bronze:ClassDefault+1","bronze:Constructor"],"relics":["bronze:BronzeCore","bronze:SilverBullet","Mercury Hourglass"],"acts_visited":["Exordium"],"potions_floor_usage":[6],"damage_taken":[{"damage":1,"enemies":"Jaw Worm","floor":2,"turns":4},{"damage":0,"enemies":"Cultist","floor":3,"turns":4},{"damage":4,"enemies":"Small Slimes","floor":4,"turns":4},{"damage":6,"enemies":"Small Slimes","floor":5,"turns":6},{"damage":12,"enemies":"Gremlin Nob","floor":6,"turns":4},{"damage":5,"enemies":"downfall:FleeingMerchant","floor":9,"turns":4},{"damage":24,"enemies":"Lagavulin","floor":11,"turns":3}],"seed_played":"4677532467689805601","potions_obtained":[{"floor":4,"key":"Block Potion"}],"is_trial":false,"path_per_floor":["R","M","M","M","?","E","T","R","$","R","E"],"character_chosen":"THE_AUTOMATON","items_purchased":["bronze:ChosenStrike","bronze:ClassDefault","bronze:Constructor"],"campfire_rested":0,"item_purchase_floors":[9,9,9],"current_hp_per_floor":[49,48,48,44,38,26,26,26,21,21,0,0,0],"gold":63,"neow_bonus":"REMOVE_TWO","is_daily":false,"chose_seed":false,"campfire_upgraded":3,"win_rate":0.0,"timestamp":1611484499,"path_taken":["R","M","M","M","?","E","T","R","$","R","E"],"items_purchased_type":["Card","Card","Card"],"build_version":"2020-12-22","purchased_purges":0,"victory":false,"max_hp_per_floor":[70,70,70,70,70,70,70,70,70,70,70,70,70],"card_choices":[{"not_picked":["bronze:BitShift","bronze:Boost"],"picked":"bronze:FineTuning","floor":2},{"not_picked":["bronze:Deprecate","bronze:Branch","bronze:Frontload"],"picked":"SKIP","floor":3},{"not_picked":["bronze:CutThrough","bronze:Allocate","bronze:Overheat"],"picked":"SKIP","floor":4},{"not_picked":[],"picked":"bronze:Spike","floor":5},{"not_picked":["bronze:WhirlingStrike","bronze:BitShift"],"picked":"bronze:Mutator","floor":5},{"not_picked":["bronze:CutThrough","bronze:Separator"],"picked":"bronze:Terminator","floor":6},{"not_picked":["bronze:ChildClass","bronze:Verify"],"picked":"bronze:DelayedGuard","floor":9}],"player_experience":65453,"relics_obtained":[{"floor":6,"key":"bronze:SilverBullet"},{"floor":7,"key":"Mercury Hourglass"}],"event_choices":[],"is_beta":false,"boss_relics":[],"items_purged_floors":[],"is_endless":false,"potions_floor_spawned":[4],"killed_by":"Lagavulin","ascension_level":0}}