{"host":"c2bue2hyafvtxka5","time":1611503206,"event":{"mods":["BaseMod","Hermit","Minty Spire (QoL Compilation)","StSLib","The Cursed","The Disciple","The Necromancer","The Servant 0.9.4"],"gold_per_floor":[113,113,113,38,62,62,77,89,89,89,124,136,150,165,165,165,165],"floor_reached":16,"language":"ENG","playtime":635,"items_purged":["Regret"],"score":127,"play_id":"cdc9fa40-f86e-4f74-91fc-d53d1acf52c1","local_time":"20210124104646","is_ascension_mode":false,"campfire_choices":[{"data":"Ricochet","floor":6,"key":"SMITH"},{"data":"Barrier","floor":15,"key":"SMITH"}],"circlet_count":0,"master_deck":["Strike_S","Strike_S","Strike_S","Strike_S","Defend_S","Defend_S","Defend_S","Defend_S+1","KidneyShot","Exchange+1","Ricochet+1","ReturningBlade","ShatteredReality","Potential","Barrier+1"],"relics":["Uniform","HornCleat","Pen Nib","Mummified Hand","Juzu Bracelet"],"acts_visited":["Exordium"],"potions_floor_usage":[11,11,11,16],"damage_taken":[{"damage":1,"enemies":"2 Louse","floor":1,"turns":3},{"damage":5,"enemies":"Jaw Worm","floor":7,"turns":4},{"damage":0,"enemies":"Small Slimes","floor":8,"turns":1},{"damage":0,"enemies":"3 Sentries","floor":11,"turns":3},{"damage":3,"enemies":"Exordium Thugs","floor":12,"turns":4},{"damage":0,"enemies":"2 Fungi Beasts","floor":13,"turns":2},{"damage":9,"enemies":"Red Slaver","floor":14,"turns":4},{"damage":41,"enemies":"Slime Boss","floor":16,"turns":9}],"seed_played":"-1849730643821448469","potions_obtained":[{"floor":7,"key":"Strength Potion"},{"floor":10,"key":"EssenceOfSteel"},{"floor":10,"key":"LiquidBronze"},{"floor":11,"key":"DistilledChaos"}],"is_trial":false,"path_per_floor":["M","?","?","$","T","R","M","M","T","?","E","M","M","M","R","B"],"character_chosen":"THE_SERVANT","items_purchased":[],"campfire_rested":0,"item_purchase_floors":[],"current_hp_per_floor":[70,70,56,56,56,56,51,51,51,51,51,48,48,39,39,0,0],"gold":165,"neow_bonus":"TEN_PERCENT_HP_BONUS","is_daily":false,"chose_seed":false,"campfire_upgraded":2,"win_rate":0.0,"timestamp":1611503206,"path_taken":["M","?","?","$","?","R","M","?","T","?","E","M","M","M","R","BOSS"],"items_purchased_type":[],"build_version":"2020-12-22","purchased_purges":1,"victory":false,"max_hp_per_floor":[71,71,71,71,71,71,71,71,71,71,71,71,71,71,71,71,71],"card_choices":[{"not_picked":["ShatteredReality","Shuttle"],"picked":"Ricochet","floor":1},{"not_picked":["TimeWarp","Rearm"],"picked":"ReturningBlade","floor":7},{"not_picked":["Replace","Sabotage"],"picked":"ShatteredReality","floor":8},{"not_picked":["Initiator","ShiftingGears"],"picked":"Potential","floor":11},{"not_picked":["Snipe","SpecialFormula","BestPractice"],"picked":"SKIP","floor":12},{"not_picked":["Replace","Advance","DualDimension"],"picked":"SKIP","floor":13},{"not_picked":["Ricochet","Foresight"],"picked":"Barrier","floor":14}],"player_experience":94579,"relics_obtained":[{"floor":5,"key":"Pen Nib"},{"floor":9,"key":"Mummified Hand"},{"floor":11,"key":"Juzu Bracelet"}],"event_choices":[{"damage_healed":0,"gold_gain":0,"player_choice":"Box","damage_taken":0,"relics_obtained":["HornCleat"],"max_hp_gain":0,"max_hp_loss":0,"event_name":"Big Fish","floor":2,"gold_loss":0,"cards_obtained":["Regret"]},{"damage_healed":0,"gold_gain":0,"player_choice":"Entered Light","damage_taken":14,"max_hp_gain":0,"max_hp_loss":0,"event_name":"Shining Light","floor":3,"gold_loss":0,"cards_upgraded":["Defend_S","Exchange"]},{"damage_healed":0,"gold_gain":0,"player_choice":"Got Potions","damage_taken":0,"max_hp_gain":0,"max_hp_loss":0,"event_name":"Lab","floor":10,"gold_loss":0}],"is_beta":false,"boss_relics":[],"items_purged_floors":[4],"is_endless":false,"potions_floor_spawned":[7,11],"killed_by":"Slime Boss","ascension_level":0}}