{"host":"hf83sijwe64ts2lm","time":1611516334,"event":{"mods":["2.2 Compatiblity","BaseMod","Better Altar","Better Match","Better Note","Better Sensory Stone","Better Skull","Better Third Choice","Colored Map","Colored Powertips","Highlight Path","Hubris","Infinite Spire","Minty Spire (QoL Compilation)","Quick Restart","Rare Cards Sparkle","Relic Stats","Replay The Spire","Shop Mod","Spicy Shops","StSLib","Thieving Mod"],"gold_per_floor":[109,109,122,122,148,178,178,195,195,224,240,240,258,258,258,356,356,339,0,13,13,13,13,13,13,13],"floor_reached":25,"language":"ENG","playtime":482,"items_purged":[],"score":337,"play_id":"967876f1-8c50-4d7b-bf84-f8962b304c3c","local_time":"20210124142534","is_ascension_mode":true,"campfire_choices":[{"floor":7,"key":"REST"},{"floor":15,"key":"REST"},{"floor":23,"key":"REST"}],"circlet_count":0,"master_deck":["Strike_B","Strike_B","Strike_B","Strike_B","Defend_B","Defend_B","Defend_B","Defend_B","Zap","Dualcast","Hologram","Conserve Battery","Compile Driver","BootSequence","Barrage","Conserve Battery","Echo Form","Beam Cell","Burn","Creative AI","Static Discharge+1","Self Repair","Decay","infinitespire:Menacing"],"relics":["Cracked Core","Garlic","hubris:MedicalManual","infinitespire:BottledMercury","Replay:Baseball","infinitespire:ShieldingShard","Inserter"],"acts_visited":["Exordium","TheCity"],"potions_floor_usage":[6,10,13,25,25],"damage_taken":[{"damage":0,"enemies":"Small Slimes","floor":1,"turns":3},{"damage":0,"enemies":"Cultist","floor":3,"turns":3},{"damage":25,"enemies":"3 Sentries","floor":6,"turns":6},{"damage":0,"enemies":"2 Louse","floor":8,"turns":2},{"damage":19,"enemies":"Gremlin Nob","floor":10,"turns":5},{"damage":0,"enemies":"2 Fungi Beasts","floor":11,"turns":3},{"damage":0,"enemies":"3 Louse","floor":13,"turns":3},{"damage":0,"enemies":"Hexaghost","floor":16,"turns":12},{"damage":12,"enemies":"2 Thieves","floor":18,"turns":4},{"damage":12,"enemies":"Chosen","floor":20,"turns":5},{"damage":69,"enemies":"3 Cultists","floor":25,"turns":5}],"seed_played":"1273370854780104826","potions_obtained":[{"floor":3,"key":"Explosive Potion"},{"floor":8,"key":"Venom Potion"},{"floor":11,"key":"FocusPotion"},{"floor":16,"key":"SteroidPotion"},{"floor":20,"key":"Ancient Potion"}],"is_trial":false,"path_per_floor":["M","?","M","T","?","E","R","M","T","E","M","?","M","?","R","B",null,"M","?","M","?","$","R","?","M"],"character_chosen":"DEFECT","items_purchased":[],"campfire_rested":3,"item_purchase_floors":[],"current_hp_per_floor":[75,75,75,75,43,18,42,42,42,23,23,23,23,23,47,47,73,61,61,49,49,49,73,53,0,0],"gold":13,"neow_bonus":"TEN_PERCENT_HP_BONUS","is_daily":false,"chose_seed":false,"campfire_upgraded":0,"win_rate":0.0,"timestamp":1611516334,"path_taken":["M","?","?","?","?","E","R","M","T","E","M","?","M","?","R","BOSS","M","?","M","?","$","R","?","M"],"items_purchased_type":[],"build_version":"2020-12-22","purchased_purges":0,"victory":false,"max_hp_per_floor":[82,82,82,82,82,82,82,82,82,82,82,82,82,82,82,82,82,82,82,82,82,82,82,82,82,82],"relic_stats":{"Inserter":[7],"counters":[11,51],"obtain_stats":[{"infinitespire:BottledMercury":6,"Replay:Baseball":9,"infinitespire:ShieldingShard":10,"Inserter":17,"hubris:MedicalManual":5,"Garlic":4,"Cracked Core":0},{"infinitespire:BottledMercury":3,"Replay:Baseball":4,"infinitespire:ShieldingShard":5,"Inserter":8,"hubris:MedicalManual":2,"Garlic":2,"Cracked Core":0},{"infinitespire:BottledMercury":12,"Replay:Baseball":14,"infinitespire:ShieldingShard":19,"Inserter":37,"hubris:MedicalManual":6,"Garlic":6,"Cracked Core":0}]},"card_choices":[{"not_picked":["Melter","BootSequence"],"picked":"Hologram","floor":1},{"not_picked":["Go for the Eyes","ReplayTheSpireMod:GoodbyeWorld"],"picked":"Conserve Battery","floor":3},{"not_picked":["BasicCrystalCard","Skim"],"picked":"Compile Driver","floor":5},{"not_picked":["Turbo","Fission"],"picked":"BootSequence","floor":6},{"not_picked":["Compile Driver","Turbo"],"picked":"Barrage","floor":8},{"not_picked":["Panic Button","Glacier"],"picked":"Conserve Battery","floor":10},{"not_picked":["Force Field","Lockon"],"picked":"Echo Form","floor":11},{"not_picked":["Compile Driver","Panic Button"],"picked":"Beam Cell","floor":13},{"not_picked":["Machine Learning","Buffer"],"picked":"Creative AI","floor":16},{"not_picked":["Turbo","Panic Button"],"picked":"Static Discharge+1","floor":18},{"not_picked":["Barrage+1","Rebound"],"picked":"Self Repair","floor":20},{"not_picked":["infinitespire:TheBestDefense","ReplayTheSpireMod:Black Plague"],"picked":"infinitespire:Menacing","floor":24}],"player_experience":136905,"relics_obtained":[{"floor":4,"key":"Garlic"},{"floor":5,"key":"hubris:MedicalManual"},{"floor":6,"key":"infinitespire:BottledMercury"},{"floor":9,"key":"Replay:Baseball"},{"floor":10,"key":"infinitespire:ShieldingShard"}],"event_choices":[{"damage_healed":0,"gold_gain":0,"player_choice":"Ignored","damage_taken":0,"max_hp_gain":0,"max_hp_loss":0,"event_name":"Transmorgrifier","floor":2,"gold_loss":0},{"damage_healed":0,"gold_gain":0,"player_choice":"Ignored","damage_taken":0,"max_hp_gain":0,"max_hp_loss":0,"event_name":"Golden Wing","floor":12,"gold_loss":0},{"damage_healed":23,"gold_gain":0,"player_choice":"Embrace Burn","damage_taken":0,"max_hp_gain":0,"max_hp_loss":82,"event_name":"betterThird:BetterShining","floor":14,"gold_loss":0},{"damage_healed":0,"gold_gain":0,"player_choice":"Paid Fearfully","damage_taken":0,"max_hp_gain":0,"max_hp_loss":0,"event_name":"Masked Bandits","floor":19,"gold_loss":339},{"damage_healed":0,"gold_gain":0,"player_choice":" Defy","damage_taken":0,"max_hp_gain":0,"max_hp_loss":0,"event_name":"betterAltar:BetterAltar","floor":21,"gold_loss":0,"cards_obtained":["Decay"]}],"is_beta":false,"boss_relics":[{"not_picked":["hubris:TerracottaHorce","FrozenCore"],"picked":"Inserter"}],"items_purged_floors":[],"is_endless":false,"potions_floor_spawned":[3,8,11,16,20],"killed_by":"3 Cultists","ascension_level":6}}