{"host":"f6w7z8zvb0mi4wy9","time":1611519001,"event":{"mods":["BaseMod","Colored Map","Minty Spire (QoL Compilation)","READ ME - Guardian Mod","StSLib","SuperFastMode","The Jungle"],"gold_per_floor":[109,183,133,152,152,184,184,219,219,237,262,276,451,117,117,221,221,232,248,248,260,21,21,21],"floor_reached":23,"language":"KOR","playtime":511,"items_purged":["Doubt"],"score":339,"play_id":"78f34e77-a559-4dd6-a0ad-52a00337f56f","local_time":"20210125051001","is_ascension_mode":true,"campfire_choices":[{"data":"Zap","floor":7.0,"key":"SMITH"},{"data":"Defragment","floor":15.0,"key":"SMITH"}],"circlet_count":0,"master_deck":["Strike_B","Strike_B","Defend_B","Defend_B","Defend_B","Defend_B","Zap+1","Dualcast","Streamline","Discovery","Core Surge","Defragment+1","Self Repair","Hologram","Storm","Force Field","Loop","Echo Form","Skim+1","Go for the Eyes","Bandage Up"],"relics":["Cracked Core","NeowsBlessing","Shuriken","Toy Ornithopter","Eternal Feather","Mummified Hand","Omamori","Black Star","OrangePellets"],"acts_visited":["Exordium","TheCity"],"potions_floor_usage":[21],"damage_taken":[{"damage":0.0,"enemies":"Jaw Worm","floor":1.0,"turns":1.0},{"damage":0.0,"enemies":"Small Slimes","floor":4.0,"turns":1.0},{"damage":0.0,"enemies":"Gremlin Nob","floor":6.0,"turns":1.0},{"damage":30.0,"enemies":"Lagavulin","floor":8.0,"turns":5.0},{"damage":1.0,"enemies":"Cultist","floor":10.0,"turns":3.0},{"damage":16.0,"enemies":"Gremlin Nob","floor":11.0,"turns":3.0},{"damage":8.0,"enemies":"Blue Slaver","floor":12.0,"turns":2.0},{"damage":36.0,"enemies":"Hexaghost","floor":16.0,"turns":7.0},{"damage":2.0,"enemies":"Chosen","floor":18.0,"turns":3.0},{"damage":30.0,"enemies":"2 Thieves","floor":19.0,"turns":4.0},{"damage":25,"enemies":"3 Cultists","floor":21,"turns":5},{"damage":39,"enemies":"Slavers","floor":23,"turns":4}],"seed_played":"7751522825205957306","potions_obtained":[{"floor":4.0,"key":"FocusPotion"},{"floor":8.0,"key":"ColorlessPotion"},{"floor":18.0,"key":"Weak Potion"}],"is_trial":false,"path_per_floor":["M","?","?","M","?","E","R","E","T","M","E","M","?","$","R","B",null,"M","M","?","M","$","E"],"character_chosen":"DEFECT","items_purchased":["Omamori","Force Field","Loop","OrangePellets","Bandage Up"],"campfire_rested":0,"item_purchase_floors":[14,14,14,22,22],"current_hp_per_floor":[68,68,68,68,68,68,68,38,38,44,40,39,39,39,48,19,61,66,48,48,35,35,0,0],"gold":21,"neow_bonus":"THREE_ENEMY_KILL","is_daily":false,"chose_seed":false,"campfire_upgraded":2,"win_rate":0.0,"timestamp":1611519001,"path_taken":["M","?","?","M","?","E","R","E","T","M","E","?","?","$","R","BOSS","M","M","?","M","?","E"],"items_purchased_type":["Relic","Card","Card","Relic","Card"],"build_version":"2020-12-22","purchased_purges":1,"victory":false,"max_hp_per_floor":[75,75,75,75,75,75,75,75,75,75,75,75,75,75,75,75,75,75,75,75,75,75,75,75],"card_choices":[{"not_picked":["Stack","Redo"],"picked":"Streamline","floor":1.0},{"not_picked":["Steam Power","Redo","Static Discharge"],"picked":"SKIP","floor":4.0},{"not_picked":["Barrage","Tempest"],"picked":"Defragment","floor":6.0},{"not_picked":["Machine Learning","Ball Lightning"],"picked":"Self Repair","floor":8.0},{"not_picked":["Ball Lightning","Compile Driver"],"picked":"Hologram","floor":10.0},{"not_picked":["Redo","Genetic Algorithm"],"picked":"Storm","floor":11.0},{"not_picked":["Hologram","Compile Driver","Leap"],"picked":"SKIP","floor":12.0},{"not_picked":["Hyperbeam","Multi-Cast"],"picked":"Echo Form","floor":16.0},{"not_picked":["Rebound","Stack","Blizzard"],"picked":"SKIP","floor":18.0},{"not_picked":["Rebound","Sweeping Beam"],"picked":"Skim+1","floor":19.0},{"not_picked":["Stack","Conserve Battery+1"],"picked":"Go for the Eyes","floor":21}],"player_experience":889178,"relics_obtained":[{"floor":6.0,"key":"Shuriken"},{"floor":8.0,"key":"Toy Ornithopter"},{"floor":9.0,"key":"Eternal Feather"},{"floor":11.0,"key":"Mummified Hand"}],"event_choices":[{"damage_healed":0.0,"max_hp_gain":0.0,"max_hp_loss":0.0,"gold_gain":74.0,"event_name":"Golden Wing","player_choice":"Gained Gold","floor":2.0,"gold_loss":0.0,"damage_taken":0.0},{"cards_removed":["Strike_B"],"damage_healed":0.0,"max_hp_gain":0.0,"max_hp_loss":0.0,"gold_gain":0.0,"event_name":"The Cleric","player_choice":"Card Removal","floor":3.0,"gold_loss":50.0,"damage_taken":0.0},{"damage_healed":0.0,"max_hp_gain":0.0,"max_hp_loss":0.0,"gold_gain":0.0,"event_name":"Match and Keep!","player_choice":"2 cards matched","floor":5.0,"gold_loss":0.0,"damage_taken":0.0,"cards_obtained":["Discovery","Core Surge"]},{"damage_healed":0.0,"max_hp_gain":0.0,"max_hp_loss":0.0,"gold_gain":175.0,"event_name":"Liars Game","player_choice":"AGREE","floor":13.0,"gold_loss":0.0,"damage_taken":0.0,"cards_obtained":["Doubt"]},{"cards_removed":["Strike_B"],"damage_healed":0.0,"max_hp_gain":0.0,"max_hp_loss":0.0,"gold_gain":0.0,"event_name":"Wheel of Change","player_choice":"Card Removal","floor":20.0,"gold_loss":0.0,"damage_taken":0.0}],"is_beta":false,"boss_relics":[{"not_picked":["SlaversCollar","Busted Crown"],"picked":"Black Star"}],"items_purged_floors":[14],"is_endless":false,"potions_floor_spawned":[4,8,18],"killed_by":"Slavers","ascension_level":9}}