{"host":"2se5dq1do2gp0x9k","time":1611476535,"event":{"mods":["AchievementEnabler","BaseMod","Block Reminder","Colored Map","Colored Powertips","Minty Spire (QoL Compilation)","Relic Stats","StSLib","SuperFastMode"],"gold_per_floor":[118,40,117,127,146,146,173,173,173,204,204,204,232,243,243,319,319,334,259,47,63,75,75,102,102,129,139,166,166,166,176,176,176,176],"floor_reached":33,"language":"ENG","playtime":1103,"items_purged":[],"score":756,"play_id":"c32c2541-b8f0-4537-af62-b9612c2960bd","local_time":"20210124002215","is_ascension_mode":true,"campfire_choices":[{"data":"After Image","floor":6.0,"key":"SMITH"},{"floor":8.0,"key":"REST"},{"floor":15.0,"key":"REST"},{"floor":23.0,"key":"REST"},{"floor":25.0,"key":"REST"},{"data":"Catalyst","floor":29,"key":"SMITH"},{"floor":32,"key":"REST"}],"circlet_count":0,"master_deck":["AscendersBane","Survivor","Neutralize","Dash","After Image+1","Leg Sweep","Blade Dance","Noxious Fumes","Endless Agony","PiercingWail","Blur","Well Laid Plans","Night Terror","Blade Dance","Glass Knife","Corpse Explosion","Die Die Die","Dodge and Roll","Envenom","Deadly Poison","Acrobatics","Sadistic Nature","Blur","Calculated Gamble+1","Accuracy","Catalyst+1","Cloak And Dagger"],"relics":["Ring of the Snake","NeowsBlessing","Letter Opener","PreservedInsect","Nunchaku","Vajra","Pandora\u0027s Box","Bronze Scales","Centennial Puzzle","Shuriken"],"acts_visited":["Exordium","TheCity"],"potions_floor_usage":[28,33],"damage_taken":[{"damage":0.0,"enemies":"Small Slimes","floor":1.0,"turns":1.0},{"damage":0.0,"enemies":"Cultist","floor":4.0,"turns":1.0},{"damage":0.0,"enemies":"2 Louse","floor":5.0,"turns":1.0},{"damage":46.0,"enemies":"Lagavulin","floor":7.0,"turns":14.0},{"damage":0.0,"enemies":"Gremlin Nob","floor":10.0,"turns":3.0},{"damage":8.0,"enemies":"3 Sentries","floor":13.0,"turns":7.0},{"damage":4.0,"enemies":"Red Slaver","floor":14.0,"turns":4.0},{"damage":0.0,"enemies":"The Guardian","floor":16.0,"turns":16.0},{"damage":14.0,"enemies":"Spheric Guardian","floor":18.0,"turns":5.0},{"damage":6.0,"enemies":"Shell Parasite","floor":21.0,"turns":5.0},{"damage":19.0,"enemies":"Cultist and Chosen","floor":22.0,"turns":6.0},{"damage":15.0,"enemies":"Gremlin Leader","floor":24.0,"turns":6.0},{"damage":2,"enemies":"Snecko","floor":27,"turns":5},{"damage":11,"enemies":"Slavers","floor":28,"turns":2},{"damage":26,"enemies":"Snake Plant","floor":31,"turns":4},{"damage":27,"enemies":"Automaton","floor":33,"turns":6}],"seed_played":"8863296077183105940","potions_obtained":[{"floor":1.0,"key":"DuplicationPotion"},{"floor":5.0,"key":"Poison Potion"},{"floor":7.0,"key":"Fire Potion"},{"floor":10.0,"key":"Dexterity Potion"},{"floor":18.0,"key":"DistilledChaos"},{"floor":21.0,"key":"PowerPotion"},{"floor":27,"key":"LiquidMemories"}],"is_trial":false,"path_per_floor":["M","$","?","M","M","R","E","R","T","E","?","?","E","M","R","B",null,"M","?","$","M","M","R","E","R","T","M","E","R","?","M","R","B"],"character_chosen":"THE_SILENT","items_purchased":["After Image","Sadistic Nature"],"campfire_rested":5,"item_purchase_floors":[2,20],"current_hp_per_floor":[59,59,59,59,59,59,13,32,32,32,32,32,24,20,39,39,59,45,45,45,39,20,39,24,43,43,41,30,30,30,4,23,0,0],"gold":176,"neow_bonus":"THREE_ENEMY_KILL","is_daily":false,"chose_seed":false,"campfire_upgraded":2,"win_rate":0.0,"timestamp":1611476535,"path_taken":["M","$","?","M","M","R","E","R","T","E","?","?","E","?","R","BOSS","M","?","$","M","M","R","E","R","T","M","E","R","?","M","R","BOSS"],"items_purchased_type":["Card","Card"],"build_version":"2020-12-22","purchased_purges":0,"victory":false,"max_hp_per_floor":[66,66,66,66,66,66,66,66,66,66,66,66,66,66,66,66,66,66,66,66,66,66,66,66,66,66,66,66,66,66,66,66,66,66],"relic_stats":{"Nunchaku":[12],"Centennial Puzzle":[13],"counters":[16,86],"Shuriken":[5],"Bronze Scales":[54],"Pandora\u0027s Box":["Grand Finale","Blade Dance","Glass Knife","Underhanded Strike","Corpse Explosion","Die Die Die","Dodge and Roll","Envenom","Deadly Poison"],"PreservedInsect":146,"Letter Opener":[55],"obtain_stats":[{"Nunchaku":10,"Centennial Puzzle":26,"NeowsBlessing":0,"Shuriken":28,"Bronze Scales":24,"Vajra":13,"Pandora\u0027s Box":17,"PreservedInsect":9,"Letter Opener":7,"Ring of the Snake":0},{"Nunchaku":5,"Centennial Puzzle":12,"NeowsBlessing":0,"Shuriken":14,"Bronze Scales":12,"Vajra":6,"Pandora\u0027s Box":8,"PreservedInsect":4,"Letter Opener":4,"Ring of the Snake":0},{"Nunchaku":20,"Centennial Puzzle":69,"NeowsBlessing":0,"Shuriken":76,"Bronze Scales":69,"Vajra":27,"Pandora\u0027s Box":47,"PreservedInsect":17,"Letter Opener":17,"Ring of the Snake":0}],"Ring of the Snake":[33]},"card_choices":[{"not_picked":["Dagger Throw","Heel Hook"],"picked":"Dash","floor":1.0},{"not_picked":["PiercingWail","Expertise"],"picked":"Leg Sweep","floor":4.0},{"not_picked":["Poisoned Stab","Distraction"],"picked":"Blade Dance","floor":5.0},{"not_picked":["Sucker Punch","Adrenaline"],"picked":"Noxious Fumes","floor":7.0},{"not_picked":["Underhanded Strike","Skewer"],"picked":"Endless Agony","floor":10.0},{"not_picked":["Quick Slash","Caltrops"],"picked":"Blur","floor":13.0},{"not_picked":["Eviscerate","Masterful Stab","Well Laid Plans"],"picked":"SKIP","floor":14.0},{"not_picked":["Eviscerate","Masterful Stab"],"picked":"Well Laid Plans","floor":14.0},{"not_picked":["Storm of Steel","After Image"],"picked":"Night Terror","floor":16.0},{"not_picked":["Dagger Throw","Backstab"],"picked":"Acrobatics","floor":18.0},{"not_picked":["Quick Slash","Underhanded Strike"],"picked":"Blur","floor":21.0},{"not_picked":["Skewer+1","Concentrate+1"],"picked":"Calculated Gamble+1","floor":22.0},{"not_picked":["Tactician","Flying Knee","Underhanded Strike+1"],"picked":"SKIP","floor":24.0},{"not_picked":["Dodge and Roll","Poisoned Stab"],"picked":"Accuracy","floor":27},{"not_picked":["Backstab+1","After Image"],"picked":"Catalyst","floor":28},{"not_picked":["Acrobatics+1","Dagger Spray"],"picked":"Cloak And Dagger","floor":31}],"player_experience":3958135,"relics_obtained":[{"floor":7.0,"key":"Letter Opener"},{"floor":9.0,"key":"PreservedInsect"},{"floor":10.0,"key":"Nunchaku"},{"floor":13.0,"key":"Vajra"},{"floor":24.0,"key":"Bronze Scales"},{"floor":26.0,"key":"Centennial Puzzle"},{"floor":28,"key":"Shuriken"}],"event_choices":[{"damage_healed":0.0,"max_hp_gain":0.0,"max_hp_loss":0.0,"gold_gain":77.0,"event_name":"Golden Wing","player_choice":"Gained Gold","floor":3.0,"gold_loss":0.0,"damage_taken":0.0},{"damage_healed":0.0,"max_hp_gain":0.0,"max_hp_loss":0.0,"gold_gain":0.0,"event_name":"Liars Game","player_choice":"Ignored","floor":11.0,"gold_loss":0.0,"damage_taken":0.0},{"damage_healed":0.0,"max_hp_gain":0.0,"max_hp_loss":0.0,"gold_gain":0.0,"cards_transformed":["Strike_G"],"event_name":"Transmorgrifier","player_choice":"Transformed","floor":12.0,"gold_loss":0.0,"damage_taken":0.0,"cards_obtained":["PiercingWail"]},{"cards_removed":["Grand Finale"],"damage_healed":0.0,"max_hp_gain":0.0,"max_hp_loss":0.0,"gold_gain":0.0,"event_name":"Beggar","player_choice":"Gave Gold","floor":19.0,"gold_loss":75.0,"damage_taken":0.0},{"cards_removed":["Underhanded Strike"],"damage_healed":0,"gold_gain":0,"player_choice":"Purged","damage_taken":0,"max_hp_gain":0,"max_hp_loss":0,"event_name":"Purifier","floor":30,"gold_loss":0}],"is_beta":false,"boss_relics":[{"not_picked":["Coffee Dripper","Ring of the Serpent"],"picked":"Pandora\u0027s Box"}],"items_purged_floors":[],"is_endless":false,"potions_floor_spawned":[1,5,7,10,14,18,21,27],"killed_by":"Automaton","ascension_level":20}}