{"host":"ppir7fmwqxhicm8z","time":1611477033,"event":{"mods":["Act Like it!","BaseMod","Colored Map","Gensokyo","Minty Spire (QoL Compilation)","Quick Restart","StSLib","The Gatherer"],"gold_per_floor":[114,60,60,60,60,60,89,108,108,108,108,108,108,33,33,131,131,144,144,17,32,45,45,80,80,158,158,108,108,108,108,108,108,108,108],"floor_reached":33,"language":"ZHS","playtime":2133,"items_purged":["Gatherer:Defend_Gatherer"],"score":305,"play_id":"223cecbc-34de-4b44-b1b3-668463e0d671","local_time":"20210124163032","is_ascension_mode":false,"metric_token":533,"campfire_choices":[{"data":"Gatherer:Centralize","floor":11.0,"key":"SMITH"},{"data":"Gatherer:FlowerShield","floor":13.0,"key":"SMITH"},{"data":"Gatherer:FlowerShield+1","floor":15.0,"key":"SMITH"},{"data":"Gatherer:FlowerBeam","floor":23.0,"key":"SMITH"},{"data":"Gatherer:FlowerBeam+1","floor":25.0,"key":"SMITH"},{"data":"Gatherer:FlowerBeam+2","floor":27.0,"key":"SMITH"},{"data":"Gensokyo:MissMary","floor":30.0,"key":"SMITH"},{"data":"Gatherer:FlowerShield+2","floor":32,"key":"SMITH"}],"circlet_count":0,"master_deck":["Gatherer:Strike_Gatherer","Gatherer:Strike_Gatherer","Gatherer:Strike_Gatherer","Gatherer:Strike_Gatherer","Gatherer:Strike_Gatherer","Gatherer:Defend_Gatherer","Gatherer:Defend_Gatherer","Gatherer:Defend_Gatherer","Gatherer:Defend_Gatherer","Gatherer:Centralize+1","Gatherer:FlowerShield+3","Pain","Gensokyo:CrescentMoonSlash","Gatherer:BambuSword","Gatherer:ScentOfRosmari","Clumsy","Gatherer:FinishingStrike","Gatherer:QuickSynthesis+1","Gensokyo:MissMary+1","Gensokyo:BlemishedSteel","Gatherer:GatherMaterial","Gatherer:FlowerBeam+3","Gatherer:MindSearch","Gensokyo:FourOfAKind","Gensokyo:FourOfAKind","Gensokyo:FourOfAKind","Gensokyo:FourOfAKind"],"relics":["Gatherer:AlchemyBag","NeowsBlessing","Gensokyo:PortableGap","Gensokyo:LunaticRedEyes","Gensokyo:CelestialsFlawlessClothing","Gatherer:FlyingFruit","Sundial","Gensokyo:NagashiBinaDoll","Gensokyo:Mercy","Gatherer:ExplorersPath","Potion Belt","Bottled Flame","Gensokyo:RedStar"],"acts_visited":["Exordium","Gensokyo:Gensokyo"],"potions_floor_usage":[],"damage_taken":[{"damage":0.0,"enemies":"Gensokyo:3_Fairies","floor":1.0,"turns":1.0},{"damage":0.0,"enemies":"Gensokyo:Mamizou","floor":7.0,"turns":2.0},{"damage":1.0,"enemies":"Gensokyo:Gryphon","floor":8.0,"turns":1.0},{"damage":91.0,"enemies":"Gensokyo:Yukari","floor":16.0,"turns":14.0},{"damage":14.0,"enemies":"Gensokyo:AngelMirror","floor":18.0,"turns":4.0},{"damage":7.0,"enemies":"Gensokyo:3_Dogs","floor":21.0,"turns":5.0},{"damage":12.0,"enemies":"Gensokyo:Wraith","floor":22.0,"turns":3.0},{"damage":29.0,"enemies":"Gensokyo:Koishi","floor":24.0,"turns":6.0},{"damage":73,"enemies":"Gensokyo:Eternal_Rivals","floor":33,"turns":6}],"seed_played":"5306362317207129053","potions_obtained":[{"floor":16.0,"key":"LiquidBronze"},{"floor":21.0,"key":"Poison Potion"},{"floor":22.0,"key":"GhostInAJar"}],"is_trial":false,"path_per_floor":["M","$","?","?","?","?","E","M","T","?","R","?","R","$","R","B",null,"M","?","COS","M","M","R","E","R","T","R","?","?","R","?","R","B"],"character_chosen":"THE_GATHERER","items_purchased":["Gatherer:FlowerShield"],"campfire_rested":0,"item_purchase_floors":[2],"current_hp_per_floor":[72,72,65,65,49,40,40,39,39,39,39,39,39,39,39,30,69,55,55,55,52,40,40,11,11,11,11,18,18,18,18,18,0,0,0],"gold":108,"neow_bonus":"THREE_ENEMY_KILL","is_daily":false,"chose_seed":false,"campfire_upgraded":8,"win_rate":0.0,"timestamp":1611477032,"path_taken":["M","$","?","?","?","?","E","?","T","?","R","?","R","?","R","BOSS","M","?","COS","M","M","R","E","R","T","R","?","?","R","?","R","BOSS"],"items_purchased_type":["Card"],"build_version":"2020-12-22","purchased_purges":1,"victory":false,"max_hp_per_floor":[72,72,65,65,65,65,65,65,65,65,65,65,65,65,65,69,69,69,63,63,67,67,67,67,67,67,67,74,74,74,52,52,30,30,30],"card_choices":[{"not_picked":["Gatherer:AromaProtection","Gatherer:DrugPower","Gatherer:Snatch"],"picked":"SKIP","floor":1.0},{"not_picked":["Gatherer:Herbalism","Gatherer:CarefulStrike"],"picked":"Gatherer:BambuSword","floor":7.0},{"not_picked":["Gatherer:BalancedGrowth","Gatherer:EnergyBasket"],"picked":"Gatherer:ScentOfRosmari","floor":8.0},{"not_picked":["Gatherer:Photoscythe","Gatherer:ColorfulGarden"],"picked":"Gatherer:FinishingStrike","floor":16.0},{"not_picked":["Gatherer:FlowerPower","Gatherer:AcidicSpray"],"picked":"Gatherer:QuickSynthesis+1","floor":18.0},{"not_picked":["Gensokyo:TurboGranny","Gensokyo:SlitMouthedWoman"],"picked":"Gensokyo:MissMary","floor":19.0},{"not_picked":["Gatherer:FlowerFalling","Gatherer:ScrollOfWall"],"picked":"Gatherer:GatherMaterial","floor":21.0},{"not_picked":["Gatherer:WitheringStrike","Gatherer:GlowingPlant+1"],"picked":"Gatherer:FlowerBeam","floor":22.0},{"not_picked":["Gatherer:CollectorsShot","Gatherer:FragileHammer"],"picked":"Gatherer:MindSearch","floor":24.0}],"player_experience":401674,"relics_obtained":[{"floor":7.0,"key":"Gatherer:FlyingFruit"},{"floor":9.0,"key":"Sundial"},{"floor":24.0,"key":"Bottled Flame"}],"event_choices":[],"is_beta":false,"boss_relics":[{"not_picked":["Ectoplasm","Runic Dome"],"picked":"Gatherer:ExplorersPath"}],"items_purged_floors":[14],"is_endless":false,"potions_floor_spawned":[16,21,22],"killed_by":"Gensokyo:Eternal_Rivals","ascension_level":0}}