{"host":"syozzdlzcqop4jia","time":1611528266,"event":{"mods":["BaseMod","Colored Powertips","Minty Spire (QoL Compilation)","Quick Restart"],"gold_per_floor":[112,180,180,17,0,30,45,45,69,69,127,144,144,69,69,166,166,182,200,218,145,145,145,162,182,209,209,227,259,259,288,288,385,385,402,452,452,469,469,469],"floor_reached":39,"language":"ENG","playtime":2351,"items_purged":["Defend_R"],"score":437,"play_id":"28629a90-55f0-4da7-abb7-4c78b742f33f","local_time":"20210124234426","is_ascension_mode":true,"campfire_choices":[{"data":"Demon Form","floor":8,"key":"SMITH"},{"floor":10,"key":"REST"},{"data":"Heavy Blade","floor":13,"key":"SMITH"},{"data":"Shrug It Off","floor":15,"key":"SMITH"},{"data":"Inflame","floor":23,"key":"SMITH"},{"data":"Double Tap","floor":27,"key":"SMITH"},{"floor":30,"key":"REST"},{"data":"Flex","floor":32,"key":"SMITH"}],"circlet_count":0,"master_deck":["Strike_R","Strike_R","Strike_R","Strike_R","Strike_R","Defend_R","Defend_R","Defend_R","Bash","Clash","Demon Form+1","Twin Strike","Shrug It Off+1","Heavy Blade+1","Anger","Double Tap+1","Carnage","Clothesline+1","Flex+1","Inflame+1","Double Tap","Flex","Armaments","Iron Wave+1","Twin Strike","Berserk+1","Perfected Strike+1","Shrug It Off+1"],"relics":["Black Blood","Happy Flower","Orichalcum","Meat on the Bone","Sozu","Oddly Smooth Stone","Frozen Egg 2","Red Mask","Peace Pipe"],"acts_visited":["Exordium","TheCity","TheBeyond"],"potions_floor_usage":[7,35],"damage_taken":[{"damage":0,"enemies":"Small Slimes","floor":1,"turns":3},{"damage":32,"enemies":"Gremlin Nob","floor":6,"turns":5},{"damage":8,"enemies":"2 Louse","floor":7,"turns":2},{"damage":8,"enemies":"Gremlin Nob","floor":11,"turns":4},{"damage":0,"enemies":"Jaw Worm","floor":12,"turns":3},{"damage":42,"enemies":"The Guardian","floor":16,"turns":5},{"damage":25,"enemies":"Shell Parasite","floor":18,"turns":5},{"damage":6,"enemies":"Chosen","floor":19,"turns":3},{"damage":19,"enemies":"Shelled Parasite and Fungi","floor":20,"turns":6},{"damage":8,"enemies":"Snecko","floor":24,"turns":3},{"damage":11,"enemies":"3 Cultists","floor":25,"turns":4},{"damage":18,"enemies":"Snake Plant","floor":28,"turns":2},{"damage":22,"enemies":"Book of Stabbing","floor":29,"turns":5},{"damage":9,"enemies":"Masked Bandits","floor":31,"turns":4},{"damage":44,"enemies":"Collector","floor":33,"turns":6},{"damage":2,"enemies":"Orb Walker","floor":35,"turns":2},{"damage":40,"enemies":"Mind Bloom Boss Battle","floor":36,"turns":6},{"damage":14,"enemies":"3 Shapes","floor":38,"turns":4},{"damage":68,"enemies":"Spire Growth","floor":39,"turns":4}],"seed_played":"-1453369894247203441","potions_obtained":[{"floor":6,"key":"PowerPotion"},{"floor":12,"key":"ColorlessPotion"}],"is_trial":false,"path_per_floor":["M","?","?","$","?","E","M","R","T","R","?","M","R","$","R","B",null,"M","M","M","$","?","R","M","M","T","R","M","E","R","?","R","B",null,"M","?","?","M","M"],"character_chosen":"IRONCLAD","items_purchased":["Demon Form","Inflame"],"campfire_rested":2,"item_purchase_floors":[4,21],"current_hp_per_floor":[88,88,93,93,93,67,65,65,65,92,90,93,93,93,93,57,93,74,74,61,61,92,92,90,85,85,85,73,57,84,81,81,55,93,93,65,65,63,0,0],"gold":469,"neow_bonus":"TEN_PERCENT_HP_BONUS","is_daily":false,"chose_seed":false,"campfire_upgraded":6,"win_rate":0.0,"timestamp":1611528266,"path_taken":["M","?","?","?","?","E","M","R","T","R","?","M","R","$","R","BOSS","M","M","M","$","?","R","M","M","T","R","M","E","R","?","R","BOSS","M","?","?","M","?"],"items_purchased_type":["Card","Card"],"build_version":"2020-12-22","purchased_purges":1,"victory":false,"max_hp_per_floor":[88,88,93,93,93,93,93,93,93,93,93,93,93,93,93,93,93,93,93,93,93,93,93,93,93,93,93,93,93,93,93,93,93,93,93,93,93,93,93,93],"card_choices":[{"not_picked":["Clothesline","Armaments"],"picked":"Clash","floor":1},{"not_picked":["Headbutt","Second Wind"],"picked":"Twin Strike","floor":6},{"not_picked":["Immolate","Iron Wave"],"picked":"Shrug It Off","floor":7},{"not_picked":["Intimidate","Sword Boomerang"],"picked":"Heavy Blade","floor":11},{"not_picked":["Sever Soul","Shrug It Off"],"picked":"Anger","floor":12},{"not_picked":["Demon Form","Brutality"],"picked":"Double Tap","floor":16},{"not_picked":["Armaments","Cleave"],"picked":"Carnage","floor":18},{"not_picked":["Sentinel","Entrench"],"picked":"Clothesline+1","floor":19},{"not_picked":["Iron Wave","Anger"],"picked":"Flex","floor":20},{"not_picked":["Battle Trance+1","Power Through"],"picked":"Double Tap","floor":24},{"not_picked":["Warcry","Shrug It Off+1"],"picked":"Flex","floor":25},{"not_picked":["Shockwave+1","Searing Blow"],"picked":"Armaments","floor":28},{"not_picked":["Headbutt","Anger"],"picked":"Iron Wave+1","floor":29},{"not_picked":["Thunderclap+1","True Grit+1"],"picked":"Twin Strike","floor":31},{"not_picked":["Barricade+1","Juggernaut+1"],"picked":"Berserk+1","floor":33},{"not_picked":["Shrug It Off","Searing Blow+1"],"picked":"Perfected Strike+1","floor":35},{"not_picked":["Body Slam","Thunderclap"],"picked":"Shrug It Off+1","floor":38}],"player_experience":362071,"relics_obtained":[{"floor":6,"key":"Happy Flower"},{"floor":9,"key":"Orichalcum"},{"floor":11,"key":"Meat on the Bone"},{"floor":26,"key":"Oddly Smooth Stone"},{"floor":29,"key":"Frozen Egg 2"},{"floor":31,"key":"Red Mask"},{"floor":36,"key":"Peace Pipe"}],"event_choices":[{"damage_healed":0,"gold_gain":68,"player_choice":"Gained Gold","damage_taken":0,"max_hp_gain":0,"max_hp_loss":0,"event_name":"Golden Wing","floor":2,"gold_loss":0},{"damage_healed":0,"gold_gain":0,"player_choice":"Donut","damage_taken":0,"max_hp_gain":5,"max_hp_loss":0,"event_name":"Big Fish","floor":3,"gold_loss":0},{"damage_healed":0,"gold_gain":0,"player_choice":"Left Gold","damage_taken":0,"max_hp_gain":0,"max_hp_loss":0,"event_name":"World of Goop","floor":5,"gold_loss":17},{"damage_healed":0,"gold_gain":0,"player_choice":"Searched \u00271\u0027 times","damage_taken":0,"max_hp_gain":0,"max_hp_loss":0,"event_name":"Dead Adventurer","floor":11,"gold_loss":0},{"damage_healed":31,"gold_gain":0,"player_choice":"Heal","damage_taken":0,"max_hp_gain":0,"max_hp_loss":0,"event_name":"The Library","floor":22,"gold_loss":0},{"damage_healed":0,"gold_gain":0,"player_choice":"Fought Bandits","damage_taken":0,"max_hp_gain":0,"max_hp_loss":0,"event_name":"Masked Bandits","floor":31,"gold_loss":0},{"damage_healed":0,"gold_gain":0,"player_choice":"Fight","damage_taken":0,"max_hp_gain":0,"max_hp_loss":0,"event_name":"MindBloom","floor":36,"gold_loss":0},{"damage_healed":0,"gold_gain":0,"player_choice":"Bought 0 Potions","damage_taken":0,"max_hp_gain":0,"max_hp_loss":0,"event_name":"The Woman in Blue","floor":37,"gold_loss":0}],"is_beta":false,"boss_relics":[{"not_picked":["Runic Dome","Pandora\u0027s Box"],"picked":"Sozu"},{"not_picked":["Runic Pyramid","Empty Cage"],"picked":"Black Blood"}],"items_purged_floors":[14],"is_endless":false,"potions_floor_spawned":[6,12,19,24,28,31,33,36],"killed_by":"Spire Growth","ascension_level":2}}