{"host":"srk2drlvga69hbot","time":1611499242,"event":{"mods":["BaseMod","Bestiary","Block Reminder","Colored Map","Colored Powertips","Dark Map","DeckTracker","Highlight Path","Minty Spire (QoL Compilation)","Quick Restart","Rare Cards Sparkle","Relic Stats","SuperFastMode","Unceasing Turn Reminder"],"gold_per_floor":[113,188,204,61,74,103,103,138,161,196,210,64,75,92,92,191,191,205,223,234,245,245,270,1,1,1],"floor_reached":25,"language":"ZHS","playtime":1239,"items_purged":[],"score":343,"play_id":"db847be3-159c-4e29-90a3-fa56bddd5c59","local_time":"20210124224042","is_ascension_mode":true,"campfire_choices":[{"floor":15.0,"key":"REST"}],"circlet_count":0,"master_deck":["Strike_R","Strike_R","Strike_R","Strike_R","Strike_R","Defend_R","Defend_R","Defend_R","Defend_R","Bash","Power Through","Feel No Pain","Dark Embrace+1","Second Wind","Body Slam","Warcry","Reckless Charge","Warcry","Rampage","Wild Strike","Seeing Red","Corruption","Seeing Red+1","Shrug It Off","Wild Strike+1"],"relics":["Burning Blood","NeowsBlessing","Bronze Scales","Red Skull","Pen Nib","Bag of Preparation","Omamori","Cursed Key","Singing Bowl","White Beast Statue","Membership Card","Kunai"],"acts_visited":["Exordium","TheCity"],"potions_floor_usage":[],"damage_taken":[{"damage":0.0,"enemies":"Jaw Worm","floor":1.0,"turns":1.0},{"damage":0.0,"enemies":"Small Slimes","floor":3.0,"turns":1.0},{"damage":0.0,"enemies":"Cultist","floor":5.0,"turns":1.0},{"damage":28.0,"enemies":"3 Sentries","floor":6.0,"turns":10.0},{"damage":29.0,"enemies":"Lagavulin","floor":8.0,"turns":9.0},{"damage":15.0,"enemies":"Gremlin Nob","floor":10.0,"turns":6.0},{"damage":2.0,"enemies":"Exordium Wildlife","floor":11.0,"turns":4.0},{"damage":8.0,"enemies":"Exordium Thugs","floor":13.0,"turns":3.0},{"damage":5.0,"enemies":"Gremlin Gang","floor":14.0,"turns":4.0},{"damage":49.0,"enemies":"The Guardian","floor":16.0,"turns":8.0},{"damage":3.0,"enemies":"3 Byrds","floor":18.0,"turns":3.0},{"damage":30.0,"enemies":"Spheric Guardian","floor":19.0,"turns":4.0},{"damage":6.0,"enemies":"Snake Plant","floor":20.0,"turns":4.0},{"damage":13.0,"enemies":"Chosen and Byrds","floor":21.0,"turns":3.0},{"damage":40.0,"enemies":"Book of Stabbing","floor":23.0,"turns":5.0},{"damage":18,"enemies":"Gremlin Leader","floor":25,"turns":2}],"seed_played":"-8793403515078360689","potions_obtained":[{"floor":3.0,"key":"ColorlessPotion"},{"floor":6.0,"key":"SkillPotion"},{"floor":13.0,"key":"SneckoOil"},{"floor":14.0,"key":"Explosive Potion"},{"floor":16.0,"key":"Fire Potion"},{"floor":20.0,"key":"BloodPotion"},{"floor":21.0,"key":"Regen Potion"}],"is_trial":false,"path_per_floor":["M","?","M","$","M","E","?","E","T","E","M","$","M","M","R","B",null,"M","M","M","M","?","E","$","E"],"character_chosen":"IRONCLAD","items_purchased":["Dark Embrace","Second Wind","Omamori","Membership Card","Kunai"],"campfire_rested":1,"item_purchase_floors":[4,4,12,24,24],"current_hp_per_floor":[78,67,73,73,79,57,57,34,34,25,29,29,27,28,52,9,62,65,41,41,34,34,14,14,0,0],"gold":1,"neow_bonus":"THREE_ENEMY_KILL","is_daily":false,"chose_seed":false,"campfire_upgraded":0,"win_rate":0.0,"timestamp":1611499242,"path_taken":["M","?","M","$","M","E","?","E","T","E","M","?","?","M","R","BOSS","M","M","M","M","?","E","?","E"],"items_purchased_type":["Card","Card","Relic","Relic","Relic"],"build_version":"2020-12-22","purchased_purges":0,"victory":false,"max_hp_per_floor":[80,80,80,80,80,80,80,80,80,80,80,80,80,80,80,80,80,80,80,80,80,80,82,82,82,82],"relic_stats":{"Singing Bowl":2,"counters":[16,68],"Bronze Scales":[193],"Pen Nib":[9],"Bag of Preparation":[20],"Kunai":[1],"Cursed Key":0,"obtain_stats":[{"NeowsBlessing":0,"Singing Bowl":22,"Bronze Scales":6,"Pen Nib":9,"Bag of Preparation":10,"Omamori":12,"Membership Card":24,"Kunai":24,"Cursed Key":17,"Burning Blood":0,"Red Skull":8,"White Beast Statue":23},{"NeowsBlessing":0,"Singing Bowl":14,"Bronze Scales":4,"Pen Nib":5,"Bag of Preparation":6,"Omamori":7,"Membership Card":15,"Kunai":15,"Cursed Key":10,"Burning Blood":0,"Red Skull":5,"White Beast Statue":15},{"NeowsBlessing":0,"Singing Bowl":61,"Bronze Scales":13,"Pen Nib":22,"Bag of Preparation":28,"Omamori":32,"Membership Card":66,"Kunai":66,"Cursed Key":47,"Burning Blood":0,"Red Skull":22,"White Beast Statue":66}],"Burning Blood":90},"card_choices":[{"not_picked":["Headbutt","Havoc"],"picked":"Power Through","floor":1.0},{"not_picked":["Heavy Blade","Ghostly Armor"],"picked":"Feel No Pain","floor":3.0},{"not_picked":["Pommel Strike","Heavy Blade"],"picked":"Body Slam","floor":5.0},{"not_picked":["Intimidate","Combust"],"picked":"Warcry","floor":6.0},{"not_picked":["Carnage","Armaments"],"picked":"Reckless Charge","floor":8.0},{"not_picked":["Disarm","Limit Break"],"picked":"Warcry","floor":10.0},{"not_picked":["Headbutt","Thunderclap"],"picked":"Rampage","floor":11.0},{"not_picked":["Dual Wield","Sword Boomerang"],"picked":"Wild Strike","floor":13.0},{"not_picked":["Heavy Blade","Pommel Strike"],"picked":"Seeing Red","floor":14.0},{"not_picked":["Immolate","Juggernaut"],"picked":"Corruption","floor":16.0},{"not_picked":["Ghostly Armor","Iron Wave"],"picked":"Seeing Red+1","floor":18.0},{"not_picked":["Anger","Flex"],"picked":"Shrug It Off","floor":19.0},{"not_picked":["Anger","Disarm","Iron Wave"],"picked":"SKIP","floor":20.0},{"not_picked":["Body Slam","Sword Boomerang"],"picked":"Wild Strike+1","floor":21.0},{"not_picked":["Intimidate","Headbutt","Infernal Blade"],"picked":"Singing Bowl","floor":23.0}],"player_experience":215587,"relics_obtained":[{"floor":6.0,"key":"Bronze Scales"},{"floor":8.0,"key":"Red Skull"},{"floor":9.0,"key":"Pen Nib"},{"floor":10.0,"key":"Bag of Preparation"},{"floor":23.0,"key":"White Beast Statue"}],"event_choices":[{"damage_healed":0.0,"max_hp_gain":0.0,"max_hp_loss":0.0,"gold_gain":75.0,"event_name":"World of Goop","player_choice":"Gather Gold","floor":2.0,"gold_loss":0.0,"damage_taken":11.0},{"damage_healed":0.0,"max_hp_gain":0.0,"max_hp_loss":0.0,"gold_gain":0.0,"event_name":"Living Wall","player_choice":"Grow","floor":7.0,"gold_loss":0.0,"damage_taken":0.0,"cards_upgraded":["Dark Embrace"]},{"damage_healed":0.0,"max_hp_gain":0.0,"max_hp_loss":0.0,"gold_gain":0.0,"event_name":"WeMeetAgain","player_choice":"Gave Potion","floor":22.0,"gold_loss":0.0,"damage_taken":0.0,"relics_obtained":["Singing Bowl"]}],"is_beta":false,"boss_relics":[{"not_picked":["Runic Dome","Runic Pyramid"],"picked":"Cursed Key"}],"items_purged_floors":[],"is_endless":false,"potions_floor_spawned":[3,6,13,14,16,20,21],"killed_by":"Gremlin Leader","ascension_level":8}}