{"host":"bhbf7zxbh2qxgvbr","time":1611477306,"event":{"mods":["BaseMod","Chen","Friendly Minions","Marisa£®ÏF”Í°°ƒß¿Ì…≥£©","Minty Spire (QoL Compilation)","Quick Restart","Reimu£®≤©¿ˆ¡È√Œ£©","Remilia£®¿Ÿ√◊¿Ú—«£©","StSLib","The Administrix","The Servant 0.9.4","Youmu£®ªÍ∆«—˝√Œ£©","vexMod"],"gold_per_floor":[109,59,59,36,36,70,70,110,110,135,60,73,96,96,96,221,221,244,244,71,89,89,113,157,178,254,269,269,294,294,310,310,310,310],"floor_reached":33,"language":"ZHS","playtime":954,"items_purged":["Defend_MRS","Strike_MRS"],"score":374,"play_id":"631575e4-3295-479b-874e-b5c97ee06bc3","local_time":"20210124163506","is_ascension_mode":true,"campfire_choices":[{"data":"MagicChant","floor":7.0,"key":"SMITH"},{"data":"GasGiant","floor":15.0,"key":"SMITH"},{"floor":28,"key":"REST"},{"floor":30,"key":"REST"},{"data":"BinaryStars","floor":32,"key":"SMITH"}],"circlet_count":0,"master_deck":["Strike_MRS","Strike_MRS","Defend_MRS","Defend_MRS","MasterSpark","UpSweep","WitchLeyline","ShootingEcho+1","MagicChant+1","GasGiant+1","MaximisePower","ChargingUp+1","BinaryStars+1","MeteoricShower","SuperPerseids","WitchLeyline","WitchLeyline+1","SuperPerseids","MagicAbsorber"],"relics":["MiniHakkero","NeowsBlessing","Golden Idol","Ancient Tea Set","Mercury Hourglass","Matryoshka","vexMod:InvisibilityCloak","Boot","vexMod:TanglingVine","Ginger","Happy Flower","HandmadeGrimoire"],"acts_visited":["Exordium","TheCity"],"potions_floor_usage":[27],"damage_taken":[{"damage":0.0,"enemies":"Jaw Worm","floor":1.0,"turns":1.0},{"damage":0.0,"enemies":"3 Sentries","floor":6.0,"turns":1.0},{"damage":0.0,"enemies":"Gremlin Nob","floor":8.0,"turns":1.0},{"damage":0.0,"enemies":"Small Slimes","floor":10.0,"turns":2.0},{"damage":0.0,"enemies":"Cultist","floor":12.0,"turns":2.0},{"damage":24.0,"enemies":"Hexaghost","floor":16.0,"turns":7.0},{"damage":16.0,"enemies":"Shell Parasite","floor":18.0,"turns":4.0},{"damage":0.0,"enemies":"3 Byrds","floor":21.0,"turns":3.0},{"damage":11.0,"enemies":"3 Cultists","floor":23.0,"turns":4.0},{"damage":47.0,"enemies":"Book of Stabbing","floor":24.0,"turns":4.0},{"damage":0.0,"enemies":"Shelled Parasite and Fungi","floor":25.0,"turns":2.0},{"damage":0,"enemies":"Snake Plant","floor":27,"turns":1},{"damage":12,"enemies":"Chosen and Byrds","floor":29,"turns":2},{"damage":0,"enemies":"3 Cultists","floor":31,"turns":3},{"damage":38,"enemies":"Collector","floor":33,"turns":5}],"seed_played":"5331710530635172764","potions_obtained":[{"floor":6.0,"key":"LiquidBronze"},{"floor":10.0,"key":"PowerPotion"},{"floor":12.0,"key":"BlessingOfTheForge"},{"floor":23.0,"key":"ZuzhouPotion:ReiMu"},{"floor":24.0,"key":"Fire Potion"},{"floor":27,"key":"Strength Potion"},{"floor":29,"key":"Energy Potion"}],"is_trial":false,"path_per_floor":["M","?","?","$","?","E","R","E","T","M","$","M","T","$","R","B",null,"M","?","$","M","?","M","E","M","T","M","R","M","R","M","R","B"],"character_chosen":"MARISA","items_purchased":["ShootingEcho","SuperPerseids"],"campfire_rested":2,"item_purchase_floors":[4,20],"current_hp_per_floor":[75,75,57,57,57,57,57,57,57,57,57,57,57,57,57,33,75,59,59,59,59,59,48,1,1,1,1,23,11,33,33,33,0,0],"gold":310,"neow_bonus":"THREE_ENEMY_KILL","is_daily":false,"chose_seed":false,"campfire_upgraded":3,"win_rate":0.0,"timestamp":1611477306,"path_taken":["M","?","?","$","?","E","R","E","T","M","$","?","?","?","R","BOSS","M","?","$","?","?","M","E","M","T","M","R","?","R","M","R","BOSS"],"items_purchased_type":["Card","Card"],"build_version":"2020-12-22","purchased_purges":2,"victory":false,"max_hp_per_floor":[75,75,75,75,75,75,75,75,75,75,75,75,75,75,75,75,75,75,75,75,75,75,75,75,75,75,75,75,75,75,75,75,75,75],"card_choices":[{"not_picked":["MysteriousBeam","6A"],"picked":"WitchLeyline","floor":1.0},{"not_picked":["ManaRampage","RefractionSpark"],"picked":"MagicChant","floor":6.0},{"not_picked":["GalacticHalo","GrandCross"],"picked":"GasGiant","floor":8.0},{"not_picked":["GrandCross","MysteriousBeam","DragonMeteor"],"picked":"SKIP","floor":10.0},{"not_picked":["Acceleration","MilkyWay","NonDirectionalLaser"],"picked":"SKIP","floor":12.0},{"not_picked":["JA","CollectingQuirk"],"picked":"MaximisePower","floor":16.0},{"not_picked":["MachineGunSpark","ChargeUpSpray+1"],"picked":"ChargingUp+1","floor":18.0},{"not_picked":["EarthLightRay+1","ManaConvection","AsteroidBelt"],"picked":"SKIP","floor":21.0},{"not_picked":["OortCloud","NonDirectionalLaser"],"picked":"WitchLeyline","floor":23.0},{"not_picked":["MeteoricShower","6A+1"],"picked":"WitchLeyline+1","floor":24.0},{"not_picked":["NonDirectionalLaser","MilkyWay","SporeBomb"],"picked":"SKIP","floor":25.0},{"not_picked":["DeepEcoloBomb","OortCloud"],"picked":"SuperPerseids","floor":27},{"not_picked":["Robbery+1","OrrerysSun"],"picked":"MagicAbsorber","floor":29},{"not_picked":["BigCrunch","DarkSpark","GrandCross+1"],"picked":"SKIP","floor":31}],"player_experience":369655,"relics_obtained":[{"floor":6.0,"key":"Ancient Tea Set"},{"floor":8.0,"key":"Mercury Hourglass"},{"floor":9.0,"key":"Matryoshka"},{"floor":13.0,"key":"vexMod:InvisibilityCloak"},{"floor":13.0,"key":"Boot"},{"floor":24.0,"key":"Ginger"},{"floor":26.0,"key":"Happy Flower"},{"floor":26.0,"key":"HandmadeGrimoire"}],"event_choices":[{"cards_removed":["Strike_MRS"],"damage_healed":0.0,"max_hp_gain":0.0,"max_hp_loss":0.0,"gold_gain":0.0,"event_name":"The Cleric","player_choice":"Card Removal","floor":2.0,"gold_loss":50.0,"damage_taken":0.0},{"damage_healed":0.0,"max_hp_gain":0.0,"max_hp_loss":0.0,"gold_gain":0.0,"event_name":"Golden Idol","player_choice":"Take Damage","floor":3.0,"gold_loss":0.0,"damage_taken":18.0,"relics_obtained":["Golden Idol"]},{"damage_healed":0.0,"max_hp_gain":0.0,"max_hp_loss":0.0,"gold_gain":0.0,"event_name":"Accursed Blacksmith","player_choice":"Forge","floor":5.0,"gold_loss":0.0,"damage_taken":0.0,"cards_upgraded":["ShootingEcho"]},{"damage_healed":0.0,"max_hp_gain":0.0,"max_hp_loss":0.0,"gold_gain":0.0,"event_name":"Match and Keep!","player_choice":"2 cards matched","floor":19.0,"gold_loss":0.0,"damage_taken":0.0,"cards_obtained":["BinaryStars","MeteoricShower"]},{"cards_removed":["Defend_MRS"],"damage_healed":0.0,"max_hp_gain":0.0,"max_hp_loss":0.0,"gold_gain":0.0,"event_name":"Purifier","player_choice":"Purged","floor":22.0,"gold_loss":0.0,"damage_taken":0.0}],"is_beta":false,"boss_relics":[{"not_picked":["Busted Crown","Velvet Choker"],"picked":"vexMod:TanglingVine"}],"items_purged_floors":[11,20],"is_endless":false,"potions_floor_spawned":[6,10,12,23,24,27,29],"killed_by":"Collector","ascension_level":3}}