{"host":"d9m9v0h6vo0edadb","time":1611504172,"event":{"mods":["BaseMod","Hermit","Keyboard Shortcuts","Minty Spire (QoL Compilation)","StSLib","SuperFastMode","The Cursed"],"gold_per_floor":[110,35,47,65,85,85,97,118,171,202,102,102,121,121,121,196,196,206,1,11,23,23,23,23,23,23,23,41,41,60,70,70,144,144,164,14,34,51,66,66,97,97,97,97,116,116,143,143,143,143,143],"floor_reached":50,"language":"KOR","playtime":792,"items_purged":["Strike_G","Strike_G","Strike_G","Skewer+1"],"score":1152,"play_id":"48967878-2bb7-4736-9fd5-ac3061911a70","local_time":"20210125010252","is_ascension_mode":true,"campfire_choices":[{"data":"Prepared","floor":6.0,"key":"SMITH"},{"data":"Blade Dance","floor":15.0,"key":"SMITH"},{"data":"Blade Dance","floor":23.0,"key":"SMITH"},{"data":"Adrenaline","floor":29.0,"key":"SMITH"},{"data":"Neutralize","floor":32.0,"key":"SMITH"},{"data":"Acrobatics","floor":42.0,"key":"SMITH"},{"data":"Burst","floor":44.0,"key":"SMITH"},{"data":"Survivor","floor":49,"key":"SMITH"}],"circlet_count":0,"master_deck":["AscendersBane","Defend_G","Defend_G","Defend_G","Defend_G","Survivor+1","Neutralize+1","Blade Dance+1","Blade Dance+1","Prepared+1","Accuracy+1","Infinite Blades","Adrenaline+1","Reflex+1","Noxious Fumes+1","Accuracy+1","Burst+1","Acrobatics+1"],"relics":["Ring of the Snake","Odd Mushroom","MealTicket","Meat on the Bone","Astrolabe","Darkstone Periapt","HoveringKite","Blood Vial","Bottled Lightning","Pantograph"],"acts_visited":["Exordium","TheCity","TheBeyond"],"potions_floor_usage":[48],"damage_taken":[{"damage":3.0,"enemies":"Cultist","floor":1.0,"turns":4.0},{"damage":0.0,"enemies":"2 Louse","floor":3.0,"turns":4.0},{"damage":1.0,"enemies":"Jaw Worm","floor":4.0,"turns":2.0},{"damage":4.0,"enemies":"3 Louse","floor":5.0,"turns":4.0},{"damage":6.0,"enemies":"Blue Slaver","floor":7.0,"turns":5.0},{"damage":12.0,"enemies":"The Mushroom Lair","floor":8.0,"turns":3.0},{"damage":34.0,"enemies":"Lagavulin","floor":10.0,"turns":7.0},{"damage":1.0,"enemies":"Looter","floor":13.0,"turns":4.0},{"damage":21.0,"enemies":"Slime Boss","floor":16.0,"turns":10.0},{"damage":9.0,"enemies":"2 Thieves","floor":18.0,"turns":3.0},{"damage":0.0,"enemies":"Chosen","floor":20.0,"turns":3.0},{"damage":20.0,"enemies":"Snecko","floor":21.0,"turns":4.0},{"damage":0.0,"enemies":"Slavers","floor":24.0,"turns":1.0},{"damage":8.0,"enemies":"Snake Plant","floor":28.0,"turns":3.0},{"damage":14.0,"enemies":"Centurion and Healer","floor":30.0,"turns":4.0},{"damage":10.0,"enemies":"Cultist and Chosen","floor":31.0,"turns":4.0},{"damage":16.0,"enemies":"Automaton","floor":33.0,"turns":4.0},{"damage":26.0,"enemies":"3 Darklings","floor":35.0,"turns":4.0},{"damage":0.0,"enemies":"Orb Walker","floor":37.0,"turns":1.0},{"damage":0.0,"enemies":"4 Shapes","floor":38.0,"turns":1.0},{"damage":0.0,"enemies":"Transient","floor":39.0,"turns":6.0},{"damage":1.0,"enemies":"Giant Head","floor":41.0,"turns":4.0},{"damage":22.0,"enemies":"Writhing Mass","floor":45.0,"turns":4.0},{"damage":0.0,"enemies":"Nemesis","floor":47.0,"turns":3.0},{"damage":0,"enemies":"4 Shapes","floor":48,"turns":1},{"damage":82,"enemies":"Awakened One","floor":50,"turns":2}],"seed_played":"-1911766654493118508","potions_obtained":[{"floor":1.0,"key":"Ancient Potion"},{"floor":5.0,"key":"SmokeBomb"},{"floor":21.0,"key":"CultistPotion"},{"floor":28.0,"key":"LiquidMemories"},{"floor":33.0,"key":"SmokeBomb"},{"floor":38.0,"key":"Regen Potion"}],"is_trial":false,"path_per_floor":["M","$","M","M","M","R","M","?","T","E","$","?","M","?","R","B",null,"M","$","M","M","?","R","E","$","T","T","M","R","M","M","R","B",null,"M","$","M","M","M","?","E","R","T","R","M","$","E","M","R","B"],"character_chosen":"THE_SILENT","items_purchased":["Accuracy"],"campfire_rested":0,"item_purchase_floors":[19],"current_hp_per_floor":[62,62,62,61,57,57,51,39,39,5,20,20,31,31,31,22,60,51,66,66,46,46,46,46,61,61,61,53,53,39,41,41,37,63,37,52,52,52,52,52,51,51,51,51,43,58,60,62,62,0,0],"gold":143,"neow_bonus":"TEN_PERCENT_HP_BONUS","is_daily":false,"chose_seed":false,"campfire_upgraded":8,"win_rate":0.0,"timestamp":1611504172,"path_taken":["M","$","M","M","M","R","M","?","T","E","$","?","M","?","R","BOSS","M","$","?","M","?","R","E","?","T","?","M","R","M","M","R","BOSS","M","$","M","M","M","?","E","R","T","R","M","$","E","M","R","BOSS"],"items_purchased_type":["Card"],"build_version":"2020-12-22","purchased_purges":4,"victory":false,"max_hp_per_floor":[72,72,72,72,72,72,72,72,72,72,72,72,72,72,72,72,72,72,72,72,72,72,72,72,72,72,72,72,72,72,72,72,72,72,72,72,72,72,72,72,72,72,72,72,72,72,72,72,72,72,72],"card_choices":[{"not_picked":["All Out Attack","Quick Slash"],"picked":"Blade Dance","floor":1.0},{"not_picked":["Poisoned Stab","Outmaneuver"],"picked":"Blade Dance","floor":3.0},{"not_picked":["Deflect","Heel Hook","Catalyst"],"picked":"SKIP","floor":4.0},{"not_picked":["Flying Knee","Sucker Punch"],"picked":"Prepared","floor":5.0},{"not_picked":["Poisoned Stab","Dodge and Roll"],"picked":"Accuracy","floor":7.0},{"not_picked":["Leg Sweep","A Thousand Cuts","Blur"],"picked":"SKIP","floor":10.0},{"not_picked":["Outmaneuver","Backflip"],"picked":"Infinite Blades","floor":13.0},{"not_picked":["Bullet Time","Wraith Form v2"],"picked":"Adrenaline","floor":16.0},{"not_picked":["Sucker Punch","Poisoned Stab","Bane+1"],"picked":"SKIP","floor":18.0},{"not_picked":["Infinite Blades","Sucker Punch","Prepared"],"picked":"SKIP","floor":20.0},{"not_picked":["Bane","Skewer"],"picked":"Burst","floor":21.0},{"not_picked":["Distraction","Outmaneuver","Blade Dance"],"picked":"SKIP","floor":28.0},{"not_picked":["Flying Knee","Blade Dance","Prepared"],"picked":"SKIP","floor":30.0},{"not_picked":["All Out Attack","Sucker Punch","Blade Dance"],"picked":"SKIP","floor":31.0},{"not_picked":["Distraction","Dagger Spray","Bouncing Flask"],"picked":"SKIP","floor":35.0},{"not_picked":["Endless Agony","Prepared"],"picked":"Acrobatics","floor":37.0},{"not_picked":["Caltrops","Footwork","Noxious Fumes"],"picked":"SKIP","floor":38.0},{"not_picked":["Dagger Throw","Calculated Gamble","Blade Dance"],"picked":"SKIP","floor":39.0},{"not_picked":["Blade Dance+1","Deadly Poison","Dagger Spray"],"picked":"SKIP","floor":41.0},{"not_picked":["Skewer","Eviscerate","Bane"],"picked":"SKIP","floor":45.0},{"not_picked":["Night Terror","Underhanded Strike","Predator"],"picked":"SKIP","floor":47.0}],"player_experience":989774,"relics_obtained":[{"floor":8.0,"key":"Odd Mushroom"},{"floor":9.0,"key":"MealTicket"},{"floor":10.0,"key":"Meat on the Bone"},{"floor":27.0,"key":"Darkstone Periapt"},{"floor":41.0,"key":"Blood Vial"},{"floor":43.0,"key":"Bottled Lightning"},{"floor":47.0,"key":"Pantograph"}],"event_choices":[{"damage_healed":0.0,"max_hp_gain":0.0,"max_hp_loss":0.0,"gold_gain":0.0,"event_name":"Mushrooms","player_choice":"Fought Mushrooms","floor":8.0,"gold_loss":0.0,"damage_taken":0.0},{"damage_healed":0.0,"max_hp_gain":0.0,"max_hp_loss":0.0,"gold_gain":0.0,"event_name":"Dead Adventurer","player_choice":"Searched \u00270\u0027 times","floor":12.0,"gold_loss":0.0,"damage_taken":0.0},{"damage_healed":0.0,"max_hp_gain":0.0,"max_hp_loss":0.0,"gold_gain":0.0,"event_name":"Upgrade Shrine","player_choice":"Upgraded","floor":14.0,"gold_loss":0.0,"damage_taken":0.0,"cards_upgraded":["Accuracy"]},{"damage_healed":0.0,"max_hp_gain":0.0,"max_hp_loss":0.0,"gold_gain":0.0,"event_name":"Accursed Blacksmith","player_choice":"Forge","floor":22.0,"gold_loss":0.0,"damage_taken":0.0,"cards_upgraded":["Accuracy"]},{"damage_healed":0.0,"max_hp_gain":0.0,"max_hp_loss":0.0,"gold_gain":0.0,"event_name":"Mysterious Sphere","player_choice":"Ignored","floor":40.0,"gold_loss":0.0,"damage_taken":0.0}],"is_beta":false,"boss_relics":[{"not_picked":["WristBlade","Ectoplasm"],"picked":"Astrolabe"},{"not_picked":["Philosopher\u0027s Stone","Velvet Choker"],"picked":"HoveringKite"}],"items_purged_floors":[2,11,19,36],"is_endless":false,"potions_floor_spawned":[1,5,16,20,21,28,30,33,38,47,48],"killed_by":"Awakened One","ascension_level":20}}