{"host":"4pckc3u5mqcilakq","time":1611527484,"event":{"mods":["AchievementEnabler","BaseMod","Colored Map","Colored Powertips","Highlight Path","Minty Spire (QoL Compilation)"],"gold_per_floor":[114,114,41,51,126,157,176,176,201,201,212,231,104,139,139,236,236,256,256,181,262,272,297,317,332,358,358,358,370,370,396,396,498,498,509,528,528,246,246,275,275,305,360,360,360],"floor_reached":44,"language":"ENG","playtime":2068,"items_purged":["Corruption","Strike_R"],"score":676,"play_id":"0ecf2a62-c071-40bf-8386-b488d5cc1a49","local_time":"20210125013124","is_ascension_mode":true,"campfire_choices":[{"data":"Demon Form","floor":8,"key":"SMITH"},{"data":"Bash","floor":10,"key":"SMITH"},{"data":"Heavy Blade","floor":15,"key":"SMITH"},{"floor":27,"key":"REST"},{"floor":30,"key":"REST"},{"data":"Barricade","floor":32,"key":"SMITH"},{"data":"Metallicize","floor":41,"key":"SMITH"}],"circlet_count":0,"master_deck":["Strike_R+1","Strike_R+1","Strike_R","Defend_R","Defend_R","Defend_R","Bash+1","Metallicize","Barricade+1","Infernal Blade","Demon Form+1","Heavy Blade+1","Thunderclap","Impervious","Metallicize+1","Sword Boomerang","Reaper","Pummel","Shockwave","Brutality"],"relics":["Black Blood","NeowsBlessing","Whetstone","Smiling Mask","Lantern","Philosopher\u0027s Stone","Vajra","Bag of Marbles","Pantograph","Blue Candle","Spirit Poop","Membership Card","Anchor","Blood Vial","Potion Belt","Du-Vu Doll","Juzu Bracelet"],"acts_visited":["Exordium","TheCity","TheBeyond"],"potions_floor_usage":[23,23,23,23,24,25,31,31,42,44,44,44],"damage_taken":[{"damage":0,"enemies":"2 Louse","floor":1,"turns":1},{"damage":0,"enemies":"Jaw Worm","floor":4,"turns":1},{"damage":0,"enemies":"Lagavulin","floor":6,"turns":1},{"damage":0,"enemies":"Small Slimes","floor":7,"turns":2},{"damage":15,"enemies":"Exordium Thugs","floor":11,"turns":5},{"damage":16,"enemies":"3 Louse","floor":12,"turns":3},{"damage":20,"enemies":"Gremlin Nob","floor":14,"turns":5},{"damage":16,"enemies":"Hexaghost","floor":16,"turns":9},{"damage":24,"enemies":"Spheric Guardian","floor":18,"turns":6},{"damage":26,"enemies":"Shell Parasite","floor":22,"turns":7},{"damage":44,"enemies":"Slavers","floor":23,"turns":7},{"damage":40,"enemies":"Centurion and Healer","floor":24,"turns":6},{"damage":40,"enemies":"Shelled Parasite and Fungi","floor":25,"turns":6},{"damage":27,"enemies":"Snake Plant","floor":29,"turns":4},{"damage":33,"enemies":"Gremlin Leader","floor":31,"turns":6},{"damage":71,"enemies":"Champ","floor":33,"turns":8},{"damage":38,"enemies":"3 Darklings","floor":35,"turns":9},{"damage":11,"enemies":"Orb Walker","floor":36,"turns":3},{"damage":69,"enemies":"Reptomancer","floor":40,"turns":8},{"damage":58,"enemies":"Nemesis","floor":42,"turns":9},{"damage":40,"enemies":"Reptomancer","floor":44,"turns":3}],"seed_played":"5634004077653519194","potions_obtained":[{"floor":7,"key":"EntropicBrew"},{"floor":11,"key":"Energy Potion"},{"floor":12,"key":"ColorlessPotion"},{"floor":14,"key":"Explosive Potion"},{"floor":23,"key":"Regen Potion"},{"floor":25,"key":"LiquidBronze"},{"floor":29,"key":"PowerPotion"},{"floor":31,"key":"Explosive Potion"},{"floor":36,"key":"ElixirPotion"},{"floor":42,"key":"DuplicationPotion"}],"is_trial":false,"path_per_floor":["M","?","$","M","?","E","M","R","T","R","M","M","$","E","R","B",null,"M","?","?","T","M","E","M","M","T","R","?","M","R","E","R","B",null,"M","M","?","$","T","E","R","E","T","E"],"character_chosen":"IRONCLAD","items_purchased":["Barricade","Metallicize","Membership Card","Anchor"],"campfire_rested":2,"item_purchase_floors":[3,13,38,38],"current_hp_per_floor":[80,80,80,80,69,75,80,80,80,80,71,61,61,47,47,37,80,72,72,72,72,66,50,36,9,9,33,33,19,43,60,60,15,80,80,80,80,80,80,23,23,13,13,0,0],"gold":360,"neow_bonus":"THREE_ENEMY_KILL","is_daily":false,"chose_seed":false,"campfire_upgraded":5,"win_rate":0.0,"timestamp":1611527484,"path_taken":["M","?","$","M","?","E","M","R","T","R","M","M","$","E","R","BOSS","M","?","?","?","M","E","M","?","T","R","?","M","R","E","R","BOSS","M","M","?","$","?","E","R","E","T","E"],"items_purchased_type":["Card","Card","Relic","Relic"],"build_version":"2020-12-22","purchased_purges":2,"victory":false,"max_hp_per_floor":[80,80,80,80,80,80,80,80,80,80,80,80,80,80,80,80,80,80,80,80,80,80,80,80,80,80,80,80,80,80,80,80,80,80,80,80,80,80,80,80,80,80,80,80,80],"card_choices":[{"not_picked":["Twin Strike","Anger"],"picked":"Metallicize","floor":1},{"not_picked":["Havoc","Perfected Strike"],"picked":"Infernal Blade","floor":4},{"not_picked":["Bloodletting","Blood for Blood"],"picked":"Demon Form","floor":6},{"not_picked":["Flex","Sever Soul"],"picked":"Heavy Blade","floor":7},{"not_picked":["Warcry","Flex"],"picked":"Thunderclap","floor":11},{"not_picked":["Warcry","True Grit"],"picked":"Impervious","floor":12},{"not_picked":["Twin Strike","Disarm"],"picked":"Sword Boomerang","floor":14},{"not_picked":["Bludgeon","Brutality"],"picked":"Reaper","floor":16},{"not_picked":["Armaments","Fire Breathing","Evolve"],"picked":"SKIP","floor":18},{"not_picked":["Sword Boomerang","Sever Soul","Bloodletting"],"picked":"SKIP","floor":22},{"not_picked":["Inflame+1","Dark Embrace","Thunderclap"],"picked":"SKIP","floor":23},{"not_picked":["Havoc+1","Headbutt","Whirlwind"],"picked":"SKIP","floor":24},{"not_picked":["Anger+1","True Grit"],"picked":"Shockwave","floor":25},{"not_picked":["Shockwave+1","Rage","Armaments"],"picked":"SKIP","floor":29},{"not_picked":["Burning Pact+1","Power Through","Headbutt"],"picked":"SKIP","floor":31},{"not_picked":["Corruption","Fiend Fire"],"picked":"Brutality","floor":33},{"not_picked":["Twin Strike","Pommel Strike","Heavy Blade"],"picked":"SKIP","floor":35},{"not_picked":["Perfected Strike","Clash","Sword Boomerang"],"picked":"SKIP","floor":36},{"not_picked":["Fire Breathing","Blood for Blood","Thunderclap"],"picked":"SKIP","floor":40},{"not_picked":["Shockwave","Reckless Charge+1","Rage+1"],"picked":"SKIP","floor":42}],"player_experience":189175,"relics_obtained":[{"floor":6,"key":"Whetstone"},{"floor":9,"key":"Smiling Mask"},{"floor":14,"key":"Lantern"},{"floor":23,"key":"Vajra"},{"floor":26,"key":"Bag of Marbles"},{"floor":31,"key":"Blue Candle"},{"floor":39,"key":"Blood Vial"},{"floor":40,"key":"Potion Belt"},{"floor":42,"key":"Du-Vu Doll"},{"floor":43,"key":"Juzu Bracelet"}],"event_choices":[{"damage_healed":0,"gold_gain":0,"cards_transformed":["Defend_R"],"player_choice":"Change","damage_taken":0,"max_hp_gain":0,"max_hp_loss":0,"event_name":"Living Wall","floor":2,"gold_loss":0,"cards_obtained":["Corruption"]},{"damage_healed":0,"gold_gain":75,"player_choice":"Gather Gold","damage_taken":11,"max_hp_gain":0,"max_hp_loss":0,"event_name":"World of Goop","floor":5,"gold_loss":0},{"damage_healed":0,"gold_gain":0,"player_choice":"Read","damage_taken":0,"max_hp_gain":0,"max_hp_loss":0,"event_name":"The Library","floor":19,"gold_loss":0,"cards_obtained":["Pummel"]},{"cards_removed":["Strike_R"],"damage_healed":0,"gold_gain":0,"player_choice":"Gave Gold","damage_taken":0,"max_hp_gain":0,"max_hp_loss":0,"event_name":"Beggar","floor":20,"gold_loss":75},{"damage_healed":0,"gold_gain":0,"player_choice":"Opened","damage_taken":0,"relics_obtained":["Pantograph"],"max_hp_gain":0,"max_hp_loss":0,"event_name":"The Mausoleum","floor":28,"gold_loss":0,"cards_obtained":["Writhe"]},{"cards_removed":["Writhe"],"damage_healed":0,"gold_gain":0,"player_choice":"Offered Curse","damage_taken":0,"relics_obtained":["Spirit Poop"],"max_hp_gain":0,"max_hp_loss":0,"event_name":"Bonfire Elementals","floor":37,"gold_loss":0}],"is_beta":false,"boss_relics":[{"not_picked":["Calling Bell","Empty Cage"],"picked":"Philosopher\u0027s Stone"},{"not_picked":["SacredBark","Fusion Hammer"],"picked":"Black Blood"}],"items_purged_floors":[13,38],"is_endless":false,"potions_floor_spawned":[7,11,12,14,23,25,29,31,36,42],"killed_by":"Reptomancer","ascension_level":4}}