{"host":"gtv41eena9h15rk5","time":1611480937,"event":{"mods":["BaseMod","Colored Powertips","Downfall","Marisa£®ÏF”Í°°ƒß¿Ì…≥£©","Minty Spire (QoL Compilation)","Replay The Spire","Shop Mod","StSLib","The Bug Knight","The Construct","The Cursed","The Runesmith","The Servant 0.9.4","[IsaacMod]“‘»ˆº‚À˛"],"gold_per_floor":[109,109,109,0,19,44,44,56,56,56,73,83,112,123,123,123,123],"floor_reached":16,"language":"ZHS","playtime":493,"items_purged":[],"score":168,"play_id":"a58002f8-8d52-40a9-a917-648049715c9b","local_time":"20210124173537","is_ascension_mode":true,"campfire_choices":[{"data":"Carnage","floor":15.0,"key":"SMITH"}],"circlet_count":0,"master_deck":["Strike_R","Strike_R","Strike_R","Strike_R","Strike_R","Defend_R","Defend_R","Defend_R","Defend_R","Bash+1","SuicideKing","Cleave","Ghostly Armor","Carnage+1"],"relics":["Burning Blood","HushsDoor","MaYiHuaBei","construct:FoamFinger","MerchantsRug","Kunai","Oddly Smooth Stone","DeathBook","D6"],"acts_visited":["Exordium"],"potions_floor_usage":[],"damage_taken":[{"damage":8.0,"enemies":"Jaw Worm","floor":1.0,"turns":4.0},{"damage":3.0,"enemies":"2 Louse","floor":5.0,"turns":3.0},{"damage":15.0,"enemies":"Gremlin Nob","floor":6.0,"turns":4.0},{"damage":0.0,"enemies":"Small Slimes","floor":8.0,"turns":3.0},{"damage":4.0,"enemies":"2 Fungi Beasts","floor":12.0,"turns":3.0},{"damage":40.0,"enemies":"Lagavulin","floor":13.0,"turns":5.0},{"damage":2.0,"enemies":"Blue Slaver","floor":14.0,"turns":2.0},{"damage":44,"enemies":"Slime Boss","floor":16,"turns":5}],"seed_played":"1133917937871413440","potions_obtained":[{"floor":5.0,"key":"Fruit Juice"},{"floor":6.0,"key":"BlessingOfTheForge"}],"is_trial":false,"path_per_floor":["M","?","?","$","M","E","?","M","T","?","$","M","E","M","R","B"],"character_chosen":"IRONCLAD","items_purchased":["MerchantsRug"],"campfire_rested":0,"item_purchase_floors":[4],"current_hp_per_floor":[78,78,75,75,83,74,59,65,65,70,70,72,38,42,42,0,0],"gold":123,"neow_bonus":"TEN_PERCENT_HP_BONUS","is_daily":false,"chose_seed":false,"campfire_upgraded":1,"win_rate":0.0,"timestamp":1611480937,"path_taken":["M","?","?","$","M","E","?","M","T","?","$","M","E","?","R","BOSS"],"items_purchased_type":["Relic"],"build_version":"2020-12-22","purchased_purges":0,"victory":false,"max_hp_per_floor":[88,88,88,88,93,93,93,93,93,98,98,98,98,98,98,98,98],"card_choices":[{"not_picked":[],"picked":"SuicideKing","floor":0.0},{"not_picked":["ReplayTheSpireMod:Strike From Hell","Run Through"],"picked":"Cleave","floor":1.0},{"not_picked":["ReplayTheSpireMod:Strike From Hell","Iron Wave"],"picked":"Ghostly Armor","floor":5.0},{"not_picked":["Exhume","Infernal Blade","Anger"],"picked":"SKIP","floor":6.0},{"not_picked":["Sword Boomerang","Cleave"],"picked":"Carnage","floor":8.0},{"not_picked":["Headbutt","Thunderclap","Cleave"],"picked":"SKIP","floor":12.0},{"not_picked":["Dark Embrace","Iron Wave","Immolate"],"picked":"SKIP","floor":13.0},{"not_picked":["Anger","Intimidate","Perfected Strike"],"picked":"SKIP","floor":14.0}],"player_experience":221276,"relics_obtained":[{"floor":6.0,"key":"Kunai"},{"floor":9.0,"key":"DeathBook"},{"floor":13.0,"key":"D6"}],"event_choices":[{"damage_healed":0.0,"max_hp_gain":0.0,"max_hp_loss":0.0,"gold_gain":0.0,"event_name":"Scrap Ooze","player_choice":"Success","floor":3.0,"gold_loss":0.0,"damage_taken":3.0,"relics_obtained":["construct:FoamFinger"]},{"damage_healed":0.0,"max_hp_gain":5.0,"max_hp_loss":0.0,"gold_gain":0.0,"event_name":"Big Fish","player_choice":"Donut","floor":10.0,"gold_loss":0.0,"damage_taken":0.0}],"is_beta":false,"boss_relics":[],"items_purged_floors":[],"is_endless":false,"potions_floor_spawned":[5,6],"killed_by":"Slime Boss","ascension_level":6}}