{"host":"0rqu4i4oge8wiabo","time":1611529506,"event":{"mods":["2.2 Compatiblity","AchievementEnabler","BaseMod","Colored Powertips","Downfall","Hermit","Minty Spire (QoL Compilation)","Replay The Spire","StSLib","The Bug Knight","The Cursed","The Disciple","The Jungle","The Necromancer","The Servant 0.9.4"],"gold_per_floor":[116,191,191,191,204,236,236,14,86,86,106,116,116,135,135,231,231,250,250,63,75,85,85,14,48,48,48,68,86,86,102,102,102,102],"floor_reached":33,"language":"ENG","playtime":2030,"items_purged":[],"score":267,"play_id":"3394663c-6afd-4f70-b485-418cdf33124c","local_time":"20210124230505","is_ascension_mode":false,"campfire_choices":[{"floor":10,"key":"REST"},{"floor":13,"key":"REST"},{"data":"HollowMod:MantisMark","floor":15,"key":"SMITH"},{"data":"HollowMod:ZotesMagnificence","floor":23,"key":"SMITH"},{"data":"HollowMod:DungDefenderAura","floor":27,"key":"SMITH"},{"floor":32,"key":"REST"}],"circlet_count":0,"master_deck":["HollowMod:NailStrikeStart","HollowMod:NailStrikeStart","HollowMod:NailStrikeStart","HollowMod:NailStrikeStart","HollowMod:QuickDashStart","HollowMod:QuickDashStart","HollowMod:QuickDashStart","HollowMod:QuickDashStart+1","HollowMod:FocusHealStart+1","HollowMod:PogoStrike","HollowMod:Weaversong","HollowMod:InfectedCysts","HollowMod:SoulStrike","HollowMod:PureNailStrike","HollowMod:MantisMark+1","HollowMod:DungDefenderAura+1","HollowMod:GreatSlash","HollowMod:CycloneSlash","HollowMod:MantisMark+1","HollowMod:HowlingWraiths","HollowMod:ZotesMagnificence+1","HollowMod:SiblingsSouls+1","HollowMod:MantisMark+1","HollowMod:SoulEater+1","HollowMod:HeavyBlow+1","HollowMod:SoulEater","HollowMod:InfectedCysts","HollowMod:GoodIntentions+1","HollowMod:SoulEater"],"relics":["HollowMod:VesselMask","Onion Ring","Toxic Egg 2","Snecko Eye","HollowMod:KingsBrand","Replay:Towering Pillar of Hats","Calipers"],"acts_visited":["Exordium","TheCity"],"potions_floor_usage":[6,16,21,25,31,33],"damage_taken":[{"damage":3,"enemies":"2 Louse","floor":1,"turns":4},{"damage":0,"enemies":"Small Slimes","floor":5,"turns":3},{"damage":31,"enemies":"3 Sentries","floor":6,"turns":5},{"damage":0,"enemies":"Cultist","floor":11,"turns":3},{"damage":1,"enemies":"Large Slime","floor":12,"turns":4},{"damage":4,"enemies":"Exordium Wildlife","floor":14,"turns":1},{"damage":25,"enemies":"The Guardian","floor":16,"turns":12},{"damage":12,"enemies":"Shell Parasite","floor":18,"turns":2},{"damage":10,"enemies":"2 Thieves","floor":21,"turns":2},{"damage":7,"enemies":"Snake Plant","floor":22,"turns":2},{"damage":10,"enemies":"Replay:Snechameleon","floor":25,"turns":5},{"damage":22,"enemies":"Centurion and Healer","floor":28,"turns":5},{"damage":16,"enemies":"Cultist and Chosen","floor":29,"turns":5},{"damage":30,"enemies":"Shelled Parasite and Fungi","floor":31,"turns":3},{"damage":60,"enemies":"Automaton","floor":33,"turns":6}],"seed_played":"8672809333367455706","potions_obtained":[{"floor":1,"key":"Fire Potion"},{"floor":12,"key":"Languid Potion"},{"floor":16,"key":"SkillPotion"},{"floor":21,"key":"hexamod:SoulburnPotion"},{"floor":22,"key":"PowerPotion"},{"floor":28,"key":"SteroidPotion"}],"is_trial":false,"path_per_floor":["M","?","?","?","M","E","?","$","T","R","M","M","R","M","R","B",null,"M","?","$","M","M","R","$","E","T","R","M","M","?","M","R","B"],"character_chosen":"THE_BUGKNIGHT","items_purchased":["HollowMod:MantisMark","HollowMod:DungDefenderAura","HollowMod:GreatSlash","HollowMod:MantisMark+1","HollowMod:SoulEater+1","SkillPotion","HollowMod:SoulEater"],"campfire_rested":3,"item_purchase_floors":[8,8,8,20,20,20,24],"current_hp_per_floor":[72,61,54,54,54,29,14,14,14,36,42,41,63,59,59,34,75,63,63,63,53,46,46,46,42,42,42,26,10,35,11,33,0,0],"gold":102,"neow_bonus":"THREE_RARE_CARDS","is_daily":false,"chose_seed":false,"campfire_upgraded":3,"win_rate":0.0,"timestamp":1611529505,"path_taken":["M","?","?","?","?","E","?","$","T","R","M","M","R","M","R","BOSS","M","?","?","?","M","R","$","E","T","R","M","M","?","M","R","BOSS"],"items_purchased_type":["Card","Card","Card","Card","Card","Potion","Card"],"build_version":"2020-12-22","purchased_purges":0,"victory":false,"max_hp_per_floor":[75,75,75,75,75,75,75,75,75,75,75,75,75,75,75,75,75,75,75,75,75,75,75,75,75,75,75,75,75,75,75,75,75,75],"card_choices":[{"not_picked":["HollowMod:ElderbugsWisdom","HollowMod:Hiveblood"],"picked":"HollowMod:Weaversong","floor":0},{"not_picked":["HollowMod:CornifersMapStart","HollowMod:CloakDash"],"picked":"HollowMod:InfectedCysts","floor":1},{"not_picked":["HollowMod:SoulSplash","HollowMod:HeavyBlow"],"picked":"HollowMod:SoulStrike","floor":5},{"not_picked":["HollowMod:VengefulVoid","HollowMod:ShadowDash"],"picked":"HollowMod:PureNailStrike","floor":6},{"not_picked":["HollowMod:ElderbugsWisdom","HollowMod:PureNailStrike"],"picked":"HollowMod:CycloneSlash","floor":11},{"not_picked":["HollowMod:FallenFury","HollowMod:DoubleDash+1"],"picked":"HollowMod:MantisMark+1","floor":12},{"not_picked":["HollowMod:SharpenedNail","HollowMod:GreatSlash"],"picked":"HollowMod:HowlingWraiths","floor":14},{"not_picked":["HollowMod:MidwifesHunger","HollowMod:NewInfectedGuardian+1"],"picked":"HollowMod:ZotesMagnificence","floor":16},{"not_picked":["HollowMod:TaintedHusks+1","HollowMod:GrimmsGift+1"],"picked":"HollowMod:SiblingsSouls+1","floor":18},{"not_picked":["HollowMod:VengefulVoid+1","HollowMod:DoubleDash+1"],"picked":"HollowMod:HeavyBlow+1","floor":21},{"not_picked":["HollowMod:HowlingWraiths","HollowMod:SoulSplash+1","HollowMod:ChannelNail+1"],"picked":"SKIP","floor":22},{"not_picked":["HollowMod:HuntersJournal+1","HollowMod:InfectedAttack"],"picked":"HollowMod:InfectedCysts","floor":25},{"not_picked":["HollowMod:QuirrelsAssistance","HollowMod:ElderbugsWisdom"],"picked":"HollowMod:GoodIntentions+1","floor":28},{"not_picked":["HollowMod:ShadowDash+1","HollowMod:MonarchWings+1"],"picked":"HollowMod:SoulEater","floor":29},{"not_picked":["HollowMod:SharpenedShadows","HollowMod:CoiledNail","HollowMod:DescendingDark+1"],"picked":"SKIP","floor":31}],"player_experience":439535,"relics_obtained":[{"floor":6,"key":"Onion Ring"},{"floor":9,"key":"Toxic Egg 2"},{"floor":25,"key":"Replay:Towering Pillar of Hats"},{"floor":26,"key":"Calipers"}],"event_choices":[{"damage_healed":0,"gold_gain":75,"player_choice":"Gather Gold","damage_taken":11,"max_hp_gain":0,"max_hp_loss":0,"event_name":"World of Goop","floor":2,"gold_loss":0},{"cards_removed":["Exchange"],"damage_healed":0,"gold_gain":0,"player_choice":"Card Removal","damage_taken":7,"max_hp_gain":0,"max_hp_loss":0,"event_name":"Golden Wing","floor":3,"gold_loss":0},{"cards_removed":["Slimebound:Strike_Slimebound"],"damage_healed":0,"gold_gain":0,"player_choice":"Offered Basic","damage_taken":0,"max_hp_gain":0,"max_hp_loss":0,"event_name":"Bonfire Elementals","floor":4,"gold_loss":0},{"damage_healed":0,"gold_gain":0,"player_choice":"Entered Light","damage_taken":15,"max_hp_gain":0,"max_hp_loss":0,"event_name":"Shining Light","floor":7,"gold_loss":0,"cards_upgraded":["HollowMod:QuickDashStart","HollowMod:FocusHealStart"]},{"damage_healed":25,"gold_gain":0,"player_choice":"Heal","damage_taken":0,"max_hp_gain":0,"max_hp_loss":0,"event_name":"The Library","floor":30,"gold_loss":0}],"is_beta":false,"boss_relics":[{"not_picked":["Black Star","ReplayTheSpireMod:DimensionalGlitch"],"picked":"Snecko Eye"}],"items_purged_floors":[],"is_endless":false,"potions_floor_spawned":[1,12,16,21,22,28,29],"killed_by":"Automaton","ascension_level":0}}