{"host":"oehe2dxjvdgux73m","time":1611473081,"event":{"mods":["AchievementEnabler","BaseMod","Colored Map","Colored Powertips","DeckTracker","Keyboard Shortcuts","Minty Spire (QoL Compilation)","Permanent Neow","Quick Restart","StSLib","SuperFastMode"],"gold_per_floor":[215,228,50,50,60,60,94,113,113,113,128,143,158,40,40,117,117,89,102,102,152,52,52,83,101,127,127,161,161,187,201,201,275,275,287,208,227,227,246,246,263,263,263,296,99,119,119,134,134,134,134,134],"floor_reached":51,"language":"KOR","playtime":2230,"items_purged":["Strike_G","Choke"],"score":1403,"play_id":"5b6b4e13-0c05-4a64-8c01-37b52064b0cb","local_time":"20210124162441","is_ascension_mode":true,"campfire_choices":[{"data":"Apotheosis","floor":6.0,"key":"SMITH"},{"floor":15.0,"key":"REST"},{"data":"Well Laid Plans","floor":23.0,"key":"SMITH"},{"floor":29.0,"key":"REST"},{"floor":32.0,"key":"REST"},{"floor":40.0,"key":"RECALL"},{"floor":42.0,"key":"REST"},{"floor":47.0,"key":"REST"},{"floor":49.0,"key":"REST"}],"circlet_count":0,"master_deck":["AscendersBane","Defend_G","Defend_G","Defend_G","Defend_G","Defend_G","Survivor","Neutralize","Terror","Blade Dance","Apotheosis+1","Dodge and Roll","Prepared+1","Escape Plan","Well Laid Plans+1","Blade Dance","Phantasmal Killer+1","Cloak And Dagger+1","Accuracy","Infinite Blades+1","Storm of Steel","Backflip","PiercingWail","Quick Slash","Footwork+1","Venomology","Dash","Wraith Form v2+1","Accuracy+1","Footwork+1","Crippling Poison+1","Blur","PiercingWail+1","PiercingWail","Leg Sweep"],"relics":["Ring of the Snake","Bronze Scales","HornCleat","Astrolabe","Question Card","Omamori","Frozen Egg 2","Bag of Marbles","Fusion Hammer","Mercury Hourglass","Oddly Smooth Stone"],"acts_visited":["Exordium","TheCity","TheBeyond"],"potions_floor_usage":[51],"damage_taken":[{"damage":20.0,"enemies":"Jaw Worm","floor":1.0,"turns":6.0},{"damage":0.0,"enemies":"Cultist","floor":2.0,"turns":4.0},{"damage":0.0,"enemies":"2 Louse","floor":5.0,"turns":4.0},{"damage":25.0,"enemies":"Gremlin Nob","floor":7.0,"turns":4.0},{"damage":24.0,"enemies":"Gremlin Gang","floor":8.0,"turns":5.0},{"damage":0.0,"enemies":"3 Louse","floor":11.0,"turns":3.0},{"damage":0.0,"enemies":"Exordium Thugs","floor":12.0,"turns":7.0},{"damage":0.0,"enemies":"Red Slaver","floor":13.0,"turns":5.0},{"damage":17.0,"enemies":"The Guardian","floor":16.0,"turns":12.0},{"damage":0.0,"enemies":"2 Thieves","floor":18.0,"turns":4.0},{"damage":0.0,"enemies":"Chosen","floor":19.0,"turns":3.0},{"damage":17.0,"enemies":"Book of Stabbing","floor":24.0,"turns":5.0},{"damage":0.0,"enemies":"3 Cultists","floor":25.0,"turns":3.0},{"damage":14.0,"enemies":"Slavers","floor":28.0,"turns":5.0},{"damage":6.0,"enemies":"Book of Stabbing","floor":30.0,"turns":5.0},{"damage":12.0,"enemies":"Sentry and Sphere","floor":31.0,"turns":5.0},{"damage":26.0,"enemies":"Collector","floor":33.0,"turns":8.0},{"damage":3.0,"enemies":"3 Shapes","floor":35.0,"turns":7.0},{"damage":0.0,"enemies":"Orb Walker","floor":37.0,"turns":3.0},{"damage":10.0,"enemies":"Writhing Mass","floor":39.0,"turns":3.0},{"damage":12.0,"enemies":"4 Shapes","floor":41.0,"turns":8.0},{"damage":10.0,"enemies":"Giant Head","floor":44.0,"turns":7.0},{"damage":1.0,"enemies":"3 Darklings","floor":46.0,"turns":4.0},{"damage":0.0,"enemies":"Sphere and 2 Shapes","floor":48.0,"turns":3.0},{"damage":22.0,"enemies":"Donu and Deca","floor":50.0,"turns":9.0},{"damage":64,"enemies":"Awakened One","floor":51,"turns":9}],"seed_played":"-3635782326593312281","potions_obtained":[{"floor":5.0,"key":"Regen Potion"},{"floor":7.0,"key":"SpeedPotion"},{"floor":11.0,"key":"Ancient Potion"},{"floor":12.0,"key":"Ancient Potion"},{"floor":18.0,"key":"FearPotion"},{"floor":19.0,"key":"Explosive Potion"},{"floor":24.0,"key":"Explosive Potion"},{"floor":30.0,"key":"SteroidPotion"},{"floor":41.0,"key":"Regen Potion"},{"floor":44.0,"key":"LiquidMemories"},{"floor":48.0,"key":"DuplicationPotion"}],"is_trial":false,"path_per_floor":["M","M","$","?","M","R","E","M","T","?","M","M","M","$","R","B",null,"M","M","?","?","$","R","E","M","T","?","E","R","E","M","R","B",null,"M","$","M","?","M","R","M","R","T","E","$","M","R","M","R","B","B"],"character_chosen":"THE_SILENT","items_purchased":["Apotheosis","Choke","Accuracy+1","Oddly Smooth Stone","PiercingWail"],"campfire_rested":6,"item_purchase_floors":[3,14,36,45,45],"current_hp_per_floor":[39,39,39,39,39,39,26,2,2,2,2,2,2,2,21,4,51,51,51,51,51,51,51,34,34,34,34,20,39,33,21,40,14,53,50,50,50,50,40,40,28,47,47,52,52,51,66,66,66,44,0,0],"gold":134,"neow_bonus":"HUNDRED_GOLD","is_daily":false,"chose_seed":false,"campfire_upgraded":2,"win_rate":0.0,"timestamp":1611473081,"path_taken":["M","M","$","?","M","R","E","M","T","?","M","?","M","$","R","BOSS","M","M","?","?","$","R","E","M","T","?","E","R","E","?","R","BOSS","M","$","M","?","M","R","M","R","T","E","?","M","R","?","R","BOSS","BOSS"],"items_purchased_type":["Card","Card","Card","Relic","Card"],"build_version":"2020-12-22","purchased_purges":2,"victory":false,"max_hp_per_floor":[66,66,66,66,66,66,66,66,66,66,66,66,66,66,66,66,66,66,66,66,66,66,66,66,66,66,66,66,66,66,66,66,66,66,66,66,66,66,66,66,66,66,66,66,66,66,66,66,66,66,66,66],"card_choices":[{"not_picked":["Poisoned Stab","Endless Agony"],"picked":"Terror","floor":1.0},{"not_picked":["Underhanded Strike","Acrobatics"],"picked":"Blade Dance","floor":2.0},{"not_picked":["Bane","Tactician"],"picked":"Dodge and Roll","floor":5.0},{"not_picked":["Catalyst","Skewer"],"picked":"Prepared","floor":7.0},{"not_picked":["Outmaneuver","Concentrate","Sucker Punch"],"picked":"SKIP","floor":8.0},{"not_picked":["Setup","Night Terror"],"picked":"Escape Plan","floor":11.0},{"not_picked":["Terror","Predator"],"picked":"Well Laid Plans","floor":12.0},{"not_picked":["Terror","PiercingWail"],"picked":"Blade Dance","floor":13.0},{"not_picked":["Storm of Steel","Envenom"],"picked":"Phantasmal Killer","floor":16.0},{"not_picked":["Cloak And Dagger","Dodge and Roll+1"],"picked":"Accuracy","floor":18.0},{"not_picked":["Underhanded Strike","Deflect"],"picked":"Infinite Blades+1","floor":19.0},{"not_picked":["Sucker Punch","Masterful Stab"],"picked":"Backflip","floor":24.0},{"not_picked":["Setup","Flying Knee","Acrobatics"],"picked":"PiercingWail","floor":25.0},{"not_picked":["Dagger Throw","Finisher+1","After Image+1"],"picked":"Footwork+1","floor":28.0},{"not_picked":["Terror","Grand Finale","Dodge and Roll"],"picked":"Venomology","floor":30.0},{"not_picked":["Noxious Fumes+1","Flechettes","Dagger Spray"],"picked":"Dash","floor":31.0},{"not_picked":["Venomology","Glass Knife","Die Die Die"],"picked":"Wraith Form v2+1","floor":33.0},{"not_picked":["Terror","Deadly Poison+1","Predator","Sucker Punch+1"],"picked":"SKIP","floor":35.0},{"not_picked":["Tactician","Accuracy+1","Deflect"],"picked":"Footwork+1","floor":37.0},{"not_picked":["Dash","Outmaneuver","Endless Agony"],"picked":"Crippling Poison+1","floor":39.0},{"not_picked":["Choke","Dagger Spray","Blade Dance"],"picked":"Blur","floor":41.0},{"not_picked":["Deadly Poison","Accuracy+1","Underhanded Strike"],"picked":"PiercingWail+1","floor":44.0},{"not_picked":["Poisoned Stab","Dagger Spray+1","Phantasmal Killer"],"picked":"Leg Sweep","floor":46.0},{"not_picked":["Blade Dance","Prepared","Flying Knee","Sucker Punch+1"],"picked":"SKIP","floor":48.0}],"player_experience":306468,"relics_obtained":[{"floor":7.0,"key":"Bronze Scales"},{"floor":9.0,"key":"HornCleat"},{"floor":24.0,"key":"Question Card"},{"floor":26.0,"key":"Omamori"},{"floor":28.0,"key":"Frozen Egg 2"},{"floor":30.0,"key":"Bag of Marbles"},{"floor":44.0,"key":"Mercury Hourglass"}],"event_choices":[{"cards_removed":["Strike_G"],"damage_healed":0.0,"max_hp_gain":0.0,"max_hp_loss":0.0,"gold_gain":0.0,"event_name":"Living Wall","player_choice":"Forget","floor":4.0,"gold_loss":0.0,"damage_taken":0.0},{"damage_healed":0.0,"max_hp_gain":0.0,"max_hp_loss":0.0,"gold_gain":0.0,"event_name":"Accursed Blacksmith","player_choice":"Forge","floor":10.0,"gold_loss":0.0,"damage_taken":0.0,"cards_upgraded":["Prepared"]},{"damage_healed":0.0,"max_hp_gain":0.0,"max_hp_loss":0.0,"gold_gain":0.0,"cards_transformed":["Deadly Poison","Deadly Poison"],"event_name":"Drug Dealer","player_choice":"Became Test Subject","floor":20.0,"gold_loss":0.0,"damage_taken":0.0,"cards_obtained":["Choke","Storm of Steel"]},{"damage_healed":0.0,"max_hp_gain":0.0,"max_hp_loss":0.0,"gold_gain":50.0,"event_name":"Nest","player_choice":"Stole From Cult","floor":21.0,"gold_loss":0.0,"damage_taken":0.0},{"damage_healed":0.0,"max_hp_gain":0.0,"max_hp_loss":0.0,"gold_gain":0.0,"cards_transformed":["Choke"],"event_name":"Transmorgrifier","player_choice":"Transformed","floor":27.0,"gold_loss":0.0,"damage_taken":0.0,"cards_obtained":["Quick Slash"]},{"damage_healed":0.0,"max_hp_gain":0.0,"max_hp_loss":0.0,"gold_gain":0.0,"event_name":"Upgrade Shrine","player_choice":"Upgraded","floor":38.0,"gold_loss":0.0,"damage_taken":0.0,"cards_upgraded":["Phantasmal Killer"]}],"is_beta":false,"boss_relics":[{"not_picked":["Tiny House","Empty Cage"],"picked":"Astrolabe"},{"not_picked":["Philosopher\u0027s Stone","Velvet Choker"],"picked":"Fusion Hammer"}],"items_purged_floors":[14,22],"is_endless":false,"potions_floor_spawned":[5,7,11,12,18,19,24,30,35,41,44,48],"killed_by":"Awakened One","ascension_level":20}}