{"host":"8s7r99mpv862ws6o","time":1611501275,"event":{"mods":["AchievementEnabler","Act Like it!","BaseMod","Gensokyo","GifTheSpireLib","Minty Spire (QoL Compilation)","Quick Restart","StSLib","Yuyuko"],"gold_per_floor":[115,130,145,163,176,202,202,231,531,558,571,571,596,596,596,696,696,716,412,430,363,383,409,409,409],"floor_reached":24,"language":"ZHS","playtime":4067,"items_purged":["Faramita\u0027s Temptation","Writhe"],"score":248,"play_id":"1cd47809-0622-4845-831b-2c480107d312","local_time":"20210124231435","is_ascension_mode":false,"campfire_choices":[{"data":"Elegance","floor":12,"key":"SMITH"},{"data":"Become Phantom","floor":15,"key":"SMITH"}],"circlet_count":0,"master_deck":["Fantasy Butterflies+1","Fantasy Butterflies","Fantasy Butterflies","Fantasy Butterflies","Fantasy Butterflies+1","Dreamy Sakura","Dreamy Sakura+1","Dreamy Sakura","Dreamy Sakura","Dreamy Sakura","Deathly Ground","Gauzy Sakura","Elegance+1","Trap Lamp","City of Death+1","City of Death","Ticket to Heaven","Linger over Flower","Dying Sakura","Become Phantom+1","The Forgotten Winter","Injury","Full Inky Sakura","Showy Withering","Sakura Ward+1","Wandering Soul","Redemption of Death","Unknown Petal+1","Phantom Gift","Suicide+1"],"relics":["Coronal","Yuyuko\u0027s fan","Pocketwatch","Prayer Wheel","Strawberry","WingedGreaves","Old Coin","Blue Candle","War Paint","Darkstone Periapt","Runic Pyramid","Membership Card","Whetstone","Obi"],"acts_visited":["Exordium","Gensokyo:Gensokyo"],"potions_floor_usage":[6,8,16,18,22,24],"damage_taken":[{"damage":27,"enemies":"Gensokyo:Gryphon","floor":1,"turns":5},{"damage":26,"enemies":"Gensokyo:Python","floor":2,"turns":5},{"damage":23,"enemies":"Gensokyo:2_Kodama","floor":3,"turns":5},{"damage":38,"enemies":"Gensokyo:VengefulSpirit","floor":4,"turns":7},{"damage":29,"enemies":"Gensokyo:Gryphon_and_Rabbit","floor":5,"turns":7},{"damage":61,"enemies":"Gensokyo:Aya","floor":6,"turns":7},{"damage":17,"enemies":"Gensokyo:Mamizou","floor":8,"turns":8},{"damage":53,"enemies":"Gensokyo:Aya","floor":10,"turns":7},{"damage":53,"enemies":"Gensokyo:2_Rabbits","floor":11,"turns":7},{"damage":42,"enemies":"Gensokyo:Cirno","floor":13,"turns":7},{"damage":113,"enemies":"Gensokyo:Reimu","floor":16,"turns":17},{"damage":63,"enemies":"Gensokyo:3_Dogs","floor":18,"turns":6},{"damage":27,"enemies":"Gensokyo:AngelMirror","floor":20,"turns":4},{"damage":71,"enemies":"Gensokyo:Monolith_and_Dog","floor":22,"turns":7},{"damage":38,"enemies":"Gensokyo:Koishi","floor":23,"turns":6},{"damage":46,"enemies":"Gensokyo:Tenshi","floor":24,"turns":5}],"seed_played":"-5001931436154065255","potions_obtained":[{"floor":4,"key":"Block Potion"},{"floor":6,"key":"DistilledChaos"},{"floor":11,"key":"Fire Potion"},{"floor":13,"key":"EssenceOfSteel"},{"floor":18,"key":"GamblersBrew"},{"floor":20,"key":"LiquidMemories"}],"is_trial":false,"path_per_floor":["M","M","M","M","M","E","?","E","T","E","M","R","E","?","R","B",null,"M","$","M","$","M","E","E"],"character_chosen":"YUYOKO","items_purchased":["Membership Card","Whetstone","Wandering Soul","Redemption of Death","Phantom Gift"],"campfire_rested":0,"item_purchase_floors":[19,19,19,19,21],"current_hp_per_floor":[35,23,33,25,33,11,8,39,39,25,40,40,37,43,43,3,53,28,28,16,16,36,21,0,0],"gold":409,"neow_bonus":"ONE_RARE_RELIC","is_daily":false,"chose_seed":false,"campfire_upgraded":2,"win_rate":0.0,"timestamp":1611501275,"path_taken":["M","M","?","M","M","E","?","E","T","E","?","R","E","?","R","BOSS","M","$","?","$","M","E","E"],"items_purchased_type":["Relic","Relic","Card","Card","Card"],"build_version":"2020-12-22","purchased_purges":2,"victory":false,"max_hp_per_floor":[40,40,40,40,40,40,47,47,47,47,47,47,47,53,53,53,53,53,53,53,53,53,53,53,53],"card_choices":[{"not_picked":["Steamed Phantom","Unstable Ward"],"picked":"Gauzy Sakura","floor":1},{"not_picked":["Spear of Papilio","Butterflies in Dream"],"picked":"Elegance","floor":2},{"not_picked":["Bomb","Full Moon"],"picked":"Trap Lamp","floor":3},{"not_picked":["Dark Wind","Serene Spring"],"picked":"City of Death","floor":4},{"not_picked":["Dark Wind","Phantom Village"],"picked":"City of Death","floor":5},{"not_picked":["Elegance","The Forgotten Winter"],"picked":"Ticket to Heaven","floor":6},{"not_picked":["Trap Lamp","City of Death"],"picked":"Linger over Flower","floor":8},{"not_picked":["Full Moon","Reverse The Screen"],"picked":"Dying Sakura","floor":10},{"not_picked":["Mini Ghostdom","Childlike"],"picked":"Become Phantom","floor":11},{"not_picked":["Steamed Phantom","Unreal","Linger over Flower"],"picked":"SKIP","floor":11},{"not_picked":["Immigrant Phantom","Stifle"],"picked":"The Forgotten Winter","floor":13},{"not_picked":["Revive The Butterflies","Unfulfilling Attachment"],"picked":"Full Inky Sakura","floor":16},{"not_picked":["Cerasus Subhirtella+1","The Forgotten Winter+1"],"picked":"Showy Withering","floor":18},{"not_picked":["Elegance","Lunch"],"picked":"Sakura Ward+1","floor":18},{"not_picked":["Dark Wind","Dancing Butterflies"],"picked":"Unknown Petal+1","floor":20},{"not_picked":["Spear of Papilio+1","Sakura Ward","Unborn Light+1"],"picked":"SKIP","floor":20},{"not_picked":["Final of Final","Death Dancing","Redemption of Death"],"picked":"SKIP","floor":22},{"not_picked":["Full Moon+1","Gauzy Sakura","Showy Withering"],"picked":"SKIP","floor":22},{"not_picked":["Nihility+1","End of Faramita"],"picked":"Suicide+1","floor":23}],"player_experience":594426,"relics_obtained":[{"floor":6,"key":"Prayer Wheel"},{"floor":8,"key":"WingedGreaves"},{"floor":9,"key":"Old Coin"},{"floor":10,"key":"Blue Candle"},{"floor":13,"key":"War Paint"},{"floor":23,"key":"Obi"}],"event_choices":[],"is_beta":false,"boss_relics":[{"not_picked":["SacredBark","Black Star"],"picked":"Runic Pyramid"}],"items_purged_floors":[19,21],"is_endless":false,"potions_floor_spawned":[4,6,11,13,18,20],"killed_by":"Gensokyo:Tenshi","ascension_level":0}}