{"host":"lnt5dzsuhru0aonl","time":1611497911,"event":{"mods":["2.2 Compatiblity","BaseMod","Colored Map","Colored Powertips","DeckTracker","Keyboard Shortcuts","Minty Spire (QoL Compilation)","Permanent Neow","Rare Cards Sparkle","StSLib","SuperFastMode","everything is the same but u backflip on backflip"],"gold_per_floor":[114,114,114,132,132,132,151,151,151,76,76,107,119,142,154,238,250,281,293,305,317,343,355,367,379,417,445,457,469,469],"floor_reached":29,"language":"KOR","playtime":539,"items_purged":[],"score":438,"play_id":"db488028-ce9f-44c6-840d-364194ad15b6","local_time":"20210124231831","is_ascension_mode":true,"campfire_choices":[{"data":"Zap","floor":6,"key":"SMITH"},{"data":"Defragment","floor":8,"key":"SMITH"},{"data":"Streamline","floor":11,"key":"SMITH"},{"data":"Dualcast","floor":13,"key":"SMITH"},{"data":"Reinforced Body","floor":15,"key":"SMITH"},{"floor":23,"key":"REST"},{"data":"Hologram","floor":25,"key":"SMITH"},{"floor":28,"key":"REST"}],"circlet_count":0,"master_deck":["AscendersBane","Strike_B","Defend_B","Defend_B","Defend_B","Defend_B","Zap+1","Dualcast+1","Enlightenment+1","Defragment+1","Streamline+1","Sweeping Beam","BootSequence","Reinforced Body+1","Conserve Battery","Meteor Strike","CurseOfTheBell","Cold Snap+1","Hologram+1","Compile Driver"],"relics":["Cracked Core","Symbiotic Virus","MawBank","Calling Bell","Bronze Scales","InkBottle","Ginger","Akabeko"],"acts_visited":["Exordium","TheCity"],"potions_floor_usage":[16,27],"damage_taken":[{"damage":9,"enemies":"Jaw Worm","floor":1,"turns":5},{"damage":2,"enemies":"Cultist","floor":4,"turns":4},{"damage":7,"enemies":"2 Louse","floor":7,"turns":2},{"damage":4,"enemies":"Gremlin Nob","floor":12,"turns":3},{"damage":3,"enemies":"Lots of Slimes","floor":14,"turns":3},{"damage":27,"enemies":"Slime Boss","floor":16,"turns":7},{"damage":16,"enemies":"Shell Parasite","floor":18,"turns":4},{"damage":19,"enemies":"2 Thieves","floor":22,"turns":3},{"damage":11,"enemies":"Shelled Parasite and Fungi","floor":27,"turns":5},{"damage":37,"enemies":"Book of Stabbing","floor":29,"turns":4}],"seed_played":"1925430369742064517","potions_obtained":[{"floor":12,"key":"PotionOfCapacity"},{"floor":14,"key":"EssenceOfSteel"},{"floor":22,"key":"AttackPotion"}],"is_trial":false,"path_per_floor":["M","?","?","M","?","R","M","R","T","?","R","E","R","M","R","B",null,"M","?","$","?","M","R","?","R","T","M","R","E"],"character_chosen":"DEFECT","items_purchased":[],"campfire_rested":2,"item_purchase_floors":[],"current_hp_per_floor":[55,55,55,53,53,53,46,46,46,46,46,42,42,39,39,12,56,40,40,40,20,1,23,23,23,23,12,34,0,0],"gold":469,"neow_bonus":"RANDOM_COLORLESS","is_daily":false,"chose_seed":false,"campfire_upgraded":6,"win_rate":0.0,"timestamp":1611497911,"path_taken":["M","?","?","?","?","R","?","R","T","?","R","E","R","M","R","BOSS","M","?","$","?","M","R","?","R","T","M","R","E"],"items_purchased_type":[],"build_version":"2020-12-22","purchased_purges":0,"victory":false,"max_hp_per_floor":[71,71,71,71,71,71,71,71,71,71,71,71,71,71,71,71,71,71,71,71,76,76,76,76,76,76,76,76,76,76],"card_choices":[{"not_picked":["Dramatic Entrance","Dark Shackles"],"picked":"Enlightenment","floor":0},{"not_picked":["Barrage","Consume"],"picked":"Defragment","floor":1},{"not_picked":["Redo","FTL"],"picked":"Sweeping Beam","floor":4},{"not_picked":["Redo","Gash"],"picked":"BootSequence","floor":7},{"not_picked":["Leap","Melter"],"picked":"Reinforced Body","floor":12},{"not_picked":["White Noise","Rebound"],"picked":"Conserve Battery","floor":14},{"not_picked":["Electrodynamics","Thunder Strike"],"picked":"Meteor Strike","floor":16},{"not_picked":["Leap","Reprogram"],"picked":"Cold Snap+1","floor":18},{"not_picked":["Darkness","Redo"],"picked":"Hologram","floor":22},{"not_picked":["Go for the Eyes","Beam Cell"],"picked":"Compile Driver","floor":27}],"player_experience":755274,"relics_obtained":[{"floor":9,"key":"Symbiotic Virus"},{"floor":12,"key":"MawBank"},{"floor":17,"key":"Bronze Scales"},{"floor":17,"key":"InkBottle"},{"floor":17,"key":"Ginger"},{"floor":26,"key":"Akabeko"}],"event_choices":[{"damage_healed":0,"gold_gain":0,"cards_transformed":["Strike_B"],"player_choice":"Change","damage_taken":0,"max_hp_gain":0,"max_hp_loss":0,"event_name":"Living Wall","floor":2,"gold_loss":0,"cards_obtained":["Streamline"]},{"damage_healed":0,"gold_gain":0,"player_choice":"Forge","damage_taken":0,"max_hp_gain":0,"max_hp_loss":0,"event_name":"Accursed Blacksmith","floor":3,"gold_loss":0,"cards_upgraded":["Enlightenment"]},{"cards_removed":["Strike_B"],"damage_healed":0,"gold_gain":0,"player_choice":"Offered Basic","damage_taken":0,"max_hp_gain":0,"max_hp_loss":0,"event_name":"Bonfire Elementals","floor":5,"gold_loss":0},{"cards_removed":["Strike_B"],"damage_healed":0,"gold_gain":0,"player_choice":"Card Removal","damage_taken":0,"max_hp_gain":0,"max_hp_loss":0,"event_name":"The Cleric","floor":10,"gold_loss":75},{"damage_healed":0,"gold_gain":0,"player_choice":"Ignored","damage_taken":0,"max_hp_gain":0,"max_hp_loss":0,"event_name":"Ghosts","floor":19,"gold_loss":0},{"damage_healed":0,"gold_gain":0,"player_choice":"Shed Blood","damage_taken":25,"max_hp_gain":5,"max_hp_loss":0,"event_name":"Forgotten Altar","floor":21,"gold_loss":0},{"damage_healed":0,"gold_gain":0,"player_choice":"Ignored","damage_taken":0,"max_hp_gain":0,"max_hp_loss":0,"event_name":"Vampires","floor":24,"gold_loss":0}],"is_beta":false,"boss_relics":[{"not_picked":["Busted Crown","Ectoplasm"],"picked":"Calling Bell"}],"items_purged_floors":[],"is_endless":false,"potions_floor_spawned":[12,14,22],"killed_by":"Book of Stabbing","ascension_level":20}}