{"host":"qy1e0kd24tpj3i2m","time":1611487270,"event":{"mods":["Act Like it!","Alarm Clock","BaseMod","Better Skull","Better Vampires","Colored Map","Colored Powertips","Custom Start","Faster Ascension Climbing","Friendly Minions","GifTheSpireLib","Gremlin Skip","Highlight Path","Minty Spire (QoL Compilation)","Permanent Neow","Poor People Problems","Quick Restart","Red Circlet Mod","Relic Sorter","Reorder Act Four","SacredBarkPlus","Shop Mod","StSLib","SuperFastMode","Transform Curses","没有小屋子和绿帽子啦"],"gold_per_floor":[366,118,118,131,131,131,157,157,157,157,184,199,218,264,264,264,264],"floor_reached":16,"language":"ZHS","playtime":513,"items_purged":["Bash"],"score":236,"play_id":"82b6bf73-5001-4824-902c-ff5905ccff69","local_time":"20210124202110","is_ascension_mode":true,"campfire_choices":[{"floor":6.0,"key":"REST"},{"floor":8.0,"key":"REST"},{"floor":10.0,"key":"RECALL"},{"data":"True Grit","floor":15.0,"key":"SMITH"}],"circlet_count":0,"master_deck":["AscendersBane","Strike_R","Strike_R","Strike_R","Strike_R","Strike_R","Defend_R","Defend_R","Defend_R","Evolve+1","Wild Strike","True Grit+1","Immolate"],"relics":["Burning Blood","Toolbox","Blood Vial","Thread and Needle","Anchor","Oddly Smooth Stone"],"acts_visited":["Exordium"],"potions_floor_usage":[16],"damage_taken":[{"damage":6.0,"enemies":"2 Louse","floor":1.0,"turns":3.0},{"damage":13.0,"enemies":"Small Slimes","floor":4.0,"turns":6.0},{"damage":34.0,"enemies":"Lagavulin","floor":7.0,"turns":6.0},{"damage":47.0,"enemies":"Gremlin Nob","floor":11.0,"turns":5.0},{"damage":2.0,"enemies":"Cultist","floor":12.0,"turns":6.0},{"damage":5.0,"enemies":"Red Slaver","floor":13.0,"turns":4.0},{"damage":1.0,"enemies":"3 Sentries","floor":14.0,"turns":5.0},{"damage":36,"enemies":"Hexaghost","floor":16,"turns":10}],"seed_played":"-2136742330148581186","potions_obtained":[{"floor":1.0,"key":"AttackPotion"},{"floor":4.0,"key":"SneckoOil"},{"floor":11.0,"key":"Explosive Potion"},{"floor":12.0,"key":"SkillPotion"}],"is_trial":false,"path_per_floor":["M","$","?","M","?","R","E","R","T","R","E","M","M","E","R","B"],"character_chosen":"IRONCLAD","items_purchased":["Toolbox"],"campfire_rested":2,"item_purchase_floors":[2],"current_hp_per_floor":[50,50,43,36,36,58,30,52,52,52,13,19,22,29,29,0,0],"gold":264,"neow_bonus":"TWO_FIFTY_GOLD","is_daily":false,"chose_seed":false,"campfire_upgraded":1,"win_rate":0.0,"timestamp":1611487270,"path_taken":["M","$","?","M","?","R","E","R","T","R","E","M","M","E","R","BOSS"],"items_purchased_type":["Relic"],"build_version":"2020-12-22","purchased_purges":1,"victory":false,"max_hp_per_floor":[75,75,75,75,75,75,75,75,75,75,75,75,75,75,75,75,75],"card_choices":[{"not_picked":["Infernal Blade","Perfected Strike"],"picked":"Evolve","floor":1.0},{"not_picked":["Armaments","Headbutt","Warcry"],"picked":"SKIP","floor":4.0},{"not_picked":["Intimidate","Sword Boomerang","Warcry"],"picked":"SKIP","floor":7.0},{"not_picked":["Headbutt","Iron Wave","Second Wind"],"picked":"SKIP","floor":11.0},{"not_picked":["Twin Strike","Perfected Strike"],"picked":"Wild Strike","floor":12.0},{"not_picked":["Pommel Strike","Whirlwind"],"picked":"True Grit","floor":13.0},{"not_picked":["Shockwave","Perfected Strike"],"picked":"Immolate","floor":14.0}],"player_experience":926743,"relics_obtained":[{"floor":7.0,"key":"Blood Vial"},{"floor":9.0,"key":"Thread and Needle"},{"floor":11.0,"key":"Anchor"},{"floor":14.0,"key":"Oddly Smooth Stone"}],"event_choices":[{"cards_removed":["Defend_R"],"damage_healed":0.0,"max_hp_gain":0.0,"max_hp_loss":0.0,"gold_gain":0.0,"event_name":"Golden Wing","player_choice":"Card Removal","floor":3.0,"gold_loss":0.0,"damage_taken":7.0},{"damage_healed":0.0,"max_hp_gain":0.0,"max_hp_loss":0.0,"gold_gain":0.0,"event_name":"Upgrade Shrine","player_choice":"Upgraded","floor":5.0,"gold_loss":0.0,"damage_taken":0.0,"cards_upgraded":["Evolve"]}],"is_beta":false,"boss_relics":[],"items_purged_floors":[2],"is_endless":false,"potions_floor_spawned":[1,4,11,12],"killed_by":"Hexaghost","ascension_level":20}}