{"host":"xmrw7jl1ir2912vf","time":1611521217,"event":{"mods":["BaseMod","Minty Spire (QoL Compilation)"],"gold_per_floor":[119,139,38,48,48,78,78,111,111,131,161,173,173,183,183,256,256,274,274,274,285,384,384,419,438,438,453,46,71,90,115,115,115,115],"floor_reached":33,"language":"ENG","playtime":1988,"items_purged":["Defend_R","Strike_R"],"score":607,"play_id":"739501c0-4763-4bec-bf6e-1762d34d4d17","local_time":"20210124154657","is_ascension_mode":true,"campfire_choices":[{"floor":15,"key":"REST"},{"data":"Armaments","floor":23,"key":"SMITH"},{"data":"1","floor":32,"key":"LIFT"}],"circlet_count":0,"master_deck":["AscendersBane","Strike_R","Strike_R+1","Strike_R+1","Strike_R","Defend_R+1","Defend_R+1","Defend_R","Bash","Wild Strike","Cleave","Armaments+1","Offering","Sword Boomerang","Inflame","Spot Weakness","Twin Strike","Sword Boomerang","Whirlwind","Fiend Fire","CurseOfTheBell","Dark Embrace","Offering","Sentinel","Burning Pact+1","Shrug It Off","Fire Breathing","Fire Breathing"],"relics":["Burning Blood","War Paint","Self Forming Clay","StrikeDummy","Tiny Chest","Calling Bell","Anchor","InkBottle","Magic Flower","White Beast Statue","Lantern","Girya","Eternal Feather","Mummified Hand","Red Mask"],"acts_visited":["Exordium","TheCity"],"potions_floor_usage":[6,6,6,14,24,24,25,26,30,30],"damage_taken":[{"damage":6,"enemies":"Cultist","floor":1,"turns":4},{"damage":4,"enemies":"Jaw Worm","floor":2,"turns":4},{"damage":5,"enemies":"Small Slimes","floor":4,"turns":3},{"damage":15,"enemies":"Gremlin Nob","floor":6,"turns":4},{"damage":22,"enemies":"Lagavulin","floor":8,"turns":6},{"damage":12,"enemies":"3 Louse","floor":10,"turns":2},{"damage":6,"enemies":"3 Sentries","floor":11,"turns":4},{"damage":9,"enemies":"Red Slaver","floor":12,"turns":2},{"damage":5,"enemies":"Lots of Slimes","floor":14,"turns":3},{"damage":44,"enemies":"Hexaghost","floor":16,"turns":8},{"damage":7,"enemies":"Chosen","floor":18,"turns":4},{"damage":21,"enemies":"2 Thieves","floor":21,"turns":3},{"damage":24,"enemies":"Book of Stabbing","floor":24,"turns":4},{"damage":19,"enemies":"3 Cultists","floor":25,"turns":5},{"damage":10,"enemies":"Centurion and Healer","floor":27,"turns":4},{"damage":6,"enemies":"Gremlin Leader","floor":29,"turns":3},{"damage":8,"enemies":"Shelled Parasite and Fungi","floor":30,"turns":3},{"damage":6,"enemies":"Masked Bandits","floor":31,"turns":2},{"damage":53,"enemies":"Champ","floor":33,"turns":6}],"seed_played":"-1872573716853297796","potions_obtained":[{"floor":0,"key":"EntropicBrew"},{"floor":0,"key":"FearPotion"},{"floor":2,"key":"Weak Potion"},{"floor":10,"key":"ColorlessPotion"},{"floor":11,"key":"Ancient Potion"},{"floor":16,"key":"Block Potion"},{"floor":21,"key":"EssenceOfSteel"},{"floor":24,"key":"Fire Potion"},{"floor":25,"key":"Fruit Juice"},{"floor":27,"key":"SneckoOil"},{"floor":29,"key":"SkillPotion"},{"floor":30,"key":"EssenceOfSteel"},{"floor":31,"key":"SpeedPotion"}],"is_trial":false,"path_per_floor":["M","M","$","M","?","E","?","E","T","M","E","M","?","M","R","B",null,"M","?","T","M","?","R","E","M","T","M","$","E","M","?","R","B"],"character_chosen":"IRONCLAD","items_purchased":["Armaments","Eternal Feather","Shrug It Off"],"campfire_rested":1,"item_purchase_floors":[3,28,28],"current_hp_per_floor":[68,70,70,71,71,62,62,46,46,40,40,37,22,23,45,7,58,60,60,60,48,48,48,33,23,28,27,27,30,31,34,49,0,0],"gold":115,"neow_bonus":"THREE_SMALL_POTIONS","is_daily":false,"chose_seed":false,"campfire_upgraded":1,"win_rate":0.0,"timestamp":1611521217,"path_taken":["M","M","$","M","?","E","?","E","T","M","E","?","?","M","R","BOSS","M","?","?","?","?","R","E","M","T","M","$","E","M","?","R","BOSS"],"items_purchased_type":["Card","Relic","Card"],"build_version":"2020-12-22","purchased_purges":2,"victory":false,"max_hp_per_floor":[75,75,75,75,75,75,75,75,75,75,75,75,75,75,75,75,75,75,75,75,75,75,75,75,75,80,80,80,80,80,80,80,80,80],"card_choices":[{"not_picked":["Fire Breathing","Thunderclap"],"picked":"Wild Strike","floor":1},{"not_picked":["Havoc","Thunderclap"],"picked":"Cleave","floor":2},{"not_picked":["Headbutt","Warcry"],"picked":"Offering","floor":4},{"not_picked":["Havoc","Heavy Blade"],"picked":"Sword Boomerang","floor":6},{"not_picked":["Cleave","Sword Boomerang"],"picked":"Inflame","floor":8},{"not_picked":["Inflame","Warcry"],"picked":"Spot Weakness","floor":10},{"not_picked":["Sever Soul","Hemokinesis"],"picked":"Twin Strike","floor":11},{"not_picked":["Wild Strike","Rampage"],"picked":"Sword Boomerang","floor":12},{"not_picked":["Combust","Flame Barrier"],"picked":"Whirlwind","floor":14},{"not_picked":["Demon Form","Corruption"],"picked":"Fiend Fire","floor":16},{"not_picked":["Second Wind","Body Slam"],"picked":"Dark Embrace","floor":18},{"not_picked":["Rage","Cleave+1"],"picked":"Sentinel","floor":21},{"not_picked":["Rampage","Wild Strike","Perfected Strike"],"picked":"SKIP","floor":24},{"not_picked":["Rampage","Wild Strike","Perfected Strike"],"picked":"SKIP","floor":24},{"not_picked":["Anger","Thunderclap"],"picked":"Burning Pact+1","floor":25},{"not_picked":["Heavy Blade","Iron Wave","Havoc"],"picked":"SKIP","floor":27},{"not_picked":["Flex","Twin Strike"],"picked":"Fire Breathing","floor":29},{"not_picked":["Barricade","Body Slam"],"picked":"Fire Breathing","floor":30}],"player_experience":390436,"relics_obtained":[{"floor":6,"key":"War Paint"},{"floor":8,"key":"StrikeDummy"},{"floor":11,"key":"Tiny Chest"},{"floor":17,"key":"Anchor"},{"floor":17,"key":"InkBottle"},{"floor":17,"key":"Magic Flower"},{"floor":20,"key":"White Beast Statue"},{"floor":24,"key":"Lantern"},{"floor":26,"key":"Girya"},{"floor":29,"key":"Mummified Hand"},{"floor":31,"key":"Red Mask"}],"event_choices":[{"damage_healed":0,"gold_gain":0,"player_choice":"Ignored","damage_taken":0,"max_hp_gain":0,"max_hp_loss":0,"event_name":"Liars Game","floor":5,"gold_loss":0},{"damage_healed":0,"gold_gain":0,"player_choice":"Gave Potion","damage_taken":0,"relics_obtained":["Self Forming Clay"],"max_hp_gain":0,"max_hp_loss":0,"event_name":"WeMeetAgain","floor":7,"gold_loss":0},{"damage_healed":0,"gold_gain":0,"player_choice":"Entered Light","damage_taken":15,"max_hp_gain":0,"max_hp_loss":0,"event_name":"Shining Light","floor":13,"gold_loss":0,"cards_upgraded":["Strike_R","Strike_R"]},{"damage_healed":0,"gold_gain":0,"player_choice":"Copied","damage_taken":0,"max_hp_gain":0,"max_hp_loss":0,"event_name":"Duplicator","floor":19,"gold_loss":0,"cards_obtained":["Offering"]},{"damage_healed":0,"gold_gain":99,"player_choice":"Stole From Cult","damage_taken":0,"max_hp_gain":0,"max_hp_loss":0,"event_name":"Nest","floor":22,"gold_loss":0},{"damage_healed":0,"gold_gain":0,"player_choice":"Fought Bandits","damage_taken":0,"max_hp_gain":0,"max_hp_loss":0,"event_name":"Masked Bandits","floor":31,"gold_loss":0}],"is_beta":false,"boss_relics":[{"not_picked":["Busted Crown","Pandora\u0027s Box"],"picked":"Calling Bell"}],"items_purged_floors":[3,28],"is_endless":false,"potions_floor_spawned":[2,10,11,16,21,24,25,27,29,30,31],"killed_by":"Champ","ascension_level":14}}