{"host":"0iuhrgzkozzv273x","time":1611503052,"event":{"mods":["2.2 Compatiblity","BaseMod","Colored Map","Curses Come First","Downfall","Minty Spire (QoL Compilation)","Spire Arcade","StSLib","The Construct","Unceasing Turn Reminder"],"gold_per_floor":[99,115,134,234,144,160,184,217,17,44,44,44,44,75,94,190,190,90,100,85,99,118,118,118,148,159,192,192,209,209,1,14,116,116,116,129,143,143,191,56,56,87,101,115,150,150,150,177,187,187,187,215,88,88,88,88],"floor_reached":57,"language":"ENG","playtime":7756,"items_purged":["Clumsy","bronze:Strike"],"score":1455,"play_id":"4c0d2cdc-506a-445f-8ab1-95c61296bb5d","local_time":"20210124104412","is_ascension_mode":true,"campfire_choices":[{"floor":1.0,"key":"RECALL"},{"data":"bronze:Terminator","floor":9.0,"key":"SMITH"},{"floor":13.0,"key":"REST"},{"floor":18.0,"key":"REST"},{"floor":23,"key":"REST"},{"floor":30,"key":"REST"},{"floor":35,"key":"REST"},{"data":"bronze:Strike","floor":47,"key":"PURGE"},{"data":"bronze:Strike","floor":54,"key":"PURGE"}],"circlet_count":0,"master_deck":["bronze:Strike+1","bronze:Defend","bronze:Defend","bronze:Defend","bronze:Replicate+1","bronze:Goto","bronze:Terminator+1","bronze:Turbo","bronze:BuggyMess","bronze:ChildClass+1","bronze:GetLatest+1","bronze:AlphaBuild","bronze:FineTuning+1","bronze:TinkerersToolbox+1","bronze:Optimize","bronze:Library","bronze:Repair+1","bronze:MaxOutput+1","bronze:Repulsor","bronze:Optimize+1","bronze:Shell+1","bronze:Overheat+1","bronze:Philosophize+1"],"relics":["bronze:PlatinumCore","Incense Burner","Blood Vial","downfall:HeartBlessingRed","downfall:HeartBlessingBlue","Centennial Puzzle","Toxic Egg 2","bronze:ProtectiveGoggles","Lizard Tail","Fusion Hammer","downfall:HeartBlessingGreen","StrikeDummy","Vajra","HornCleat","Sling","Peace Pipe","Mango","ClockworkSouvenir","Molten Egg 2","Art of War","Whetstone","Smiling Mask","Toy Ornithopter"],"acts_visited":["Exordium","TheCity","TheBeyond","TheEnding"],"potions_floor_usage":[25,27,32,33,55,56,56,56,56,56],"damage_taken":[{"damage":1.0,"enemies":"Cultist","floor":2.0,"turns":5.0},{"damage":0.0,"enemies":"Jaw Worm","floor":3.0,"turns":3.0},{"damage":5.0,"enemies":"downfall:FleeingMerchant","floor":5.0,"turns":4.0},{"damage":8.0,"enemies":"Small Slimes","floor":6.0,"turns":4.0},{"damage":24.0,"enemies":"3 Sentries","floor":8.0,"turns":11.0},{"damage":21.0,"enemies":"Gremlin Nob","floor":10.0,"turns":4.0},{"damage":15.0,"enemies":"3 Sentries","floor":14.0,"turns":9.0},{"damage":15.0,"enemies":"Exordium Wildlife","floor":15.0,"turns":5.0},{"damage":5.0,"enemies":"DF_ARCHETYPE_STREAMLINE","floor":16.0,"turns":8.0},{"damage":6.0,"enemies":"3 Byrds","floor":19.0,"turns":4.0},{"damage":11.0,"enemies":"downfall:FleeingMerchant","floor":20.0,"turns":4.0},{"damage":0.0,"enemies":"Chosen","floor":21.0,"turns":4.0},{"damage":16.0,"enemies":"Snecko","floor":22.0,"turns":6.0},{"damage":12,"enemies":"Slavers","floor":25,"turns":7},{"damage":12,"enemies":"Snake Plant","floor":26,"turns":4},{"damage":62,"enemies":"Gremlin Leader","floor":27,"turns":11},{"damage":0,"enemies":"Sentry and Sphere","floor":29,"turns":2},{"damage":0,"enemies":"downfall:FleeingMerchant","floor":31,"turns":4},{"damage":3,"enemies":"Cultist and Chosen","floor":32,"turns":5},{"damage":29,"enemies":"SI_MIRROR_ARCHETYPE","floor":33,"turns":16},{"damage":6,"enemies":"3 Darklings","floor":36,"turns":4},{"damage":0,"enemies":"3 Shapes","floor":37,"turns":6},{"damage":32,"enemies":"2 Orb Walkers","floor":39,"turns":4},{"damage":0,"enemies":"downfall:FleeingMerchant","floor":40,"turns":4},{"damage":5,"enemies":"Nemesis","floor":42,"turns":5},{"damage":0,"enemies":"Spire Growth","floor":43,"turns":4},{"damage":0,"enemies":"Transient","floor":44,"turns":5},{"damage":0,"enemies":"Giant Head","floor":45,"turns":5},{"damage":29,"enemies":"Nemesis","floor":48,"turns":7},{"damage":23,"enemies":"4 Shapes","floor":49,"turns":2},{"damage":23,"enemies":"IC_BLOCK_ARCHETYPE","floor":50,"turns":9},{"damage":0,"enemies":"downfall:CharBossMerchant","floor":52,"turns":7},{"damage":13,"enemies":"downfall:NeowBoss","floor":55,"turns":14},{"damage":25,"enemies":"downfall:NeowBossFinal","floor":56,"turns":11}],"seed_played":"8376172259815889008","potions_obtained":[{"floor":6.0,"key":"sneckomod:MuddlingPotion"},{"floor":8.0,"key":"Fruit Juice"},{"floor":10.0,"key":"PowerPotion"},{"floor":15.0,"key":"hexamod:SoulburnPotion"},{"floor":19.0,"key":"Slimebound:ThreeZeroPotion"},{"floor":22,"key":"Explosive Potion"},{"floor":25,"key":"EssenceOfSteel"},{"floor":27,"key":"Explosive Potion"},{"floor":39,"key":"CultistPotion"},{"floor":42,"key":"EntropicBrew"},{"floor":48,"key":"Weak Potion"}],"is_trial":false,"path_per_floor":["R","M","M","?","$","M","T","E","R","E","?","T","R","E","M","B",null,"R","M","$","M","M","R","T","E","M","E","?","M","R","$","M","B",null,"R","M","M","?","?","$","T","E","M","M","E","?","R","E","M","B",null,"E","$","R","B","B",null],"character_chosen":"THE_AUTOMATON","items_purchased":["bronze:Optimize","Sling","bronze:Repulsor","Mango","ClockworkSouvenir","bronze:Philosophize+1"],"campfire_rested":5,"item_purchase_floors":[31,31,40,40,40,53],"current_hp_per_floor":[70,69,69,69,64,56,56,37,47,28,28,28,53,40,27,24,85,85,79,70,72,58,83,83,73,63,3,3,5,30,32,31,4,85,85,79,85,85,63,89,89,96,99,99,99,99,99,80,69,58,99,99,99,99,86,74],"gold":88,"neow_bonus":"ONE_RARE_RELIC","is_daily":false,"chose_seed":false,"campfire_upgraded":1,"win_rate":0.0,"timestamp":1611503052,"path_taken":["R","M","?","?","$","M","T","E","R","E","?","?","R","E","M","BOSS","R","M","$","M","M","R","T","E","M","E","?","M","R","$","M","BOSS","R","M","M","?","?","$","T","E","M","M","E","?","R","E","M","BOSS","E","$","R","BOSS","BOSS"],"items_purchased_type":["Card","Relic","Card","Relic","Relic","Card"],"build_version":"2020-12-22","purchased_purges":2,"victory":true,"max_hp_per_floor":[70,70,70,70,70,70,70,75,85,85,85,85,85,85,85,85,85,85,85,85,85,85,85,85,85,85,85,85,85,85,85,85,85,85,85,85,85,85,85,99,99,99,99,99,99,99,99,99,99,99,99,99,99,99,99,99],"card_choices":[{"not_picked":["bronze:Turbo","bronze:Separator"],"picked":"bronze:Terminator","floor":2.0},{"not_picked":["bronze:Branch","bronze:MaxOutput","bronze:DarkDash"],"picked":"SKIP","floor":3.0},{"not_picked":["bronze:BuggyMess","bronze:MaxOutput","bronze:Allocate"],"picked":"SKIP","floor":5.0},{"not_picked":["bronze:InfiniteBeams","bronze:ItsAFeature"],"picked":"bronze:Turbo","floor":6.0},{"not_picked":["bronze:DelayedGuard","bronze:OilSpill","bronze:ForLoop"],"picked":"SKIP","floor":8.0},{"not_picked":["bronze:DigitalCarnage","bronze:GetLatest"],"picked":"bronze:BuggyMess","floor":10.0},{"not_picked":["bronze:WhirlingStrike","bronze:Format+1"],"picked":"bronze:ChildClass+1","floor":14.0},{"not_picked":["bronze:Constructor+1","bronze:Flail"],"picked":"bronze:GetLatest+1","floor":15.0},{"not_picked":["bronze:InfiniteLoop","bronze:Hardcode"],"picked":"bronze:AlphaBuild","floor":16.0},{"not_picked":["bronze:NullPointer","bronze:BitShift+1","bronze:Deprecate+1"],"picked":"SKIP","floor":19.0},{"not_picked":["bronze:BitShift+1","bronze:DelayedGuard+1","bronze:Deprecate+1"],"picked":"SKIP","floor":20.0},{"not_picked":["bronze:BugBarrage+1","bronze:Shell+1"],"picked":"bronze:FineTuning+1","floor":21.0},{"not_picked":["bronze:ForLoop+1","bronze:CloningBeam+1","bronze:Invalidate+1"],"picked":"SKIP","floor":22},{"not_picked":["bronze:FollowUp+1","bronze:DarkDash","bronze:ChildClass+1"],"picked":"SKIP","floor":25},{"not_picked":["bronze:ChildClass+1","bronze:DelayedSlice"],"picked":"bronze:TinkerersToolbox+1","floor":26},{"not_picked":["bronze:Deprecate+1","bronze:InfiniteBeams","bronze:DelayedSlice"],"picked":"SKIP","floor":27},{"not_picked":["bronze:ForLoop+1","bronze:Backtrace","bronze:WhirlingStrike+1"],"picked":"SKIP","floor":29},{"not_picked":["bronze:OilSpill","bronze:Flail","bronze:ChildClass+1"],"picked":"SKIP","floor":31},{"not_picked":["bronze:Iterate+1","bronze:Safeguard+1","bronze:CutThrough"],"picked":"SKIP","floor":32},{"not_picked":["bronze:Break","bronze:TinkerersToolbox+1"],"picked":"bronze:Library","floor":33},{"not_picked":["bronze:WhirlingStrike+1","bronze:Separator+1"],"picked":"bronze:Repair+1","floor":36},{"not_picked":["bronze:BugBarrage+1","bronze:WhirlingStrike+1","bronze:Branch"],"picked":"SKIP","floor":37},{"not_picked":["bronze:Deprecate+1","bronze:ClassDefault+1"],"picked":"bronze:MaxOutput+1","floor":40},{"not_picked":["bronze:Branch+1","bronze:Invalidate+1"],"picked":"bronze:Optimize+1","floor":42},{"not_picked":["bronze:CloningBeam+1","bronze:DelayedSlice+1"],"picked":"bronze:Shell+1","floor":43},{"not_picked":["bronze:DelayedGuard+1","bronze:OilSpill+1","bronze:ForLoop+1"],"picked":"SKIP","floor":44},{"not_picked":["bronze:DigitalCarnage+1","bronze:OilSpill+1","bronze:Deprecate+1"],"picked":"SKIP","floor":45},{"not_picked":["bronze:Repulsor","bronze:RecursiveStrike+1","bronze:DelayedGuard+1"],"picked":"SKIP","floor":48},{"not_picked":["bronze:Separator+1","bronze:Branch+1"],"picked":"bronze:Overheat+1","floor":49},{"not_picked":["bronze:Allocate+1","bronze:Iterate+1","bronze:Branch+1"],"picked":"SKIP","floor":52}],"player_experience":761390,"relics_obtained":[{"floor":8.0,"key":"Blood Vial"},{"floor":10.0,"key":"Centennial Puzzle"},{"floor":12.0,"key":"bronze:ProtectiveGoggles"},{"floor":14.0,"key":"Lizard Tail"},{"floor":24,"key":"StrikeDummy"},{"floor":25,"key":"Vajra"},{"floor":27,"key":"HornCleat"},{"floor":39,"key":"Peace Pipe"},{"floor":41,"key":"Molten Egg 2"},{"floor":42,"key":"Art of War"},{"floor":45,"key":"Whetstone"},{"floor":48,"key":"Smiling Mask"},{"floor":52,"key":"Toy Ornithopter"}],"event_choices":[{"cards_removed":["bronze:Defend"],"damage_healed":0,"gold_gain":0,"player_choice":"Removed Skill","damage_taken":0,"max_hp_gain":0,"max_hp_loss":0,"event_name":"Falling","floor":38,"gold_loss":0},{"damage_healed":0,"gold_gain":0,"player_choice":"Fight","damage_taken":0,"max_hp_gain":0,"max_hp_loss":0,"event_name":"Mysterious Sphere","floor":39,"gold_loss":0}],"is_beta":false,"boss_relics":[{"not_picked":["Coffee Dripper","construct:WeddingRing"],"picked":"Fusion Hammer"},{"not_picked":["Snecko Eye","Sozu"],"picked":"bronze:PlatinumCore"}],"items_purged_floors":[5,53],"is_endless":false,"potions_floor_spawned":[6,8,10,15,19,22,25,27,39,42,48,49],"ascension_level":2}}