{"host":"36umirwmj0u9xjg7","time":1611496686,"event":{"mods":["Aspiration","BaseMod","CCEM","ChefMod","Downfall","Minty Spire (QoL Compilation)","Reliquary","Replay The Spire","StS++","StSLib","The Construct","The Gatherer","The Hierophant","The Necromancer","The Runesmith","The Servant 0.9.4"],"gold_per_floor":[109,126,48,48,62,97,114,114,138,151,151,326,326,326,326,422,422,438,438,453,479,13,13,42,42,42],"floor_reached":25,"language":"ENG","playtime":977,"items_purged":["Defend_S+1"],"score":219,"play_id":"b545bee5-df74-4e87-bbc7-cddcbe4cecbe","local_time":"20210124145806","is_ascension_mode":false,"campfire_choices":[{"floor":11,"key":"REST"},{"floor":13,"key":"REST"},{"data":"SurpressingFire","floor":15,"key":"SMITH"},{"floor":23,"key":"REST"}],"circlet_count":0,"master_deck":["Strike_S+1","Strike_S+1","Strike_S+1","Strike_S+1","Defend_S+1","Defend_S+1","Defend_S+1","KidneyShot+1","Exchange+1","Potential","SurpressingFire+1","BestPractice","Sabotage+1","Contraction","TimeWarp+1","Doubt","MurderousAura","SilverBlades","DualDimension+1"],"relics":["Uniform","NeowsBlessing","Ginger","Gremlin Food","CCEMRelics:OverlyComfyChair","Ring of Chaos","Boot","Membership Card","reliquary:QuartzCube","Question Card","PocketWatch"],"acts_visited":["Exordium","TheCity"],"potions_floor_usage":[],"damage_taken":[{"damage":0,"enemies":"Cultist","floor":1,"turns":1},{"damage":0,"enemies":"Jaw Worm","floor":2,"turns":1},{"damage":0,"enemies":"2 Louse","floor":5,"turns":1},{"damage":10,"enemies":"3 Sentries","floor":6,"turns":10},{"damage":4,"enemies":"Looter","floor":7,"turns":3},{"damage":6,"enemies":"Exordium Wildlife","floor":10,"turns":5},{"damage":30,"enemies":"Hexaghost","floor":16,"turns":19},{"damage":32,"enemies":"3 Byrds","floor":18,"turns":7},{"damage":10,"enemies":"Shell Parasite","floor":20,"turns":7},{"damage":34,"enemies":"Gremlin Leader","floor":24,"turns":9},{"damage":13,"enemies":"Snake Plant","floor":25,"turns":4}],"seed_played":"6331439129664621422","potions_obtained":[{"floor":6,"key":"Cursed Concoction"},{"floor":7,"key":"SpeedPotion"},{"floor":10,"key":"Block Potion"}],"is_trial":false,"path_per_floor":["M","M","$","?","M","E","M","?","T","M","R","?","R","T","R","B",null,"M","?","M","T","$","R","E","M"],"character_chosen":"THE_SERVANT","items_purchased":["BestPractice","Membership Card","SilverBlades","reliquary:QuartzCube","Question Card"],"campfire_rested":3,"item_purchase_floors":[3,22,22,22,22],"current_hp_per_floor":[65,65,65,65,65,55,51,38,38,32,51,51,65,65,65,35,65,35,35,26,26,26,45,11,0,0],"gold":42,"neow_bonus":"THREE_ENEMY_KILL","is_daily":false,"chose_seed":false,"campfire_upgraded":1,"win_rate":0.0,"timestamp":1611496686,"path_taken":["M","M","$","?","?","E","?","?","T","M","R","?","R","?","R","BOSS","M","?","M","?","$","R","E","M"],"items_purchased_type":["Card","Relic","Card","Relic","Relic"],"build_version":"2020-12-22","purchased_purges":1,"victory":false,"max_hp_per_floor":[65,65,65,65,65,65,65,65,65,65,65,65,65,65,65,65,65,65,65,65,65,65,65,65,65,65],"card_choices":[{"not_picked":["Spin","Barrier"],"picked":"Potential","floor":1},{"not_picked":["Spin","Unruled"],"picked":"SurpressingFire","floor":2},{"not_picked":["BestPractice","FastForward"],"picked":"Sabotage","floor":5},{"not_picked":["DoubleEdge","Spin","Replace"],"picked":"SKIP","floor":6},{"not_picked":["Sunlight","Alleviate"],"picked":"Contraction","floor":7},{"not_picked":["Reset","Foresight"],"picked":"TimeWarp","floor":10},{"not_picked":["KillingDoll","FloweringNight"],"picked":"MurderousAura","floor":16},{"not_picked":["BestPractice","Foresight","Revamp"],"picked":"SKIP","floor":18},{"not_picked":["TimeWarp","StarChef","Replace"],"picked":"SKIP","floor":20},{"not_picked":["Shuttle","Read","Defy"],"picked":"DualDimension+1","floor":24}],"player_experience":143070,"relics_obtained":[{"floor":6,"key":"Ginger"},{"floor":9,"key":"Gremlin Food"},{"floor":14,"key":"CCEMRelics:OverlyComfyChair"},{"floor":21,"key":"Boot"},{"floor":24,"key":"PocketWatch"}],"event_choices":[{"damage_healed":0,"gold_gain":0,"player_choice":"Ignored","damage_taken":0,"max_hp_gain":0,"max_hp_loss":0,"event_name":"NoteForYourself","floor":4,"gold_loss":0},{"damage_healed":0,"gold_gain":0,"player_choice":"Entered Light","damage_taken":13,"max_hp_gain":0,"max_hp_loss":0,"event_name":"Shining Light","floor":8,"gold_loss":0,"cards_upgraded":["Sabotage","Strike_S"]},{"damage_healed":0,"gold_gain":175,"player_choice":"AGREE","damage_taken":0,"max_hp_gain":0,"max_hp_loss":0,"event_name":"Liars Game","floor":12,"gold_loss":0,"cards_obtained":["Doubt"]},{"damage_healed":0,"gold_gain":0,"player_choice":"Simplicity","damage_taken":0,"max_hp_gain":0,"max_hp_loss":0,"event_name":"Back to Basics","floor":19,"gold_loss":0,"cards_upgraded":["Strike_S","Strike_S","Strike_S","Defend_S","Defend_S","Defend_S","Defend_S"]}],"is_beta":false,"boss_relics":[{"not_picked":["ChewingGum","construct:WeddingRing"],"picked":"Ring of Chaos"}],"items_purged_floors":[22],"is_endless":false,"potions_floor_spawned":[6,7,10],"killed_by":"Snake Plant","ascension_level":0}}