{"host":"hn99riirbf0lv0ml","time":1611528540,"event":{"mods":["AchievementEnabler","Act Like it!","Bard","BaseMod","Beaked The Cultist","Colored Map","Colored Powertips","Conspire","Curses Come First","Downfall","Duelist Mod","Friendly Minions","Gensokyo","GifTheSpireLib","Glutton Mod","Halation","Jorbs\u0027s Wanderer Trilogy","Mad Scientist","Marisa????????","Minty Spire (QoL Compilation)","Rare Cards Sparkle","Replay The Spire","StSLib","The Blackbeard","The Bug Knight","The Construct","The Cursed","The Disciple","The Mystic","The Runesmith","The Servant 0.9.4","The Witch"],"gold_per_floor":[145,145,161,50,62,82,98,109,109,109,134,150,150,150,150,248,248,267,182,200,219,41,41,70,81,81,81,81,81,81,91,91,190,190,200,77,94,111,111,111,111,111,138,154,154,29,50,50,50,1,1,3,3],"floor_reached":52,"language":"ENG","playtime":12787,"items_purged":["theDuelist:Sparks","theDuelist:CastleWalls","theDuelist:CastleWalls"],"score":599,"play_id":"959f9549-21a4-4260-a15b-ee868595c0d1","local_time":"20210124174900","is_ascension_mode":false,"campfire_choices":[{"data":"Chrysalis","floor":10,"key":"SMITH"},{"data":"theDuelist:NaturalDisaster","floor":13,"key":"SMITH"},{"data":"theDuelist:NaturiaDragonfly","floor":15,"key":"SMITH"},{"floor":23,"key":"REST"},{"floor":27,"key":"REST"},{"data":"theDuelist:MudragonSwamp","floor":30,"key":"SMITH"},{"floor":32,"key":"REST"},{"floor":40,"key":"REST"},{"floor":42,"key":"REST"},{"floor":51,"key":"REST"}],"circlet_count":0,"master_deck":["theDuelist:BloodSparks","theDuelist:CastleWalls","theDuelist:NaturiaBeast+1","theDuelist:NaturiaCliff+1","theDuelist:NaturiaRock+1","theDuelist:NaturiaTulip+1","theDuelist:Sparks","Chrysalis+1","theDuelist:Spore","theDuelist:HammerShot","theDuelist:SummoningSwarm","theDuelist:NaturiaAntjaw+1","theDuelist:NaturiaDragonfly+1","theDuelist:NaturiaHydrangea+1","theDuelist:NaturiaLeodrake+1","theDuelist:LonefireBlossom","theDuelist:NaturalDisaster+1","theDuelist:NaturiaPineapple+1","theDuelist:NaturiaCherries+1","theDuelist:SurvivalInstinct","theDuelist:NaturiaSunflower+1","theDuelist:AfterGenocide","theDuelist:NaturiaDragonfly+1","theDuelist:LonefireBlossom","theDuelist:NaturiaBarkion+1","theDuelist:ClosedForest","theDuelist:MillenniumScorpion","theDuelist:Wiretap+1","theDuelist:NaturiaBarkion+1","theDuelist:NaturiaCherries+1","theDuelist:NaturiaGuardian+1","theDuelist:NaturiaRagweed+1","Thinking Ahead","theDuelist:SummoningSwarm+1","theDuelist:NaturiaStagBeetle+1","theDuelist:MudragonSwamp+1","theDuelist:NaturiaMarron","theDuelist:NaturiaForest","theDuelist:NaturiaBarkion","theDuelist:NaturiaTulip+1","theDuelist:LuminousMoss+1","theDuelist:LonefireBlossom","theDuelist:NatureReflection+1","theDuelist:NaturiaSacredTree+1","theDuelist:NaturiaRock","theDuelist:NaturiaMarron+1","Gensokyo:MorningMist","theDuelist:NaturiaSpiderfang+1","Mayhem","theDuelist:LonefireBlossom","theDuelist:WildNatureRelease+1","theDuelist:WildNatureRelease+1","Gensokyo:MedicineKit","theDuelist:SummoningSwarm+1"],"relics":["theDuelist:CardPoolRelic","theDuelist:CardPoolBasicRelic","theDuelist:BoosterPackPoolRelic","theDuelist:CardPoolAddRelic","theDuelist:CardPoolMinusRelic","theDuelist:CardPoolSaveRelic","theDuelist:CardPoolOptionsRelic","halation:SimulatedSpire","Kunai","Durian","construct:WeddingRing","Vajra","Dream Catcher","Lizard Tail","theDuelist:CursedHealer","Gensokyo:TheCrow","ReplayTheSpireMod:Spearhead","Replay:Bandana"],"acts_visited":["Exordium","TheCity","Gensokyo:Gensokyoest"],"potions_floor_usage":[11,11,16,16,24,31,33,47],"damage_taken":[{"damage":0,"enemies":"Cultist","floor":1,"turns":5},{"damage":3,"enemies":"2 Louse","floor":3,"turns":3},{"damage":0,"enemies":"Jaw Worm","floor":5,"turns":5},{"damage":10,"enemies":"2 Fungi Beasts","floor":6,"turns":5},{"damage":12,"enemies":"Exordium Wildlife","floor":7,"turns":4},{"damage":0,"enemies":"conspire:2 RoseBushes","floor":8,"turns":5},{"damage":0,"enemies":"Lagavulin","floor":11,"turns":6},{"damage":0,"enemies":"Large Slime","floor":12,"turns":5},{"damage":23,"enemies":"Slime Boss","floor":16,"turns":9},{"damage":4,"enemies":"Chosen","floor":18,"turns":5},{"damage":11,"enemies":"Shell Parasite","floor":20,"turns":6},{"damage":24,"enemies":"Centurion and Healer","floor":21,"turns":7},{"damage":24,"enemies":"theDuelist:KaibaA2","floor":24,"turns":5},{"damage":30,"enemies":"Snake Plant","floor":25,"turns":4},{"damage":54,"enemies":"3 Cultists","floor":31,"turns":6},{"damage":12,"enemies":"Pondfish","floor":33,"turns":15},{"damage":32,"enemies":"Gensokyo:AncientGuardian","floor":35,"turns":11},{"damage":58,"enemies":"Gensokyo:3_Boulders","floor":37,"turns":8},{"damage":20,"enemies":"Gensokyo:4_Bats","floor":38,"turns":3},{"damage":47,"enemies":"Gensokyo:Rafflesia","floor":44,"turns":7},{"damage":40,"enemies":"Gensokyo:Sharpion","floor":47,"turns":6},{"damage":71,"enemies":"Gensokyo:Shinki","floor":52,"turns":7}],"seed_played":"-6582682836023600983","potions_obtained":[{"floor":5,"key":"theDuelist:StunPotion"},{"floor":7,"key":"theDuelist:FireBottle"},{"floor":8,"key":"Fire Potion"},{"floor":12,"key":"theDuelist:ExtraOrbsBottle"},{"floor":18,"key":"Strength Potion"},{"floor":25,"key":"Fire Potion"},{"floor":31,"key":"SkillPotion"},{"floor":44,"key":"SpeedPotion"}],"is_trial":false,"path_per_floor":["M","T","M","$","M","M","M","M","T","R","E","M","R","?","R","B",null,"M","?","M","M","$","R","E","M","T","R","?","?","R","M","R","B",null,"M","$","M","M","?","R","?","R","T","M","T","$","M","PTL","PTL","COS","R","B"],"character_chosen":"THE_DUELIST","items_purchased":["theDuelist:NaturiaAntjaw+1","Thinking Ahead","theDuelist:LonefireBlossom"],"campfire_rested":6,"item_purchase_floors":[4,22,36],"current_hp_per_floor":[80,80,81,81,81,71,63,63,63,63,68,68,68,68,68,45,93,89,89,78,54,54,81,57,27,27,54,54,79,79,25,52,40,93,61,61,3,34,34,63,63,92,92,45,45,45,5,5,5,5,34,0,0],"gold":3,"neow_bonus":"SIMULATED_SPIRE","is_daily":false,"chose_seed":false,"campfire_upgraded":4,"win_rate":0.0,"timestamp":1611528540,"path_taken":["M","?","M","$","?","M","M","?","T","R","E","M","R","?","R","BOSS","M","?","M","M","$","R","E","M","T","R","?","?","R","M","R","BOSS","M","$","M","M","?","R","?","R","T","M","?","?","M","PTL","PTL","COS","R","BOSS"],"items_purchased_type":["Card","Card","Card"],"build_version":"2020-12-22","purchased_purges":3,"victory":false,"max_hp_per_floor":[80,80,84,84,84,84,88,88,88,88,93,93,93,93,93,93,93,93,93,93,93,93,93,93,93,93,93,93,93,93,93,93,93,93,93,93,93,97,97,97,97,97,97,97,97,97,97,97,97,97,97,97,97],"card_choices":[{"not_picked":["Bandage Up","Finesse","Panache"],"picked":"Chrysalis","floor":1},{"not_picked":["theDuelist:NaturiaCliff","theDuelist:NaturiaGaiastrio"],"picked":"theDuelist:Spore","floor":1},{"not_picked":["theDuelist:Mudora","theDuelist:PotAvarice","theDuelist:Reload","theDuelist:RockSunrise"],"picked":"theDuelist:HammerShot","floor":3},{"not_picked":["theDuelist:NaturiaHydrangea","theDuelist:NaturiaCosmobeet"],"picked":"theDuelist:SummoningSwarm","floor":3},{"not_picked":["theDuelist:Spore","theDuelist:NaturiaRagweed","theDuelist:FossilDig","theDuelist:NaturiaMantis"],"picked":"theDuelist:NaturiaDragonfly","floor":5},{"not_picked":["theDuelist:AcidTrapHole","theDuelist:NaturiaSpiderfang"],"picked":"theDuelist:NaturiaHydrangea","floor":5},{"not_picked":["theDuelist:ConvulsionNature","theDuelist:LeodrakeMane","theDuelist:NaturiaSacredTree"],"picked":"theDuelist:NaturiaLeodrake","floor":6},{"not_picked":["theDuelist:NaturiaBrambi","theDuelist:SummoningSwarm"],"picked":"theDuelist:LonefireBlossom","floor":6},{"not_picked":["theDuelist:ConvulsionNature","theDuelist:LeodrakeMane","theDuelist:LairWire","theDuelist:NaturiaSacredTree"],"picked":"theDuelist:NaturalDisaster","floor":7},{"not_picked":["theDuelist:Spore","theDuelist:HeartUnderdog"],"picked":"theDuelist:NaturiaPineapple","floor":7},{"not_picked":["theDuelist:NaturiaButterfly","theDuelist:NaturiaBeans","theDuelist:NaturiaAntjaw","theDuelist:CopyPlant"],"picked":"theDuelist:NaturiaCherries","floor":8},{"not_picked":["theDuelist:FossilDig","theDuelist:NaturiaDragonfly"],"picked":"theDuelist:SurvivalInstinct","floor":8},{"not_picked":["theDuelist:NaturiaEggplant","theDuelist:NaturiaRagweed","theDuelist:SummoningSwarm","theDuelist:FossilDig"],"picked":"theDuelist:NaturiaSunflower","floor":11},{"not_picked":["theDuelist:SpacetimeTranscendence","theDuelist:SummoningSwarm"],"picked":"theDuelist:AfterGenocide","floor":11},{"not_picked":["theDuelist:NaturiaEggplant","theDuelist:NaturiaParadizo","theDuelist:NaturiaHydrangea","theDuelist:NaturiaLandoise"],"picked":"theDuelist:NaturiaDragonfly","floor":12},{"not_picked":["theDuelist:Spore","theDuelist:NaturiaEggplant"],"picked":"theDuelist:LonefireBlossom","floor":12},{"not_picked":["theDuelist:NaturiaVein","theDuelist:ClosedForest","theDuelist:MultiplicationOfAnts","theDuelist:Wildfire"],"picked":"theDuelist:NaturiaBarkion","floor":16},{"not_picked":["theDuelist:NaturiaBarkion","theDuelist:HuntingInstinct"],"picked":"theDuelist:ClosedForest","floor":16},{"not_picked":["theDuelist:NaturiaBeetle","theDuelist:NaturiaBambooShoot","theDuelist:NaturiaMarron","theDuelist:NaturiaLeodrake"],"picked":"theDuelist:MillenniumScorpion","floor":18},{"not_picked":["theDuelist:NaturiaRagweed","theDuelist:NaturiaStinkbug"],"picked":"theDuelist:Wiretap+1","floor":18},{"not_picked":["theDuelist:SeismicShockwave","theDuelist:Wildfire"],"picked":"theDuelist:NaturiaBarkion+1","floor":20},{"not_picked":["theDuelist:NaturiaRock","theDuelist:NaturiaParadizo"],"picked":"theDuelist:NaturiaCherries+1","floor":20},{"not_picked":["theDuelist:NaturiaSpiderfang","theDuelist:NaturiaLandoise"],"picked":"theDuelist:NaturiaGuardian","floor":21},{"not_picked":["theDuelist:NaturiaTulip","theDuelist:NaturiaExterio"],"picked":"theDuelist:NaturiaRagweed","floor":21},{"not_picked":["theDuelist:NaturiaDragonfly","theDuelist:FossilDig","theDuelist:LonefireBlossom","theDuelist:NaturiaRosewhip"],"picked":"theDuelist:SummoningSwarm+1","floor":24},{"not_picked":["theDuelist:FuryFire","theDuelist:NaturiaRosewhip"],"picked":"theDuelist:NaturiaStagBeetle+1","floor":24},{"not_picked":["theDuelist:BigFire+1","theDuelist:EarthEffigy","theDuelist:CatapultZone","theDuelist:ChangeHeart+1"],"picked":"theDuelist:MudragonSwamp","floor":25},{"not_picked":["theDuelist:Spore","theDuelist:FossilExcavation"],"picked":"theDuelist:NaturiaMarron","floor":25},{"not_picked":["theDuelist:NaturiaCliff","theDuelist:NaturiaAntjaw","theDuelist:Spore","theDuelist:SummoningSwarm","theDuelist:NaturiaMantis+1"],"picked":"SKIP","floor":31},{"not_picked":["theDuelist:NaturiaMosquito","theDuelist:NaturiaVein","theDuelist:NaturiaDragonfly"],"picked":"SKIP","floor":31},{"not_picked":["theDuelist:NaturiaVein","theDuelist:ClosedForest","theDuelist:Canyon","theDuelist:HeartUnderdog"],"picked":"theDuelist:NaturiaForest","floor":33},{"not_picked":["theDuelist:DemiseLand","theDuelist:HeartUnderdog"],"picked":"theDuelist:NaturiaBarkion","floor":33},{"not_picked":["theDuelist:NaturiaGaiastrio+1","theDuelist:NaturiaStrawberry","theDuelist:NaturiaMarron","theDuelist:NaturiaPineapple+1"],"picked":"theDuelist:NaturiaTulip+1","floor":35},{"not_picked":["theDuelist:FossilDig","theDuelist:NaturiaTulip+1"],"picked":"theDuelist:LuminousMoss+1","floor":35},{"not_picked":["theDuelist:Pollinosis+1","theDuelist:NaturalDisaster+1","theDuelist:Wiretap","theDuelist:AcidTrapHole"],"picked":"theDuelist:NatureReflection+1","floor":37},{"not_picked":["theDuelist:NaturiaBeans","theDuelist:NaturiaHydrangea+1","theDuelist:SummoningSwarm"],"picked":"SKIP","floor":37},{"not_picked":["theDuelist:ConvulsionNature","theDuelist:NaturalDisaster+1","theDuelist:Anteater"],"picked":"theDuelist:NaturiaSacredTree+1","floor":38},{"not_picked":["theDuelist:NaturiaAntjaw","theDuelist:NaturiaDragonfly"],"picked":"theDuelist:NaturiaRock","floor":38},{"not_picked":["theDuelist:NaturiaHydrangea+1","theDuelist:NaturiaBambooShoot+1"],"picked":"theDuelist:NaturiaMarron+1","floor":40},{"not_picked":["Gensokyo:LifeSpringInfinity","Gensokyo:NewMoon"],"picked":"Gensokyo:MorningMist","floor":41},{"not_picked":["theDuelist:NaturiaDragonfly","theDuelist:SeismicShockwave"],"picked":"theDuelist:NaturiaSpiderfang+1","floor":42},{"not_picked":["Chrysalis","Dramatic Entrance+1","Thinking Ahead"],"picked":"Mayhem","floor":44},{"not_picked":["theDuelist:Spore+1","theDuelist:SummoningSwarm"],"picked":"theDuelist:LonefireBlossom","floor":44},{"not_picked":["theDuelist:VenomShot+1","theDuelist:LuminousMoss","theDuelist:ExterioFang+1","theDuelist:SpacetimeTranscendence+1"],"picked":"theDuelist:WildNatureRelease+1","floor":47},{"not_picked":["theDuelist:NaturiaExterio","theDuelist:DemiseLand"],"picked":"theDuelist:WildNatureRelease+1","floor":47},{"not_picked":["theDuelist:NaturiaMantis+1","theDuelist:FuryFire+1"],"picked":"theDuelist:SummoningSwarm+1","floor":51}],"player_experience":225561,"relics_obtained":[{"floor":2,"key":"Kunai"},{"floor":11,"key":"Durian"},{"floor":24,"key":"Dream Catcher"},{"floor":26,"key":"Lizard Tail"},{"floor":43,"key":"ReplayTheSpireMod:Spearhead"},{"floor":45,"key":"Replay:Bandana"}],"event_choices":[{"damage_healed":0,"gold_gain":0,"player_choice":"Ignored","damage_taken":0,"max_hp_gain":0,"max_hp_loss":0,"event_name":"NoteForYourself","floor":14,"gold_loss":0},{"damage_healed":0,"gold_gain":0,"player_choice":"Obtained Relic","damage_taken":0,"relics_obtained":["Vajra"],"max_hp_gain":0,"max_hp_loss":0,"event_name":"Addict","floor":19,"gold_loss":85},{"damage_healed":0,"gold_gain":0,"player_choice":"Leave","duelist":true,"damage_taken":0,"max_hp_gain":0,"max_hp_loss":0,"event_name":"Aknamkanon\u0027s Tomb","floor":28,"gold_loss":0},{"damage_healed":0,"gold_gain":0,"player_choice":"Succumb - +25HP/Cursed Relic","duelist":true,"damage_taken":0,"max_hp_gain":0,"max_hp_loss":0,"event_name":"Tomb of the Nameless","floor":29,"gold_loss":0}],"is_beta":false,"boss_relics":[{"not_picked":["halation:Prosthetics","halation:PinkAlligatorPlush"],"picked":"construct:WeddingRing"},{"not_picked":["beaked:MawFillet","Electric Blood","Fusion Hammer"]}],"items_purged_floors":[4,36,46],"is_endless":false,"potions_floor_spawned":[5,7,8,12,18,25,31,44],"killed_by":"Gensokyo:Shinki","ascension_level":0}}