{"host":"17uzppmr1r5fe5jj","time":1611524056,"event":{"mods":["BaseMod","Minty Spire (QoL Compilation)","Quick Restart","StSLib","[IsaacMod]ÒÔÈö¼âËþ"],"gold_per_floor":[111,16,16,30,46,46,77,89,139,139,153,153,165,199,199,300,300,318,329,24,44,64,64,76,96,122,122,122,153,153,78,78,176,176,187,87,0,0,0,0,0,50,50,102,102,102,52,70,70,70],"floor_reached":51,"language":"ZHS","playtime":2341,"items_purged":["Noxious Fumes","Night Terror","Night Terror","Slice"],"score":673,"play_id":"914598b9-5a95-4b04-8fbe-6afa9d89ed9f","local_time":"20210125053416","daily_mods":["Heirloom","Flight"],"is_ascension_mode":false,"campfire_choices":[{"data":"Accuracy","floor":6.0,"key":"SMITH"},{"data":"Cloak And Dagger","floor":10.0,"key":"SMITH"},{"data":"Infinite Blades","floor":12.0,"key":"SMITH"},{"data":"Survivor","floor":15.0,"key":"SMITH"},{"data":"Blade Dance","floor":23.0,"key":"SMITH"},{"data":"A Thousand Cuts","floor":30.0,"key":"SMITH"},{"floor":32.0,"key":"REST"},{"data":"Phantasmal Killer","floor":40,"key":"SMITH"},{"data":"Leg Sweep","floor":41,"key":"SMITH"},{"data":"Adrenaline","floor":45,"key":"SMITH"},{"data":"PiercingWail","floor":49,"key":"SMITH"}],"circlet_count":0,"master_deck":["Survivor+1","Neutralize","Adrenaline+1","Accuracy+1","Cloak And Dagger+1","Well Laid Plans","PiercingWail+1","Infinite Blades+1","Adrenaline","Phantasmal Killer+1","Leg Sweep+1","Calculated Gamble","Infinite Blades","Phantasmal Killer","Backflip","Blade Dance+1","Prepared","A Thousand Cuts+1","Concentrate","Cloak And Dagger+1","Acrobatics+1","Adrenaline"],"relics":["Ring of the Snake","HushsDoor","Torii","BloodDonationMachine","PokeGo","Shuriken","Akabeko","GnawedLeaf","Pandora\u0027s Box","Pen Nib","Orrery","Juzu Bracelet","White Beast Statue","HoveringKite","Red Mask","The Specimen","Smiling Mask","Gambling Chip"],"acts_visited":["Exordium","TheCity","TheBeyond"],"potions_floor_usage":[44,50],"damage_taken":[{"damage":4.0,"enemies":"Cultist","floor":1.0,"turns":6.0},{"damage":1.0,"enemies":"2 Louse","floor":4.0,"turns":3.0},{"damage":0.0,"enemies":"Small Slimes","floor":5.0,"turns":5.0},{"damage":1.0,"enemies":"Gremlin Nob","floor":7.0,"turns":3.0},{"damage":10.0,"enemies":"Gremlin Gang","floor":8.0,"turns":6.0},{"damage":0.0,"enemies":"Exordium Wildlife","floor":11.0,"turns":1.0},{"damage":1.0,"enemies":"Blue Slaver","floor":13.0,"turns":2.0},{"damage":7.0,"enemies":"Lagavulin","floor":14.0,"turns":5.0},{"damage":20.0,"enemies":"The Guardian","floor":16.0,"turns":7.0},{"damage":0.0,"enemies":"Spheric Guardian","floor":18.0,"turns":3.0},{"damage":15.0,"enemies":"2 Thieves","floor":19.0,"turns":4.0},{"damage":2.0,"enemies":"Cultist and Chosen","floor":21.0,"turns":3.0},{"damage":8.0,"enemies":"Snake Plant","floor":22.0,"turns":3.0},{"damage":6.0,"enemies":"Centurion and Healer","floor":24.0,"turns":4.0},{"damage":0.0,"enemies":"3 Cultists","floor":25.0,"turns":3.0},{"damage":33.0,"enemies":"Slavers","floor":29.0,"turns":4.0},{"damage":7.0,"enemies":"Automaton","floor":33.0,"turns":4.0},{"damage":1.0,"enemies":"3 Shapes","floor":35.0,"turns":5.0},{"damage":12,"enemies":"Mind Bloom Boss Battle","floor":42,"turns":5},{"damage":0,"enemies":"2 Orb Walkers","floor":44,"turns":2},{"damage":0,"enemies":"3 Darklings","floor":48,"turns":2},{"damage":26,"enemies":"Donu and Deca","floor":50,"turns":4}],"seed_played":"5660639764037833948","potions_obtained":[{"floor":4.0,"key":"AttackPotion"},{"floor":8.0,"key":"SteroidPotion"},{"floor":14.0,"key":"FairyPotion"},{"floor":16.0,"key":"Swift Potion"},{"floor":18.0,"key":"SteroidPotion"},{"floor":22.0,"key":"DuplicationPotion"},{"floor":25.0,"key":"GamblersBrew"},{"floor":33.0,"key":"Energy Potion"},{"floor":35.0,"key":"GamblersBrew"},{"floor":42,"key":"Swift Potion"},{"floor":44,"key":"CultistPotion"},{"floor":48,"key":"Swift Potion"}],"is_trial":true,"path_per_floor":["M","$","?","M","M","R","E","M","T","R","M","R","M","E","R","B",null,"M","M","$","M","M","R","M","M","T","?","?","E","R","$","R","B",null,"M","$","?","?","?","R","R","?","T","?","R","?","$","M","R","B",null],"character_chosen":"THE_SILENT","items_purchased":["Accuracy","Cloak And Dagger","Pen Nib","Orrery"],"campfire_rested":1,"item_purchase_floors":[2,2,20,20],"current_hp_per_floor":[66,66,59,58,58,58,57,47,47,47,47,47,46,39,39,19,70,70,55,55,53,45,45,39,39,39,39,39,6,6,6,27,20,65,64,64,64,64,64,64,64,52,52,52,52,52,52,52,52,26],"gold":70,"neow_bonus":"","is_daily":false,"chose_seed":false,"campfire_upgraded":10,"win_rate":0.0,"timestamp":1611524056,"path_taken":["M","?","?","M","?","R","E","M","T","R","M","R","M","E","R","BOSS","M","M","$","M","M","R","?","M","T","?","?","E","R","$","R","BOSS","M","$","?","?","?","R","R","?","T","?","R","?","$","M","R","BOSS"],"items_purchased_type":["Card","Card","Relic","Relic"],"build_version":"2020-12-22","purchased_purges":4,"victory":true,"max_hp_per_floor":[70,70,70,70,70,70,70,70,70,70,70,70,70,70,70,70,70,70,70,70,70,70,70,70,70,70,70,70,70,70,70,70,70,65,65,65,65,65,65,65,65,65,65,65,65,65,65,65,65,65],"card_choices":[{"not_picked":[],"picked":"Bomb","floor":0.0},{"not_picked":["Slice","Deadly Poison"],"picked":"Adrenaline","floor":1.0},{"not_picked":["Bouncing Flask","Poisoned Stab"],"picked":"Well Laid Plans","floor":4.0},{"not_picked":["Slice","Predator"],"picked":"PiercingWail","floor":5.0},{"not_picked":["Setup","Deadly Poison","Distraction"],"picked":"SKIP","floor":7.0},{"not_picked":["Bouncing Flask","Noxious Fumes"],"picked":"Slice","floor":8.0},{"not_picked":["Masterful Stab","Calculated Gamble"],"picked":"Infinite Blades","floor":11.0},{"not_picked":["Bane","Underhanded Strike","Poisoned Stab"],"picked":"SKIP","floor":13.0},{"not_picked":["Unload","Outmaneuver"],"picked":"Adrenaline","floor":14.0},{"not_picked":["Tools of the Trade","Wraith Form v2"],"picked":"Phantasmal Killer","floor":16.0},{"not_picked":["Sucker Punch","Dagger Spray"],"picked":"Backflip","floor":18.0},{"not_picked":["Expertise","Outmaneuver","Flechettes"],"picked":"SKIP","floor":19.0},{"not_picked":["Backflip","Leg Sweep"],"picked":"Blade Dance","floor":20.0},{"not_picked":["Backstab","Dagger Throw"],"picked":"Prepared","floor":21.0},{"not_picked":["Escape Plan","Deflect","Blur"],"picked":"SKIP","floor":22.0},{"not_picked":["Dodge and Roll","Caltrops"],"picked":"A Thousand Cuts","floor":24.0},{"not_picked":["Backstab","PiercingWail"],"picked":"Concentrate","floor":25.0},{"not_picked":["Flying Knee+1","Prepared"],"picked":"Acrobatics+1","floor":29.0},{"not_picked":["Die Die Die","Grand Finale"],"picked":"Adrenaline","floor":33.0},{"not_picked":["Slice+1","Quick Slash+1","Noxious Fumes"],"picked":"SKIP","floor":35.0},{"not_picked":["Underhanded Strike","Dodge and Roll","Phantasmal Killer"],"picked":"SKIP","floor":48}],"player_experience":116857,"relics_obtained":[{"floor":7.0,"key":"Shuriken"},{"floor":9.0,"key":"Akabeko"},{"floor":14.0,"key":"GnawedLeaf"},{"floor":26.0,"key":"Juzu Bracelet"},{"floor":29.0,"key":"White Beast Statue"},{"floor":42,"key":"The Specimen"},{"floor":43,"key":"Smiling Mask"},{"floor":44,"key":"Gambling Chip"}],"event_choices":[{"cards_removed":["Strike_G"],"damage_healed":0.0,"max_hp_gain":0.0,"max_hp_loss":0.0,"gold_gain":0.0,"event_name":"Golden Wing","player_choice":"Card Removal","floor":3.0,"gold_loss":0.0,"damage_taken":7.0},{"cards_removed":["Riddle With Holes"],"damage_healed":0.0,"max_hp_gain":0.0,"max_hp_loss":0.0,"gold_gain":0.0,"event_name":"Back to Basics","player_choice":"Elegance","floor":27.0,"gold_loss":0.0,"damage_taken":0.0},{"damage_healed":0.0,"max_hp_gain":0.0,"max_hp_loss":0.0,"gold_gain":0.0,"event_name":"The Library","player_choice":"Read","floor":28.0,"gold_loss":0.0,"damage_taken":0.0,"cards_obtained":["Cloak And Dagger"]},{"damage_healed":0.0,"max_hp_gain":0.0,"max_hp_loss":0.0,"gold_gain":0.0,"event_name":"Tomb of Lord Red Mask","player_choice":"Paid","floor":37.0,"gold_loss":87.0,"damage_taken":0.0,"relics_obtained":["Red Mask"]},{"damage_healed":0.0,"max_hp_gain":0.0,"max_hp_loss":0.0,"gold_gain":0.0,"event_name":"SensoryStone","player_choice":"Memory 1","floor":38.0,"gold_loss":0.0,"damage_taken":0.0},{"damage_healed":0,"gold_gain":0,"player_choice":"Forge","damage_taken":0,"max_hp_gain":0,"max_hp_loss":0,"event_name":"Accursed Blacksmith","floor":39,"gold_loss":0,"cards_upgraded":["Cloak And Dagger"]},{"damage_healed":0,"gold_gain":0,"player_choice":"Fight","damage_taken":0,"max_hp_gain":0,"max_hp_loss":0,"event_name":"MindBloom","floor":42,"gold_loss":0},{"damage_healed":0,"gold_gain":0,"player_choice":"Fight","damage_taken":0,"max_hp_gain":0,"max_hp_loss":0,"event_name":"Mysterious Sphere","floor":44,"gold_loss":0},{"cards_removed":["Die Die Die"],"damage_healed":0,"gold_gain":0,"player_choice":"Removed Attack","damage_taken":0,"max_hp_gain":0,"max_hp_loss":0,"event_name":"Falling","floor":46,"gold_loss":0}],"is_beta":false,"boss_relics":[{"not_picked":["SacredBark","Busted Crown"],"picked":"Pandora\u0027s Box"},{"not_picked":[]},{"not_picked":["Calling Bell","Velvet Choker"],"picked":"HoveringKite"},{"not_picked":[]}],"items_purged_floors":[31,34,36,47],"is_endless":false,"potions_floor_spawned":[4,8,14,16,18,22,24,25,29,33,35,42,44,48],"ascension_level":0}}