{"host":"0wzx847a4uibrodg","time":1611502635,"event":{"mods":["ATMod(°¢èªMod)","Act Like it!","Aspiration","BaseMod","Hermit","KomeijiMod","Lobotomy","LobotomyExtend","Minty Spire (QoL Compilation)","Quick Restart","Replay The Spire","Spicy Shops","StSLib","The Cursed","UnlockEverythingMod","vexMod","¡¾ÒÅÎï¿¨ÅÆ¡¿REMEMod"],"gold_per_floor":[117,131,143,159,159,194,208,153,176,205,215,215,129,129,129,226,226,240,258,276,129,129,156,174,186,186,186,186],"floor_reached":27,"language":"ZHS","playtime":1049,"items_purged":[],"score":340,"play_id":"557ad9d0-b244-4ca7-96ca-c877655e34e7","local_time":"20210124233715","is_ascension_mode":true,"campfire_choices":[{"data":"AT_KneejerkReflex","floor":12.0,"key":"SMITH"},{"floor":15.0,"key":"REST"}],"circlet_count":0,"master_deck":["Strike_P","Strike_P","Strike_P","Defend_P","Defend_P","Eruption","Vigilance","ReplayTheSpireMod:Omega Cannon","AT_KneejerkReflex+1","Replay:Vibes","CutThroughFate","Vengeance+1","WheelKick","AT_ChampionStep","CutThroughFate","Replay:Cycle","Wallop","Vengeance","Crescendo","Wireheading","AT_MachinaRedman","AT_CaressingTears","Replay:ManipulateFuture","Burning Pact+1","AT_DrawKnifeCut","Replay:BluntJabs","Pommel Strike+1","MentalFortress","BattleHymn+1"],"relics":["PureWater","AT_ATBox","REME_ComplimentaryCards","aspiration:Nostalgia","TheCursedMod:BlackMagic101","LetterFromLob","Onion Ring","Oddly Smooth Stone","Replay:WaspNest","aspiration:IroncladSkillbook","AT_GoldPhoenixTree","Juzu Bracelet","Replay:Multitool"],"acts_visited":["Exordium","TheCity"],"potions_floor_usage":[23,27],"damage_taken":[{"damage":1.0,"enemies":"Cultist","floor":1.0,"turns":3.0},{"damage":0.0,"enemies":"Jaw Worm","floor":2.0,"turns":1.0},{"damage":0.0,"enemies":"Small Slimes","floor":3.0,"turns":3.0},{"damage":13.0,"enemies":"Blue Slaver","floor":4.0,"turns":2.0},{"damage":20.0,"enemies":"Gremlin Nob","floor":6.0,"turns":3.0},{"damage":6.0,"enemies":"Looter","floor":7.0,"turns":2.0},{"damage":0.0,"enemies":"3 Sentries","floor":10.0,"turns":1.0},{"damage":0.0,"enemies":"3 Louse","floor":11.0,"turns":1.0},{"damage":8.0,"enemies":"Fading Forest","floor":16.0,"turns":11.0},{"damage":17.0,"enemies":"3 Byrds","floor":18.0,"turns":3.0},{"damage":0.0,"enemies":"Spheric Guardian","floor":19.0,"turns":2.0},{"damage":8.0,"enemies":"Centurion and Healer","floor":20.0,"turns":2.0},{"damage":37,"enemies":"Gremlin Leader","floor":23,"turns":3},{"damage":16,"enemies":"Cultist and Chosen","floor":24,"turns":3},{"damage":0,"enemies":"Sentry and Sphere","floor":25,"turns":2},{"damage":13,"enemies":"Snake Plant","floor":27,"turns":1}],"seed_played":"-5489327565681553748","potions_obtained":[{"floor":1.0,"key":"LifebloodPotion"},{"floor":3.0,"key":"Swift Potion"},{"floor":11.0,"key":"LiquidMemories"},{"floor":16.0,"key":"BottledMiracle"},{"floor":18.0,"key":"SpeedPotion"},{"floor":20.0,"key":"Reflective Coating"}],"is_trial":false,"path_per_floor":["M","M","M","M","?","E","M","$","T","E","M","R","$","M","R","B",null,"M","M","M","$","?","E","M","M","T","M"],"character_chosen":"WATCHER","items_purchased":["Replay:Cycle","Crescendo","Wireheading","AT_GoldPhoenixTree"],"campfire_rested":1,"item_purchase_floors":[8,13,13,21],"current_hp_per_floor":[71,71,71,58,51,31,25,25,25,25,25,25,25,25,46,50,67,54,58,54,54,54,21,9,13,13,0,0],"gold":186,"neow_bonus":"NOSTALGIA","is_daily":false,"chose_seed":false,"campfire_upgraded":1,"win_rate":0.0,"timestamp":1611502635,"path_taken":["M","M","?","M","?","E","M","$","T","E","M","R","$","M","R","BOSS","M","M","M","$","?","E","M","M","T","M"],"items_purchased_type":["Card","Card","Card","Relic"],"build_version":"2020-12-22","purchased_purges":0,"victory":false,"max_hp_per_floor":[72,72,72,72,72,72,72,72,72,72,72,72,72,72,72,72,72,72,72,72,72,72,72,72,72,72,72,72],"card_choices":[{"not_picked":["CrushJoints","Consecrate"],"picked":"Replay:Vibes","floor":1.0},{"not_picked":["JustLucky","PathToVictory"],"picked":"CutThroughFate","floor":2.0},{"not_picked":["FlyingSleeves","DeceiveReality"],"picked":"Vengeance","floor":3.0},{"not_picked":["Halt","SignatureMove"],"picked":"WheelKick","floor":4.0},{"not_picked":["SpiritShield","Evaluate"],"picked":"AT_ChampionStep","floor":6.0},{"not_picked":["ClearTheMind","Replay:AtTheReady"],"picked":"CutThroughFate","floor":7.0},{"not_picked":["Protect","JustLucky"],"picked":"Wallop","floor":10.0},{"not_picked":["Replay:Anticipation","Adaptation"],"picked":"Vengeance","floor":11.0},{"not_picked":["Devotion","DeusExMachina"],"picked":"AT_MachinaRedman","floor":16.0},{"not_picked":["Crescendo","Wireheading","TalkToTheHand"],"picked":"AT_CaressingTears","floor":18.0},{"not_picked":["Metallicize+1","ReplayTheSpireMod:LeadingStrike+1","Evaluate"],"picked":"Replay:ManipulateFuture","floor":19.0},{"not_picked":["Battle Trance","Collect","Prostrate"],"picked":"Burning Pact+1","floor":20.0},{"not_picked":["Replay:ManipulateFuture+1","ClearTheMind","ThirdEye"],"picked":"Pommel Strike+1","floor":23},{"not_picked":["Pray","ReplayTheSpireMod:Strike From Hell+1","Entrench"],"picked":"MentalFortress","floor":24},{"not_picked":["Abandon","AT_CaressingTears","Clothesline"],"picked":"BattleHymn+1","floor":25}],"player_experience":87057,"relics_obtained":[{"floor":1.0,"key":"LetterFromLob"},{"floor":6.0,"key":"Onion Ring"},{"floor":9.0,"key":"Oddly Smooth Stone"},{"floor":10.0,"key":"Replay:WaspNest"},{"floor":23,"key":"Juzu Bracelet"},{"floor":26,"key":"Replay:Multitool"}],"event_choices":[{"cards_removed":["Defend_P"],"damage_healed":0.0,"max_hp_gain":0.0,"max_hp_loss":0.0,"gold_gain":0.0,"event_name":"Golden Wing","player_choice":"Card Removal","floor":5.0,"gold_loss":0.0,"damage_taken":7.0},{"damage_healed":0.0,"max_hp_gain":0.0,"max_hp_loss":0.0,"gold_gain":0.0,"cards_transformed":["Strike_P","Defend_P"],"event_name":"Drug Dealer","player_choice":"Became Test Subject","floor":22.0,"gold_loss":0.0,"damage_taken":0.0,"cards_obtained":["AT_DrawKnifeCut","Replay:BluntJabs"]}],"is_beta":false,"boss_relics":[{"not_picked":["Ectoplasm","REME_DemonsWealth"],"picked":"aspiration:IroncladSkillbook"}],"items_purged_floors":[],"is_endless":false,"potions_floor_spawned":[1,3,11,16,18,20],"killed_by":"Snake Plant","ascension_level":5}}