{"host":"y1oqg7uy0jc6f5mb","time":1611515970,"event":{"mods":["BaseMod","Better Altar","Better Match","Better Note","Better Sensory Stone","Better Skull","Better Third Choice","BetterRewards","Block Reminder","Colored Map","Colored Powertips","Custom Start","DeckTracker","Displayed Cursed Tome","Highlight Path","Ironclad Rager","Minty Spire (QoL Compilation)","Permanent Neow","Quick Restart","Relic Sorter","Relic Stats","Shop Mod","StSLib"],"gold_per_floor":[117,42,42,57,34,34,62,62,62,82,82,117,129,145,145,246,246,261,133,148,24,37,37,64,64,111,142,154,185,197,197],"floor_reached":30,"language":"ENG","playtime":2265,"items_purged":["Strike_P","Strike_P"],"score":260,"play_id":"5bf1698b-ad58-41c7-94cc-82524e40c3bb","local_time":"20210125031930","is_ascension_mode":false,"campfire_choices":[{"data":"Eruption","floor":6.0,"key":"SMITH"},{"data":"Study","floor":8.0,"key":"SMITH"},{"data":"Indignation","floor":11.0,"key":"SMITH"},{"floor":15.0,"key":"REST"},{"data":"Fasting2","floor":23.0,"key":"SMITH"},{"floor":25.0,"key":"REST"},{"floor":28.0,"key":"REST"}],"circlet_count":0,"master_deck":["Strike_P+1","Defend_P","Defend_P","Defend_P+1","Eruption+1","Vigilance","Nirvana","WreathOfFlame+1","FlurryOfBlows+1","Halt","JustLucky","Study+1","Indignation+1","Vengeance","FollowUp","EmptyFist","LessonLearned","TalkToTheHand+1","FlurryOfBlows","Fasting2+1","EmptyBody","WheelKick","WindmillStrike+1","Crescendo+1","Blasphemy"],"relics":["PureWater","Pocketwatch","Gremlin Horn","Eternal Feather","Sozu","The Courier","MawBank"],"acts_visited":["Exordium","TheCity"],"potions_floor_usage":[],"damage_taken":[{"damage":0.0,"enemies":"Small Slimes","floor":1.0,"turns":5.0},{"damage":1.0,"enemies":"Cultist","floor":4.0,"turns":3.0},{"damage":31.0,"enemies":"3 Sentries","floor":7.0,"turns":9.0},{"damage":0.0,"enemies":"2 Louse","floor":10.0,"turns":3.0},{"damage":17.0,"enemies":"Gremlin Nob","floor":12.0,"turns":3.0},{"damage":2.0,"enemies":"Exordium Thugs","floor":13.0,"turns":3.0},{"damage":0.0,"enemies":"Lots of Slimes","floor":14.0,"turns":1.0},{"damage":18.0,"enemies":"Hexaghost","floor":16.0,"turns":7.0},{"damage":10.0,"enemies":"2 Thieves","floor":18.0,"turns":3.0},{"damage":2.0,"enemies":"Chosen","floor":20.0,"turns":3.0},{"damage":32.0,"enemies":"Shelled Parasite and Fungi","floor":22.0,"turns":6.0},{"damage":40.0,"enemies":"Slavers","floor":24.0,"turns":6.0},{"damage":35.0,"enemies":"Centurion and Healer","floor":27.0,"turns":3.0},{"damage":15.0,"enemies":"Snake Plant","floor":29.0,"turns":3.0},{"damage":25,"enemies":"Snecko","floor":30,"turns":4}],"seed_played":"-3412675226505684079","potions_obtained":[{"floor":1.0,"key":"Fruit Juice"},{"floor":10.0,"key":"SpeedPotion"},{"floor":14.0,"key":"AttackPotion"}],"is_trial":false,"path_per_floor":["M","?","?","M","$","R","E","R","T","M","R","E","M","M","R","B",null,"M","$","M","$","M","R","E","R","T","M","R","M","M"],"character_chosen":"WATCHER","items_purchased":["JustLucky","FlurryOfBlows","EmptyBody"],"campfire_rested":3,"item_purchase_floors":[5,19,21],"current_hp_per_floor":[72,72,72,71,71,71,45,45,45,45,45,28,26,26,58,40,77,67,67,65,65,33,45,5,40,40,5,40,25,0,0],"gold":197,"neow_bonus":"TRANSFORM_CARD","is_daily":false,"chose_seed":false,"campfire_upgraded":4,"win_rate":0.0,"timestamp":1611515970,"path_taken":["M","?","?","?","?","R","E","R","T","M","R","E","M","?","R","BOSS","M","?","M","$","M","R","E","R","T","M","R","M","M"],"items_purchased_type":["Card","Card","Card"],"build_version":"2020-12-22","purchased_purges":2,"victory":false,"max_hp_per_floor":[72,72,72,72,72,72,77,77,77,77,77,77,77,77,77,77,77,77,77,77,77,77,77,77,77,77,77,77,77,77,77],"relic_stats":{"Sozu":4,"Gremlin Horn":[11,11],"counters":[15,62],"Eternal Feather":45,"MawBank":48,"obtain_stats":[{"Sozu":17,"Gremlin Horn":9,"Eternal Feather":12,"The Courier":24,"PureWater":0,"MawBank":26,"Pocketwatch":7},{"Sozu":8,"Gremlin Horn":3,"Eternal Feather":5,"The Courier":12,"PureWater":0,"MawBank":12,"Pocketwatch":3},{"Sozu":34,"Gremlin Horn":17,"Eternal Feather":23,"The Courier":52,"PureWater":0,"MawBank":52,"Pocketwatch":17}],"Pocketwatch":[12]},"card_choices":[{"not_picked":["Prostrate","Protect"],"picked":"WreathOfFlame","floor":1.0},{"not_picked":["FlyingSleeves+1","BowlingBash+1"],"picked":"FlurryOfBlows+1","floor":2.0},{"not_picked":["WindmillStrike","WheelKick"],"picked":"Halt","floor":4.0},{"not_picked":["WaveOfTheHand","PathToVictory"],"picked":"Study","floor":7.0},{"not_picked":["FlurryOfBlows","Evaluate"],"picked":"Indignation","floor":10.0},{"not_picked":["Brilliance","SashWhip"],"picked":"Vengeance","floor":12.0},{"not_picked":["Vengeance","Evaluate"],"picked":"FollowUp","floor":13.0},{"not_picked":["CrushJoints","SashWhip"],"picked":"EmptyFist","floor":14.0},{"not_picked":["Scrawl","Ragnarok"],"picked":"LessonLearned","floor":16.0},{"not_picked":["Evaluate","PathToVictory"],"picked":"TalkToTheHand","floor":18.0},{"not_picked":["Vengeance","FearNoEvil"],"picked":"Fasting2","floor":20.0},{"not_picked":["SandsOfTime","Study"],"picked":"WheelKick","floor":22.0},{"not_picked":["JustLucky","Perseverance"],"picked":"WindmillStrike+1","floor":24.0},{"not_picked":["Sanctity","Evaluate+1"],"picked":"Crescendo+1","floor":27.0},{"not_picked":["WheelKick","BowlingBash+1"],"picked":"Blasphemy","floor":29.0}],"player_experience":195927,"relics_obtained":[{"floor":7.0,"key":"Pocketwatch"},{"floor":9.0,"key":"Gremlin Horn"},{"floor":12.0,"key":"Eternal Feather"},{"floor":24.0,"key":"The Courier"},{"floor":26.0,"key":"MawBank"}],"event_choices":[{"damage_healed":0.0,"max_hp_gain":0.0,"max_hp_loss":0.0,"gold_gain":0.0,"event_name":"betterMatch:BetterMatch","player_choice":"2","floor":2.0,"gold_loss":0.0,"damage_taken":0.0,"cards_obtained":["betterMatch:CommonCard"]},{"cards_removed":["Defend_P"],"damage_healed":0.0,"max_hp_gain":0.0,"max_hp_loss":0.0,"gold_gain":0.0,"event_name":"Purifier","player_choice":"Purged","floor":3.0,"gold_loss":0.0,"damage_taken":0.0}],"is_beta":false,"boss_relics":[{"not_picked":["Calling Bell","SacredBark"],"picked":"Sozu"}],"items_purged_floors":[19,21],"is_endless":false,"potions_floor_spawned":[1,10,14,18,24,27,29],"killed_by":"Snecko","ascension_level":0}}