{"host":"vyjryxuuuxkt43k4","time":1611494095,"event":{"mods":["AchievementEnabler","BaseMod","Colored Map","DeckTracker","Keyboard Shortcuts","Minty Spire (QoL Compilation)","Permanent Neow","Quick Restart","Rare Cards Sparkle","StSLib","SuperFastMode","everything is the same but u backflip on backflip"],"gold_per_floor":[118,132,144,144,163,163,2,31,331,363,363,383,383,383,383,383,383],"floor_reached":16,"language":"KOR","playtime":607,"items_purged":["Strike_R"],"score":220,"play_id":"26531325-a2d1-4c5b-8f7f-380dadf584a8","local_time":"20210124221455","is_ascension_mode":true,"campfire_choices":[{"data":"Blood for Blood","floor":6.0,"key":"SMITH"},{"floor":11.0,"key":"REST"},{"floor":15.0,"key":"REST"}],"circlet_count":0,"master_deck":["AscendersBane","Strike_R","Strike_R","Defend_R","Defend_R","Defend_R","Defend_R","Bash","Metallicize","Pummel","Wild Strike","Offering","Blood for Blood+1","Disarm","Whirlwind","Inflame"],"relics":["Burning Blood","Torii","Old Coin","FossilizedHelix"],"acts_visited":["Exordium"],"potions_floor_usage":[],"damage_taken":[{"damage":11.0,"enemies":"Jaw Worm","floor":1.0,"turns":4.0},{"damage":3.0,"enemies":"Cultist","floor":2.0,"turns":4.0},{"damage":9.0,"enemies":"Small Slimes","floor":3.0,"turns":4.0},{"damage":21.0,"enemies":"Exordium Wildlife","floor":5.0,"turns":4.0},{"damage":21.0,"enemies":"Lagavulin","floor":8.0,"turns":4.0},{"damage":24.0,"enemies":"3 Sentries","floor":10.0,"turns":9.0},{"damage":18.0,"enemies":"Exordium Thugs","floor":12.0,"turns":4.0},{"damage":42,"enemies":"Slime Boss","floor":16,"turns":11}],"seed_played":"-2299709630115464397","potions_obtained":[{"floor":3.0,"key":"LiquidMemories"},{"floor":8.0,"key":"DistilledChaos"},{"floor":10.0,"key":"Weak Potion"}],"is_trial":false,"path_per_floor":["M","M","M","?","M","R","$","E","T","E","R","M","?","?","R","B"],"character_chosen":"IRONCLAD","items_purchased":["DuplicationPotion"],"campfire_rested":2,"item_purchase_floors":[7],"current_hp_per_floor":[63,66,63,63,48,48,48,33,33,15,37,25,18,18,40,0,0],"gold":383,"neow_bonus":"THREE_CARDS","is_daily":false,"chose_seed":false,"campfire_upgraded":1,"win_rate":0.0,"timestamp":1611494095,"path_taken":["M","M","M","?","M","R","?","E","T","E","R","M","?","?","R","BOSS"],"items_purchased_type":["Potion"],"build_version":"2020-12-22","purchased_purges":1,"victory":false,"max_hp_per_floor":[75,75,75,75,75,75,75,75,75,75,75,75,75,75,75,75,75],"card_choices":[{"not_picked":["Burning Pact","Warcry"],"picked":"Metallicize","floor":0.0},{"not_picked":["Shrug It Off","Headbutt"],"picked":"Pummel","floor":1.0},{"not_picked":["Clash","Heavy Blade"],"picked":"Wild Strike","floor":2.0},{"not_picked":["Armaments","Body Slam"],"picked":"Offering","floor":3.0},{"not_picked":["Clash","Twin Strike"],"picked":"Disarm","floor":5.0},{"not_picked":["Cleave","Spot Weakness"],"picked":"Whirlwind","floor":8.0},{"not_picked":["Brutality","Clothesline"],"picked":"Inflame","floor":10.0},{"not_picked":["Sentinel","Burning Pact","Anger"],"picked":"SKIP","floor":12.0}],"player_experience":289585,"relics_obtained":[{"floor":8.0,"key":"Torii"},{"floor":9.0,"key":"Old Coin"},{"floor":10.0,"key":"FossilizedHelix"}],"event_choices":[{"damage_healed":0.0,"max_hp_gain":0.0,"max_hp_loss":0.0,"gold_gain":0.0,"cards_transformed":["Strike_R"],"event_name":"Transmorgrifier","player_choice":"Transformed","floor":4.0,"gold_loss":0.0,"damage_taken":0.0,"cards_obtained":["Blood for Blood"]},{"cards_removed":["Strike_R"],"damage_healed":0.0,"max_hp_gain":0.0,"max_hp_loss":0.0,"gold_gain":0.0,"event_name":"Golden Wing","player_choice":"Card Removal","floor":13.0,"gold_loss":0.0,"damage_taken":7.0},{"damage_healed":0.0,"max_hp_gain":0.0,"max_hp_loss":0.0,"gold_gain":0.0,"event_name":"Liars Game","player_choice":"Ignored","floor":14.0,"gold_loss":0.0,"damage_taken":0.0}],"is_beta":false,"boss_relics":[],"items_purged_floors":[7],"is_endless":false,"potions_floor_spawned":[3,8,10],"killed_by":"Slime Boss","ascension_level":20}}