{"host":"ei424ha2zqt1xblg","time":1611467646,"event":{"mods":["BaseMod","Minty Spire (QoL Compilation)","MostiFishMod","StSLib","TestMod","Waifu the Spire","Yakumo Yukari mod","Yuyuko"],"gold_per_floor":[110,126,526,545,566,566,593,634,657,677,693,741,701,236,236,350,350,369,15,15,15,47,47,99,132,183,183,183,28,80,110,110,254,254,275,292,317,192,211,273,312,350,350,399,399,429,429,176,176,216,216,216,41,105,129],"floor_reached":56,"language":"ZHS","playtime":3576,"items_purged":["Fantasy Butterflies","Fantasy Butterflies","Dreamy Sakura","Dreamy Sakura+1","Dreamy Sakura+1"],"score":1434,"play_id":"b7da6e95-4865-4c3c-9275-1de24a724b00","local_time":"20210124135406","is_ascension_mode":false,"campfire_choices":[{"data":"Fondling of Papilio","floor":6.0,"key":"SMITH"},{"data":"Become Phantom","floor":15.0,"key":"SMITH"},{"data":"Postpone Bloom","floor":23.0,"key":"SMITH"},{"data":"Bloom","floor":28.0,"key":"SMITH"},{"floor":32.0,"key":"RECALL"},{"data":"Song of Papilio","floor":49.0,"key":"SMITH"},{"data":"Phantom Butterflies","floor":52.0,"key":"SMITH"}],"circlet_count":0,"master_deck":["Fantasy Butterflies+1","Fantasy Butterflies+1","Dreamy Sakura+1","Deathly Ground+1","Faramita\u0027s Temptation+1","Fondling of Papilio+1","Lunch+1","Postpone Bloom+1","Become Phantom+1","The Way to Death+1","Wandering Soul+1","The Way to Death+1","Bloom+1","Fondling of Papilio+1","Nihility+1","Redemption of Death+1","Sweet of Phantom+1","Linger over Flower+1","Song of Papilio+1","Phantom Butterflies+1"],"relics":["Coronal","Yuyuko\u0027s fan","testmod-TestBox","NeowsBlessing","GreenFoldingFan","testmod-Acrobat","SynthV:TestCard","testmod-ObsoleteBoomerang","Trap Lamp","ImprovedEquipment","BrkXgEgg","HaiYi:Twilight","Obi","Happy Flower","Pen Nib","Sundial","DollysMirror","testmod-LifeArmor","ShadowXiaoBlade","Boot","Darkstone Periapt","Mummified Hand","Gremlin Horn"],"acts_visited":["Exordium","TheCity","TheBeyond","TheEnding"],"potions_floor_usage":[55],"damage_taken":[{"damage":3.0,"enemies":"Jaw Worm","floor":1.0,"turns":1.0},{"damage":3.0,"enemies":"Small Slimes","floor":2.0,"turns":1.0},{"damage":3.0,"enemies":"Cultist","floor":4.0,"turns":1.0},{"damage":9.0,"enemies":"3 Louse","floor":5.0,"turns":3.0},{"damage":21.0,"enemies":"2 Fungi Beasts","floor":7.0,"turns":3.0},{"damage":45.0,"enemies":"Gremlin Nob","floor":8.0,"turns":4.0},{"damage":15.0,"enemies":"Looter","floor":10.0,"turns":2.0},{"damage":16.0,"enemies":"Exordium Thugs","floor":11.0,"turns":2.0},{"damage":28.0,"enemies":"Lagavulin","floor":12.0,"turns":4.0},{"damage":15.0,"enemies":"Slime Boss","floor":16.0,"turns":5.0},{"damage":47.0,"enemies":"Chosen","floor":18.0,"turns":5.0},{"damage":9.0,"enemies":"Spheric Guardian","floor":22.0,"turns":3.0},{"damage":65.0,"enemies":"Slavers","floor":24.0,"turns":7.0},{"damage":20.0,"enemies":"3 Cultists","floor":25.0,"turns":4.0},{"damage":9.0,"enemies":"Gremlin Leader","floor":30.0,"turns":3.0},{"damage":11.0,"enemies":"Chosen and Byrds","floor":31.0,"turns":3.0},{"damage":55.0,"enemies":"Collector","floor":33.0,"turns":14.0},{"damage":12.0,"enemies":"3 Darklings","floor":35.0,"turns":4.0},{"damage":16.0,"enemies":"Orb Walker","floor":36.0,"turns":2.0},{"damage":20.0,"enemies":"Spire Growth","floor":37.0,"turns":4.0},{"damage":6.0,"enemies":"Sphere and 2 Shapes","floor":39.0,"turns":2.0},{"damage":27.0,"enemies":"Nemesis","floor":40.0,"turns":9.0},{"damage":24.0,"enemies":"Nemesis","floor":41.0,"turns":8.0},{"damage":15.0,"enemies":"Transient","floor":42.0,"turns":5.0},{"damage":12.0,"enemies":"Giant Head","floor":44.0,"turns":4.0},{"damage":9.0,"enemies":"Maw","floor":46.0,"turns":3.0},{"damage":18.0,"enemies":"Donu and Deca","floor":50.0,"turns":6.0},{"damage":26.0,"enemies":"Shield and Spear","floor":54.0,"turns":5.0},{"damage":68,"enemies":"The Heart","floor":55,"turns":5}],"seed_played":"-2192525174024404387","potions_obtained":[{"floor":2.0,"key":"ColorlessPotion"},{"floor":7.0,"key":"Weak Potion"},{"floor":8.0,"key":"Fire Potion"},{"floor":10.0,"key":"Block Potion"},{"floor":11.0,"key":"Turbid Wine"},{"floor":12.0,"key":"Turbid Wine"},{"floor":13.0,"key":"SkillPotion"},{"floor":13.0,"key":"FairyPotion"},{"floor":13.0,"key":"DistilledChaos"},{"floor":25.0,"key":"LiquidMemories"},{"floor":33.0,"key":"ColorlessPotion"},{"floor":36.0,"key":"LiquidMemories"},{"floor":45.0,"key":"FairyPotion"}],"is_trial":false,"path_per_floor":["M","M","?","M","M","R","M","E","T","M","M","E","?","$","R","B",null,"M","$","?","$","M","R","E","M","T","?","R","$","E","M","R","B",null,"M","M","M","$","M","E","?","M","T","E","?","M","?","$","R","B",null,"R","$","E","B",null],"character_chosen":"YUYOKO","items_purchased":["ImprovedEquipment","BrkXgEgg","Obi","DollysMirror","Song of Papilio","Phantom Butterflies"],"campfire_rested":0,"item_purchase_floors":[14,14,19,29,48,48],"current_hp_per_floor":[40,40,40,40,40,40,40,40,40,37,39,34,34,34,34,40,40,13,13,13,13,40,40,21,40,40,40,40,40,40,40,40,33,40,40,40,40,40,40,39,40,40,40,40,40,40,40,40,40,40,40,40,40,40,40],"gold":129,"neow_bonus":"THREE_ENEMY_KILL","is_daily":false,"chose_seed":false,"campfire_upgraded":6,"win_rate":0.0,"timestamp":1611467646,"path_taken":["M","M","?","M","M","R","M","E","T","M","M","E","?","$","R","BOSS","M","$","?","$","M","R","E","M","T","?","R","$","E","M","R","BOSS","M","M","M","$","M","E","?","M","T","E","?","?","?","$","R","BOSS","R","$","E","BOSS"],"items_purchased_type":["Relic","Relic","Relic","Relic","Card","Card"],"build_version":"2020-12-22","purchased_purges":5,"victory":true,"max_hp_per_floor":[40,40,40,40,40,40,40,40,40,40,40,40,40,40,40,40,40,40,40,40,40,40,40,40,40,40,40,40,40,40,40,40,40,40,40,40,40,40,40,40,40,40,40,40,40,40,40,40,40,40,40,40,40,40,40],"card_choices":[{"not_picked":["Dark Wind","Linger over Flower"],"picked":"Fondling of Papilio","floor":1.0},{"not_picked":["The Nether","Dancing Butterflies","Spear of Papilio","Phantom Village"],"picked":"Lunch","floor":2.0},{"not_picked":["Unborn Light","Phantom Village","Gone","Gauzy Sakura"],"picked":"Postpone Bloom","floor":4.0},{"not_picked":["Steamed Phantom","Serene Spring","Ghostdom Sakura","Gone","All Wander"],"picked":"SKIP","floor":5.0},{"not_picked":["Unknown Petal","Dark Wind","All Wander","Spear of Papilio","Dancing Butterflies"],"picked":"SKIP","floor":7.0},{"not_picked":["Open The Fan","Dancing Soul","Elegance","Linger over Flower","Gather the Spring"],"picked":"SKIP","floor":8.0},{"not_picked":["Unstable Ward","All Wander","Monster Cherry Tree","Unpaved Way","Ghost Lead"],"picked":"SKIP","floor":10.0},{"not_picked":["Serene Spring","Elegance","Trap Lamp","Become Phantom","All Wander"],"picked":"SKIP","floor":11.0},{"not_picked":["Serene Spring","Elegance","Trap Lamp","All Wander"],"picked":"Become Phantom","floor":11.0},{"not_picked":["City of Death","Full Inky Sakura","Fondling of Papilio","Sakura Ward","Unreal"],"picked":"SKIP","floor":12.0},{"not_picked":["Float on Moon+1","Unfulfilling Attachment+1","Dream of Spring+1","Ticket to Heaven+1"],"picked":"The Way to Death+1","floor":16.0},{"not_picked":["Wandering Soul","Phantom Village","Unpaved Way","Dancing Butterflies","Dying Sakura"],"picked":"SKIP","floor":18.0},{"not_picked":["Redemption of Death+1","The Forgotten Winter","Sakura Ward","Trap Lamp","Unstable Ward+1"],"picked":"SKIP","floor":22.0},{"not_picked":["City of Death","Spear of Papilio","Unreal","Gather the Spring"],"picked":"Bloom","floor":24.0},{"not_picked":["Reverse The Screen","Lunch","Unpaved Way","Ghostdom Sakura+1","Trap Lamp"],"picked":"SKIP","floor":25.0},{"not_picked":["Suicide","Nihility","Immigrant Phantom","Wandering Soul","Float on Moon+1"],"picked":"SKIP","floor":30.0},{"not_picked":["Gather the Spring","Butterflies in Dream","Fondling of Papilio","Snow"],"picked":"Nihility","floor":31.0},{"not_picked":["Final of Final","Fondling of Papilio+1","Gone","Dancing Butterflies","Serene Spring+1"],"picked":"SKIP","floor":35.0},{"not_picked":["Ghostdom Sakura+1","Stifle","Fondling of Papilio+1","Reverse The Screen+1","Gauzy Sakura+1"],"picked":"SKIP","floor":36.0},{"not_picked":["All Wander+1","Ghostdom Sakura+1","Phantom Gift+1","Chase The Sukhavati","Cerasus Subhirtella+1"],"picked":"SKIP","floor":37.0},{"not_picked":["Unpaved Way","Nihility+1","Infinite Sin+1","Serene Spring"],"picked":"Redemption of Death+1","floor":39.0},{"not_picked":["Gauzy Sakura+1","Monster Cherry Tree","Infinite Sin","Past Graveyard+1"],"picked":"Sweet of Phantom+1","floor":40.0},{"not_picked":["Unknown Petal","Open The Fan","Dancing Butterflies+1","Unreal+1"],"picked":"Linger over Flower+1","floor":42.0},{"not_picked":["Living to Die+1","Gauzy Sakura+1","Unknown Petal+1","Showy Withering","Dancing Butterflies"],"picked":"SKIP","floor":44.0},{"not_picked":["Redemption of Death","Gather the Spring","Phantom Gift","Ghostdom Sakura+1","Become Phantom+1"],"picked":"SKIP","floor":46.0},{"not_picked":["Ghostdom Sakura+1","Dark Wind+1","Open The Fan","Unknown Petal+1","Gather the Spring+1"],"picked":"SKIP","floor":54.0}],"player_experience":431925,"relics_obtained":[{"floor":1.0,"key":"SynthV:TestCard"},{"floor":8.0,"key":"testmod-ObsoleteBoomerang"},{"floor":12.0,"key":"Trap Lamp"},{"floor":24.0,"key":"Happy Flower"},{"floor":26.0,"key":"Pen Nib"},{"floor":30.0,"key":"testmod-LifeArmor"},{"floor":40.0,"key":"Boot"},{"floor":43.0,"key":"Darkstone Periapt"},{"floor":44.0,"key":"Mummified Hand"},{"floor":54.0,"key":"Gremlin Horn"}],"event_choices":[{"damage_healed":0.0,"max_hp_gain":0.0,"max_hp_loss":0.0,"gold_gain":400.0,"event_name":"¶÷ÂåË¹µÄÅÌ×Ó","player_choice":"Sell","floor":3.0,"relics_lost":["DaveBox"],"gold_loss":0.0,"damage_taken":0.0},{"damage_healed":0.0,"max_hp_gain":0.0,"max_hp_loss":0.0,"gold_gain":0.0,"event_name":"The Woman in Blue","player_choice":"Bought 3 Potions","floor":13.0,"gold_loss":0.0,"damage_taken":0.0},{"damage_healed":0.0,"max_hp_gain":0.0,"max_hp_loss":0.0,"gold_gain":0.0,"cards_transformed":["Dreamy Sakura","Fantasy Butterflies"],"event_name":"Drug Dealer","player_choice":"Became Test Subject","floor":20.0,"gold_loss":0.0,"damage_taken":0.0,"cards_obtained":["Wandering Soul","The Way to Death"]},{"damage_healed":0.0,"max_hp_gain":0.0,"max_hp_loss":0.0,"gold_gain":0.0,"event_name":"The Mausoleum","player_choice":"Opened","floor":27.0,"gold_loss":0.0,"damage_taken":0.0,"relics_obtained":["Sundial"]},{"damage_healed":0.0,"max_hp_gain":0.0,"max_hp_loss":0.0,"gold_gain":0.0,"event_name":"Lab","player_choice":"Got Potions","floor":45.0,"gold_loss":0.0,"damage_taken":0.0},{"damage_healed":0.0,"max_hp_gain":0.0,"max_hp_loss":0.0,"gold_gain":0.0,"event_name":"SecretPortal","player_choice":"Ignored","floor":47.0,"gold_loss":0.0,"damage_taken":0.0}],"is_beta":false,"boss_relics":[{"not_picked":["testmod-DeterminationOfClimber","Busted Crown"],"picked":"HaiYi:Twilight"},{"not_picked":["SynthV:MejaisSoulstealer","NightmareShop"],"picked":"ShadowXiaoBlade"}],"items_purged_floors":[14,19,38,48,53],"is_endless":false,"potions_floor_spawned":[2,7,8,10,11,18,25,33,36,39,40,42,44],"ascension_level":0}}