{"host":"jnjxzd6rarbui4j8","time":1611458295,"event":{"mods":["AchievementEnabler","BaseMod","Colored Map","Highlight Path","Minty Spire (QoL Compilation)","Relic Stats","StSLib"],"gold_per_floor":[119,119,11,23,35,35,53,71,71,96,96,110,138,158,158,235,235,248,258,278,278,37,63,63,97,97,97,97,128,128,145,145,220,220,236,253,54,68,68,99,114,114,114,133,168,168,203,203,203,203,203,203,203,7,35,35,35],"floor_reached":56,"language":"ENG","playtime":7759,"items_purged":[],"score":2114,"play_id":"2c4af8d8-3d5a-4574-bfc8-00c5d3b8fa96","local_time":"20210123221815","is_ascension_mode":true,"campfire_choices":[{"data":"Blade Dance","floor":6.0,"key":"SMITH"},{"data":"Calculated Gamble","floor":11.0,"key":"SMITH"},{"data":"Blade Dance","floor":15.0,"key":"SMITH"},{"floor":30.0,"key":"REST"},{"data":"Apotheosis","floor":32.0,"key":"SMITH"},{"floor":46.0,"key":"RECALL"},{"data":"Noxious Fumes","floor":49.0,"key":"SMITH"},{"floor":53.0,"key":"REST"}],"circlet_count":0,"master_deck":["AscendersBane","Strike_G","Strike_G","Strike_G","Strike_G","Defend_G","Defend_G","Defend_G","Defend_G","Defend_G","Survivor","Neutralize","Blade Dance+1","Calculated Gamble+1","Underhanded Strike","Blade Dance+1","Terror","Deflect","Dodge and Roll","Phantasmal Killer","Acrobatics","Leg Sweep","Apotheosis+1","Backflip","Footwork+1","Accuracy+1","Backflip+1","Night Terror","Accuracy+1","Noxious Fumes+1","Skewer+1","Backflip+1","Blade Dance","Dodge and Roll+1","Cloak And Dagger+1","Caltrops","Acrobatics"],"relics":["Ring of the Snake","Tough Bandages","Kunai","Mummified Hand","Singing Bowl","Philosopher\u0027s Stone","Snake Skull","The Specimen","White Beast Statue","Pantograph","Ice Cream","Black Star","Toy Ornithopter","Prayer Wheel","Sundial","The Courier","Mercury Hourglass","Smiling Mask","Akabeko","Pear","InkBottle","Shuriken"],"acts_visited":["Exordium","TheCity","TheBeyond","TheEnding"],"potions_floor_usage":[55,55,56,56],"damage_taken":[{"damage":1.0,"enemies":"2 Louse","floor":1.0,"turns":3.0},{"damage":0.0,"enemies":"Cultist","floor":4.0,"turns":4.0},{"damage":0.0,"enemies":"Jaw Worm","floor":5.0,"turns":2.0},{"damage":7.0,"enemies":"Large Slime","floor":7.0,"turns":6.0},{"damage":0.0,"enemies":"Blue Slaver","floor":8.0,"turns":3.0},{"damage":1.0,"enemies":"3 Sentries","floor":10.0,"turns":6.0},{"damage":0.0,"enemies":"Looter","floor":12.0,"turns":3.0},{"damage":10.0,"enemies":"Lagavulin","floor":13.0,"turns":4.0},{"damage":0.0,"enemies":"Red Slaver","floor":14.0,"turns":2.0},{"damage":0.0,"enemies":"The Guardian","floor":16.0,"turns":13.0},{"damage":11.0,"enemies":"Shell Parasite","floor":18.0,"turns":4.0},{"damage":0.0,"enemies":"Spheric Guardian","floor":19.0,"turns":5.0},{"damage":1.0,"enemies":"Centurion and Healer","floor":20.0,"turns":5.0},{"damage":6.0,"enemies":"Book of Stabbing","floor":23.0,"turns":6.0},{"damage":2.0,"enemies":"Gremlin Leader","floor":25.0,"turns":4.0},{"damage":10.0,"enemies":"Slavers","floor":29.0,"turns":4.0},{"damage":0.0,"enemies":"Snecko","floor":31.0,"turns":3.0},{"damage":3.0,"enemies":"Champ","floor":33.0,"turns":6.0},{"damage":1.0,"enemies":"3 Darklings","floor":35.0,"turns":7.0},{"damage":0.0,"enemies":"Orb Walker","floor":36.0,"turns":4.0},{"damage":0.0,"enemies":"Jaw Worm Horde","floor":38.0,"turns":4.0},{"damage":16.0,"enemies":"Nemesis","floor":40.0,"turns":11.0},{"damage":5.0,"enemies":"Spire Growth","floor":41.0,"turns":5.0},{"damage":2.0,"enemies":"Sphere and 2 Shapes","floor":44.0,"turns":5.0},{"damage":6.0,"enemies":"Giant Head","floor":45.0,"turns":5.0},{"damage":17.0,"enemies":"Reptomancer","floor":47.0,"turns":4.0},{"damage":21.0,"enemies":"Awakened One","floor":50.0,"turns":14.0},{"damage":81.0,"enemies":"Time Eater","floor":51.0,"turns":13.0},{"damage":33,"enemies":"Shield and Spear","floor":55,"turns":9},{"damage":101,"enemies":"The Heart","floor":56,"turns":6}],"seed_played":"3313940557902036107","potions_obtained":[{"floor":7.0,"key":"CunningPotion"},{"floor":8.0,"key":"Weak Potion"},{"floor":16.0,"key":"SteroidPotion"},{"floor":18.0,"key":"SmokeBomb"},{"floor":23.0,"key":"LiquidMemories"},{"floor":29.0,"key":"Weak Potion"},{"floor":31.0,"key":"Block Potion"},{"floor":33.0,"key":"DuplicationPotion"},{"floor":36.0,"key":"SpeedPotion"},{"floor":38.0,"key":"BlessingOfTheForge"},{"floor":40.0,"key":"AttackPotion"},{"floor":41.0,"key":"EssenceOfSteel"},{"floor":44.0,"key":"DistilledChaos"},{"floor":47.0,"key":"Explosive Potion"}],"is_trial":false,"path_per_floor":["M","?","$","M","M","R","M","M","T","E","R","M","E","M","R","B",null,"M","M","M","?","$","E","?","E","T","T","?","E","R","M","R","B",null,"M","M","$","M","?","E","M","?","T","M","E","R","E","T","R","B","B",null,"R","$","E","B"],"character_chosen":"THE_SILENT","items_purchased":["Calculated Gamble","Underhanded Strike","Apotheosis","Backflip","Toy Ornithopter","Noxious Fumes","EntropicBrew","Caltrops","Dexterity Potion"],"campfire_rested":2,"item_purchase_floors":[3,3,22,22,37,37,54,54,54],"current_hp_per_floor":[43,43,43,43,43,43,36,36,36,35,35,35,25,27,27,27,58,47,47,48,48,48,42,22,20,20,20,20,12,35,35,35,57,72,73,73,73,78,75,59,59,59,59,66,62,62,55,65,65,74,10,71,91,91,68,0,0],"gold":35,"neow_bonus":"ONE_RARE_RELIC","is_daily":false,"chose_seed":false,"campfire_upgraded":5,"win_rate":0.0,"timestamp":1611458295,"path_taken":["M","?","$","M","M","R","M","?","T","E","R","M","E","M","R","BOSS","M","?","M","?","$","E","?","E","T","?","?","E","R","M","R","BOSS","M","M","$","M","?","E","M","?","T","?","E","R","E","?","R","BOSS","BOSS","R","$","E","BOSS"],"items_purchased_type":["Card","Card","Card","Card","Relic","Card","Potion","Card","Potion"],"build_version":"2020-12-22","purchased_purges":0,"victory":false,"max_hp_per_floor":[66,66,66,66,66,66,66,66,66,66,66,66,66,68,68,68,68,68,68,70,70,70,70,75,75,75,75,75,77,77,77,77,77,77,79,79,79,79,75,75,75,75,75,79,81,81,81,91,91,91,91,91,91,91,91,91,91],"relic_stats":{"Singing Bowl":14,"counters":[30,170],"Snake Skull":[67],"Smiling Mask":0,"Mercury Hourglass":[176],"Tough Bandages":[453],"Mummified Hand":[64],"Sundial":[6],"Shuriken":[3],"Pantograph":90,"Prayer Wheel":2,"Black Star":4,"Kunai":[128],"obtain_stats":[{"Ice Cream":29,"Pear":48,"Singing Bowl":13,"The Specimen":25,"Snake Skull":23,"The Courier":45,"Smiling Mask":47,"White Beast Statue":26,"Akabeko":47,"Mercury Hourglass":45,"Tough Bandages":0,"Mummified Hand":10,"Sundial":40,"Shuriken":55,"Pantograph":27,"Philosopher\u0027s Stone":17,"Prayer Wheel":40,"Black Star":34,"Kunai":9,"Toy Ornithopter":37,"InkBottle":55,"Ring of the Snake":0},{"Ice Cream":16,"Pear":26,"Singing Bowl":8,"The Specimen":15,"Snake Skull":14,"The Courier":25,"Smiling Mask":26,"White Beast Statue":15,"Akabeko":26,"Mercury Hourglass":25,"Tough Bandages":0,"Mummified Hand":6,"Sundial":22,"Shuriken":29,"Pantograph":15,"Philosopher\u0027s Stone":10,"Prayer Wheel":22,"Black Star":18,"Kunai":5,"Toy Ornithopter":20,"InkBottle":29,"Ring of the Snake":0},{"Ice Cream":74,"Pear":128,"Singing Bowl":31,"The Specimen":70,"Snake Skull":66,"The Courier":124,"Smiling Mask":128,"White Beast Statue":70,"Akabeko":128,"Mercury Hourglass":124,"Tough Bandages":0,"Mummified Hand":24,"Sundial":109,"Shuriken":164,"Pantograph":70,"Philosopher\u0027s Stone":46,"Prayer Wheel":109,"Black Star":83,"Kunai":18,"Toy Ornithopter":94,"InkBottle":164,"Ring of the Snake":0}],"Toy Ornithopter":50,"InkBottle":[3],"Ring of the Snake":[60]},"card_choices":[{"not_picked":["Slice","Distraction"],"picked":"Blade Dance","floor":1.0},{"not_picked":["PiercingWail","Backflip"],"picked":"Blade Dance","floor":4.0},{"not_picked":["Poisoned Stab","Quick Slash","Cloak And Dagger"],"picked":"SKIP","floor":5.0},{"not_picked":["Catalyst","PiercingWail","Cloak And Dagger"],"picked":"SKIP","floor":7.0},{"not_picked":["Dagger Throw","Infinite Blades"],"picked":"Terror","floor":8.0},{"not_picked":["PiercingWail","Dagger Throw"],"picked":"Deflect","floor":10.0},{"not_picked":["Poisoned Stab","Cloak And Dagger","Doppelganger"],"picked":"SKIP","floor":12.0},{"not_picked":["Prepared","Expertise"],"picked":"Dodge and Roll","floor":13.0},{"not_picked":["Sucker Punch","Dagger Throw","Dodge and Roll"],"picked":"Singing Bowl","floor":14.0},{"not_picked":["A Thousand Cuts","Burst"],"picked":"Phantasmal Killer","floor":16.0},{"not_picked":["Flying Knee","Tactician"],"picked":"Acrobatics","floor":18.0},{"not_picked":["Caltrops","Outmaneuver"],"picked":"Leg Sweep","floor":19.0},{"not_picked":["Outmaneuver","Flying Knee","Underhanded Strike"],"picked":"Singing Bowl","floor":20.0},{"not_picked":["Cloak And Dagger","Flying Knee"],"picked":"Footwork+1","floor":23.0},{"not_picked":["Outmaneuver","Skewer"],"picked":"Accuracy+1","floor":25.0},{"not_picked":["Setup+1","Bane","A Thousand Cuts"],"picked":"Singing Bowl","floor":29.0},{"not_picked":["Concentrate","Underhanded Strike"],"picked":"Backflip+1","floor":31.0},{"not_picked":["Grand Finale","A Thousand Cuts"],"picked":"Night Terror","floor":33.0},{"not_picked":["Slice","Setup","Underhanded Strike"],"picked":"Singing Bowl","floor":35.0},{"not_picked":["PiercingWail","Dash"],"picked":"Accuracy+1","floor":36.0},{"not_picked":["Sucker Punch","Deflect"],"picked":"Skewer+1","floor":38.0},{"not_picked":["Doppelganger","Night Terror"],"picked":"Backflip+1","floor":40.0},{"not_picked":["Dagger Spray","Slice"],"picked":"Blade Dance","floor":41.0},{"not_picked":["Dagger Throw","Well Laid Plans"],"picked":"Dodge and Roll+1","floor":41.0},{"not_picked":["Underhanded Strike","Flying Knee","Dodge and Roll"],"picked":"Singing Bowl","floor":44.0},{"not_picked":["Underhanded Strike","Dagger Throw","Reflex"],"picked":"Singing Bowl","floor":44.0},{"not_picked":["Dagger Throw+1","Expertise","Grand Finale"],"picked":"Singing Bowl","floor":45.0},{"not_picked":["Choke","Quick Slash"],"picked":"Cloak And Dagger+1","floor":47.0},{"not_picked":["Predator+1","Die Die Die"],"picked":"Acrobatics","floor":55}],"player_experience":2505224,"relics_obtained":[{"floor":9.0,"key":"Kunai"},{"floor":10.0,"key":"Mummified Hand"},{"floor":13.0,"key":"Singing Bowl"},{"floor":23.0,"key":"Snake Skull"},{"floor":25.0,"key":"The Specimen"},{"floor":26.0,"key":"White Beast Statue"},{"floor":27.0,"key":"Pantograph"},{"floor":29.0,"key":"Ice Cream"},{"floor":40.0,"key":"Prayer Wheel"},{"floor":40.0,"key":"Sundial"},{"floor":45.0,"key":"The Courier"},{"floor":45.0,"key":"Mercury Hourglass"},{"floor":47.0,"key":"Smiling Mask"},{"floor":47.0,"key":"Akabeko"},{"floor":48.0,"key":"Pear"},{"floor":55,"key":"InkBottle"},{"floor":55,"key":"Shuriken"}],"event_choices":[{"cards_removed":["Strike_G"],"damage_healed":0.0,"max_hp_gain":0.0,"max_hp_loss":0.0,"gold_gain":0.0,"event_name":"Purifier","player_choice":"Purged","floor":2.0,"gold_loss":0.0,"damage_taken":0.0},{"damage_healed":0.0,"max_hp_gain":0.0,"max_hp_loss":0.0,"gold_gain":0.0,"event_name":"Ghosts","player_choice":"Ignored","floor":21.0,"gold_loss":0.0,"damage_taken":0.0},{"damage_healed":0.0,"max_hp_gain":5.0,"max_hp_loss":0.0,"gold_gain":0.0,"event_name":"Forgotten Altar","player_choice":"Shed Blood","floor":24.0,"gold_loss":0.0,"damage_taken":25.0},{"damage_healed":0.0,"max_hp_gain":0.0,"max_hp_loss":0.0,"gold_gain":0.0,"event_name":"Cursed Tome","player_choice":"Ignored","floor":28.0,"gold_loss":0.0,"damage_taken":0.0},{"damage_healed":0.0,"max_hp_gain":0.0,"max_hp_loss":4.0,"gold_gain":0.0,"event_name":"Winding Halls","player_choice":"Max HP","floor":39.0,"gold_loss":0.0,"damage_taken":0.0},{"damage_healed":0.0,"max_hp_gain":0.0,"max_hp_loss":0.0,"gold_gain":0.0,"event_name":"SecretPortal","player_choice":"Ignored","floor":42.0,"gold_loss":0.0,"damage_taken":0.0}],"is_beta":false,"boss_relics":[{"not_picked":["WristBlade","Ectoplasm"],"picked":"Philosopher\u0027s Stone"},{"not_picked":["SlaversCollar","Busted Crown"],"picked":"Black Star"}],"items_purged_floors":[],"is_endless":false,"potions_floor_spawned":[7,8,16,18,23,25,29,31,33,35,36,38,40,41,44,45,47,55],"killed_by":"The Heart","ascension_level":20}}