{"host":"kpyf5rnb72uwap8k","time":1611516553,"event":{"mods":["AchievementEnabler","BaseMod","Colored Map","Colored Powertips","DeckTracker","Minty Spire (QoL Compilation)","Permanent Neow","Quick Restart","StSLib","SuperFastMode"],"gold_per_floor":[112,37,50,27,37,37,71,1,1,1,29,45,64,74,74,173,173,193,113,28,42,53,53,82,92,92,104,123,123,141,158,158,256,256,269,269,285,302,320,320,333,364,364,414,414,414,414],"floor_reached":46,"language":"KOR","playtime":1278,"items_purged":["Strike_R","Strike_R"],"score":537,"play_id":"1c15234c-82c6-41b9-8c6f-aa38f9d6fc4d","local_time":"20210125042913","is_ascension_mode":true,"campfire_choices":[{"data":"Pommel Strike","floor":6.0,"key":"SMITH"},{"data":"Fire Breathing","floor":10.0,"key":"SMITH"},{"data":"Body Slam","floor":15.0,"key":"SMITH"},{"data":"Corruption","floor":23.0,"key":"SMITH"},{"floor":29.0,"key":"REST"},{"data":"Shrug It Off","floor":32.0,"key":"SMITH"},{"floor":40.0,"key":"REST"}],"circlet_count":0,"master_deck":["Strike_R","Strike_R","Strike_R","Defend_R","Defend_R","Defend_R","Defend_R","Bash","Cleave","Shrug It Off+1","Pommel Strike+1","Wild Strike","Fire Breathing+1","Body Slam+1","Armaments+1","Corruption+1","Impervious+1","Reckless Charge+1","Shockwave+1","Pommel Strike+1","Exhume+1","Fire Breathing","Dark Embrace+1","Feel No Pain"],"relics":["Black Blood","NeowsBlessing","Matryoshka","The Courier","Toxic Egg 2","Tiny Chest","Mark of Pain","Self Forming Clay","Eternal Feather","Red Skull","Gremlin Horn","Mercury Hourglass","Bottled Lightning","Peace Pipe","InkBottle"],"acts_visited":["TheCity","TheBeyond"],"potions_floor_usage":[],"damage_taken":[{"damage":0.0,"enemies":"Cultist","floor":1.0,"turns":1.0},{"damage":0.0,"enemies":"Small Slimes","floor":3.0,"turns":1.0},{"damage":0.0,"enemies":"Jaw Worm","floor":5.0,"turns":1.0},{"damage":17.0,"enemies":"3 Sentries","floor":7.0,"turns":7.0},{"damage":29.0,"enemies":"Lagavulin","floor":11.0,"turns":6.0},{"damage":1.0,"enemies":"3 Louse","floor":12.0,"turns":3.0},{"damage":7.0,"enemies":"Large Slime","floor":13.0,"turns":4.0},{"damage":1.0,"enemies":"2 Fungi Beasts","floor":14.0,"turns":3.0},{"damage":17.0,"enemies":"Slime Boss","floor":16.0,"turns":5.0},{"damage":2.0,"enemies":"Chosen","floor":18.0,"turns":4.0},{"damage":22.0,"enemies":"Shell Parasite","floor":21.0,"turns":4.0},{"damage":27.0,"enemies":"Chosen and Byrds","floor":22.0,"turns":5.0},{"damage":19.0,"enemies":"Slavers","floor":24.0,"turns":4.0},{"damage":19.0,"enemies":"3 Cultists","floor":25.0,"turns":5.0},{"damage":9.0,"enemies":"Snecko","floor":27.0,"turns":5.0},{"damage":25.0,"enemies":"Chosen and Byrds","floor":28.0,"turns":5.0},{"damage":0.0,"enemies":"3 Cultists","floor":30.0,"turns":3.0},{"damage":19.0,"enemies":"Centurion and Healer","floor":31.0,"turns":5.0},{"damage":36.0,"enemies":"Automaton","floor":33.0,"turns":10.0},{"damage":9.0,"enemies":"Orb Walker","floor":35.0,"turns":4.0},{"damage":10.0,"enemies":"3 Shapes","floor":37.0,"turns":3.0},{"damage":37.0,"enemies":"Transient","floor":38.0,"turns":5.0},{"damage":11.0,"enemies":"Sphere and 2 Shapes","floor":39.0,"turns":4.0},{"damage":48.0,"enemies":"Spire Growth","floor":41.0,"turns":6.0},{"damage":13.0,"enemies":"Nemesis","floor":42.0,"turns":7.0},{"damage":21.0,"enemies":"Mind Bloom Boss Battle","floor":44.0,"turns":5.0},{"damage":44,"enemies":"Transient","floor":46,"turns":2}],"seed_played":"-607974560733182711","potions_obtained":[{"floor":7.0,"key":"Strength Potion"},{"floor":11.0,"key":"FairyPotion"},{"floor":13.0,"key":"Ancient Potion"},{"floor":14.0,"key":"CultistPotion"},{"floor":18.0,"key":"GamblersBrew"},{"floor":27.0,"key":"CultistPotion"},{"floor":28.0,"key":"Regen Potion"},{"floor":30.0,"key":"Regen Potion"},{"floor":31.0,"key":"Block Potion"},{"floor":37.0,"key":"Ancient Potion"},{"floor":38.0,"key":"FearPotion"},{"floor":41.0,"key":"SpeedPotion"}],"is_trial":false,"path_per_floor":["M","$","M","$","M","R","E","$","T","R","E","M","M","M","R","B",null,"M","$","?","M","M","R","E","M","T","M","M","R","M","M","R","B",null,"M","?","M","M","M","R","M","E","T","?","T","M"],"character_chosen":"IRONCLAD","items_purchased":["Shrug It Off","Fire Breathing"],"campfire_rested":2,"item_purchase_floors":[4,8],"current_hp_per_floor":[80,80,80,80,80,80,69,69,69,69,46,51,50,55,55,44,80,80,80,80,64,43,43,30,17,17,14,21,54,60,59,71,46,80,80,80,80,55,56,80,44,43,43,34,34,0,0],"gold":414,"neow_bonus":"THREE_ENEMY_KILL","is_daily":false,"chose_seed":false,"campfire_upgraded":5,"win_rate":0.0,"timestamp":1611516553,"path_taken":["M","$","M","$","?","R","E","$","T","R","E","M","M","M","R","BOSS","M","$","?","M","M","R","E","M","T","M","M","R","M","M","R","BOSS","M","?","M","M","M","R","M","E","T","?","?","M"],"items_purchased_type":["Card","Card"],"build_version":"2020-12-22","purchased_purges":2,"victory":false,"max_hp_per_floor":[80,80,80,80,80,80,80,80,80,80,80,80,80,80,80,80,80,80,80,80,80,80,80,80,80,80,80,80,80,80,80,80,80,80,80,80,80,80,80,80,80,80,80,80,80,80,80],"card_choices":[{"not_picked":["Clothesline","Clash","Disarm"],"picked":"SKIP","floor":1.0},{"not_picked":["Reckless Charge","Flex"],"picked":"Cleave","floor":3.0},{"not_picked":["Thunderclap","Anger"],"picked":"Pommel Strike","floor":5.0},{"not_picked":["Feel No Pain","Twin Strike"],"picked":"Wild Strike","floor":7.0},{"not_picked":["Havoc+1","Clash"],"picked":"Body Slam","floor":11.0},{"not_picked":["Clothesline","Havoc+1"],"picked":"Armaments+1","floor":12.0},{"not_picked":["Twin Strike","Shrug It Off+1","Uppercut"],"picked":"SKIP","floor":13.0},{"not_picked":["Cleave","Combust"],"picked":"Corruption","floor":14.0},{"not_picked":["Demon Form","Limit Break+1"],"picked":"Impervious+1","floor":16.0},{"not_picked":["Headbutt","Shrug It Off+1","Clothesline+1"],"picked":"SKIP","floor":18.0},{"not_picked":["Havoc+1","Clash"],"picked":"Reckless Charge+1","floor":21.0},{"not_picked":["Sentinel+1","Warcry+1","Clothesline"],"picked":"SKIP","floor":22.0},{"not_picked":["Whirlwind+1","Searing Blow+1","Uppercut+1"],"picked":"SKIP","floor":24.0},{"not_picked":["Sword Boomerang","Feed","Infernal Blade+1"],"picked":"SKIP","floor":25.0},{"not_picked":["True Grit+1","Flame Barrier+1","Warcry+1"],"picked":"SKIP","floor":27.0},{"not_picked":["Clothesline","Headbutt+1","Searing Blow"],"picked":"SKIP","floor":28.0},{"not_picked":["Bloodletting+1","Pommel Strike+1"],"picked":"Shockwave+1","floor":30.0},{"not_picked":["Warcry+1","Heavy Blade+1"],"picked":"Pommel Strike+1","floor":31.0},{"not_picked":["Reaper","Demon Form"],"picked":"Exhume+1","floor":33.0},{"not_picked":["Cleave","Anger","Searing Blow+1"],"picked":"SKIP","floor":35.0},{"not_picked":["Uppercut","Flex+1","Flame Barrier+1"],"picked":"SKIP","floor":37.0},{"not_picked":["Havoc+1","Warcry+1"],"picked":"Fire Breathing","floor":38.0},{"not_picked":["Anger+1","Clash+1","Warcry+1"],"picked":"SKIP","floor":39.0},{"not_picked":["True Grit+1","Pommel Strike+1"],"picked":"Dark Embrace+1","floor":41.0},{"not_picked":["Sword Boomerang+1","Wild Strike+1","Bloodletting+1"],"picked":"SKIP","floor":42.0},{"not_picked":["Rage+1","Rampage+1"],"picked":"Feel No Pain","floor":44.0}],"player_experience":164139,"relics_obtained":[{"floor":7.0,"key":"Matryoshka"},{"floor":9.0,"key":"The Courier"},{"floor":9.0,"key":"Toxic Egg 2"},{"floor":11.0,"key":"Tiny Chest"},{"floor":24.0,"key":"Eternal Feather"},{"floor":26.0,"key":"Red Skull"},{"floor":26.0,"key":"Gremlin Horn"},{"floor":42.0,"key":"Mercury Hourglass"},{"floor":43.0,"key":"Bottled Lightning"},{"floor":44.0,"key":"Peace Pipe"},{"floor":45.0,"key":"InkBottle"}],"event_choices":[{"damage_healed":0.0,"max_hp_gain":0.0,"max_hp_loss":0.0,"gold_gain":0.0,"event_name":"Addict","player_choice":"Obtained Relic","floor":20.0,"gold_loss":85.0,"damage_taken":0.0,"relics_obtained":["Self Forming Clay"]},{"damage_healed":0.0,"max_hp_gain":0.0,"max_hp_loss":0.0,"gold_gain":0.0,"event_name":"Tomb of Lord Red Mask","player_choice":"Ignored","floor":36.0,"gold_loss":0.0,"damage_taken":0.0},{"damage_healed":0.0,"max_hp_gain":0.0,"max_hp_loss":0.0,"gold_gain":0.0,"event_name":"MindBloom","player_choice":"Fight","floor":44.0,"gold_loss":0.0,"damage_taken":0.0}],"is_beta":false,"boss_relics":[{"not_picked":["Busted Crown","Coffee Dripper"],"picked":"Mark of Pain"},{"not_picked":["Astrolabe","Philosopher\u0027s Stone"],"picked":"Black Blood"}],"items_purged_floors":[2,19],"is_endless":false,"potions_floor_spawned":[7,11,13,14,18,27,28,30,31,37,38,41],"killed_by":"Transient","ascension_level":2}}