{"host":"xmrw7jl1ir2912vf","time":1611517930,"event":{"mods":["BaseMod","Minty Spire (QoL Compilation)"],"gold_per_floor":[119,138,88,263,94,121,121,148,148,179,199,199,199,217,217,290,290,305,329,404,173,199,199,214,236,236,82,110,123,48,118,118,203,203,215,241,259,146,158,191,191,231,231,13,13,33,33,45,45,45,45,45,45,45,45],"floor_reached":54,"language":"ENG","playtime":5190,"items_purged":["Doubt"],"score":1354,"play_id":"d904ccbf-63df-47e0-b965-577c02fc4ad3","local_time":"20210124145210","is_ascension_mode":true,"campfire_choices":[{"data":"Hemokinesis","floor":7.0,"key":"SMITH"},{"data":"Perfected Strike","floor":12.0,"key":"SMITH"},{"data":"Perfected Strike","floor":15.0,"key":"SMITH"},{"data":"Corruption","floor":23.0,"key":"SMITH"},{"data":"Body Slam","floor":32.0,"key":"SMITH"},{"floor":41,"key":"REST"},{"floor":47,"key":"RECALL"},{"data":"Armaments","floor":49,"key":"SMITH"},{"data":"Offering","floor":52,"key":"SMITH"}],"circlet_count":0,"master_deck":["AscendersBane","Strike_R","Defend_R","Defend_R","Bash","Iron Wave","Twin Strike","Shrug It Off","Hemokinesis+1","Wild Strike","Immolate","Perfected Strike+1","Perfected Strike+1","Ghostly Armor","Corruption+1","Havoc+1","Immolate+1","Barricade+1","Body Slam+1","PanicButton","Shrug It Off","Shrug It Off+1","Exhume","Feel No Pain","Offering+1","Sentinel+1","Panacea","Metamorphosis","Battle Trance","Dual Wield+1","Armaments+1","Burning Pact","Metallicize+1","Entrench","Flame Barrier"],"relics":["Burning Blood","MealTicket","Bottled Flame","Toy Ornithopter","Tiny Chest","CaptainsWheel","Astrolabe","CeramicFish","ClockworkSouvenir","Kunai","Cursed Key","Orrery","Dream Catcher","Orichalcum","Oddly Smooth Stone"],"acts_visited":["Exordium","TheCity","TheBeyond","TheEnding"],"potions_floor_usage":[39,42,50,54],"damage_taken":[{"damage":16.0,"enemies":"Jaw Worm","floor":1.0,"turns":4.0},{"damage":3.0,"enemies":"2 Louse","floor":2.0,"turns":3.0},{"damage":35.0,"enemies":"Gremlin Nob","floor":6.0,"turns":5.0},{"damage":34.0,"enemies":"Lagavulin","floor":8.0,"turns":5.0},{"damage":15.0,"enemies":"Gremlin Nob","floor":10.0,"turns":3.0},{"damage":8.0,"enemies":"Small Slimes","floor":11.0,"turns":2.0},{"damage":14.0,"enemies":"Gremlin Gang","floor":14.0,"turns":3.0},{"damage":8.0,"enemies":"Slime Boss","floor":16.0,"turns":5.0},{"damage":14.0,"enemies":"Chosen","floor":18.0,"turns":2.0},{"damage":12.0,"enemies":"2 Thieves","floor":22.0,"turns":4.0},{"damage":14.0,"enemies":"Centurion and Healer","floor":24.0,"turns":2.0},{"damage":2.0,"enemies":"Snecko","floor":25.0,"turns":6.0},{"damage":40.0,"enemies":"Snake Plant","floor":28.0,"turns":5.0},{"damage":2.0,"enemies":"Sentry and Sphere","floor":29.0,"turns":6.0},{"damage":10.0,"enemies":"Champ","floor":33.0,"turns":10.0},{"damage":24.0,"enemies":"Orb Walker","floor":35.0,"turns":4.0},{"damage":17.0,"enemies":"3 Darklings","floor":36.0,"turns":3.0},{"damage":6,"enemies":"Writhing Mass","floor":39,"turns":5},{"damage":41,"enemies":"Reptomancer","floor":40,"turns":6},{"damage":10,"enemies":"Giant Head","floor":42,"turns":6},{"damage":4,"enemies":"4 Shapes","floor":46,"turns":3},{"damage":23,"enemies":"Maw","floor":48,"turns":8},{"damage":25,"enemies":"Time Eater","floor":50,"turns":13},{"damage":90,"enemies":"Shield and Spear","floor":54,"turns":11}],"seed_played":"7389546816663355918","potions_obtained":[{"floor":2.0,"key":"SneckoOil"},{"floor":6.0,"key":"SteroidPotion"},{"floor":8.0,"key":"Swift Potion"},{"floor":14.0,"key":"SkillPotion"},{"floor":22.0,"key":"DuplicationPotion"},{"floor":24.0,"key":"Explosive Potion"},{"floor":29.0,"key":"DuplicationPotion"},{"floor":36.0,"key":"Swift Potion"},{"floor":40,"key":"PowerPotion"},{"floor":42,"key":"Regen Potion"}],"is_trial":false,"path_per_floor":["M","M","?","?","$","E","R","E","T","E","M","R","?","M","R","B",null,"M","T","?","$","M","R","M","M","T","$","M","M","?","T","R","B",null,"M","M","?","$","M","E","R","E","T","$","?","M","R","M","R","B",null,"R","$","E"],"character_chosen":"IRONCLAD","items_purchased":["Shrug It Off","Hemokinesis","ClockworkSouvenir","PanicButton","Exhume","Orrery","Entrench","Oddly Smooth Stone"],"campfire_rested":1,"item_purchase_floors":[5,5,21,21,27,38,44,44],"current_hp_per_floor":[62,65,65,65,80,51,51,23,23,24,22,22,22,14,14,17,64,56,56,48,63,57,57,54,58,58,73,39,43,43,43,43,39,70,52,46,36,51,56,21,45,46,46,61,61,63,63,46,46,47,72,72,80,0,0],"gold":45,"neow_bonus":"RANDOM_COMMON_RELIC","is_daily":false,"chose_seed":false,"campfire_upgraded":7,"win_rate":0.0,"timestamp":1611517930,"path_taken":["M","M","?","?","$","E","R","E","T","E","M","R","?","?","R","BOSS","M","?","?","$","?","R","M","M","T","$","M","M","?","?","R","BOSS","M","?","?","$","M","E","R","E","T","$","?","M","R","M","R","BOSS","R","$","E"],"items_purchased_type":["Card","Card","Relic","Card","Card","Relic","Card","Relic"],"build_version":"2020-12-22","purchased_purges":1,"victory":false,"max_hp_per_floor":[80,80,80,80,80,80,80,80,80,80,80,80,80,80,80,80,80,80,80,80,80,80,80,80,80,80,80,80,80,80,80,80,80,80,80,80,80,80,80,80,80,80,80,80,80,80,80,80,80,80,80,80,80,80,80],"card_choices":[{"not_picked":["True Grit","Clothesline"],"picked":"Iron Wave","floor":1.0},{"not_picked":["Ghostly Armor","Rupture"],"picked":"Twin Strike","floor":2.0},{"not_picked":["Sentinel","Blood for Blood"],"picked":"Wild Strike","floor":6.0},{"not_picked":["Evolve","Carnage"],"picked":"Immolate","floor":8.0},{"not_picked":["Blood for Blood","Flex"],"picked":"Perfected Strike","floor":10.0},{"not_picked":["Metallicize","Flame Barrier"],"picked":"Perfected Strike","floor":11.0},{"not_picked":["Clash","Headbutt"],"picked":"Ghostly Armor","floor":14.0},{"not_picked":["Double Tap","Demon Form"],"picked":"Corruption","floor":16.0},{"not_picked":["Carnage","Iron Wave"],"picked":"Body Slam","floor":18.0},{"not_picked":["Flex","Iron Wave"],"picked":"Shrug It Off","floor":22.0},{"not_picked":["Perfected Strike","Metallicize","Spot Weakness"],"picked":"SKIP","floor":24.0},{"not_picked":["Carnage","Cleave"],"picked":"Shrug It Off+1","floor":25.0},{"not_picked":["Inflame","Headbutt"],"picked":"Feel No Pain","floor":28.0},{"not_picked":["Bloodletting","Searing Blow","Thunderclap+1"],"picked":"SKIP","floor":29.0},{"not_picked":["Limit Break","Impervious"],"picked":"Offering","floor":33.0},{"not_picked":["Wild Strike","Bloodletting","Clothesline"],"picked":"SKIP","floor":35.0},{"not_picked":["Armaments","Intimidate+1"],"picked":"Sentinel+1","floor":36.0},{"not_picked":["Flash of Steel","Sadistic Nature"],"picked":"Panacea","floor":37.0},{"not_picked":["Blind","Dramatic Entrance"],"picked":"Metamorphosis","floor":37.0},{"not_picked":["Headbutt","Clash+1"],"picked":"Battle Trance","floor":38.0},{"not_picked":["Clothesline+1","Rampage+1"],"picked":"Dual Wield+1","floor":38.0},{"not_picked":["Anger","Twin Strike"],"picked":"Armaments","floor":38.0},{"not_picked":["Sentinel","Thunderclap"],"picked":"Burning Pact","floor":38.0},{"not_picked":["Clash","Twin Strike","Cleave"],"picked":"SKIP","floor":39},{"not_picked":["Wild Strike","Reckless Charge","Hemokinesis+1"],"picked":"SKIP","floor":40},{"not_picked":["Sword Boomerang","Perfected Strike"],"picked":"Metallicize+1","floor":42},{"not_picked":["Body Slam","Sword Boomerang"],"picked":"Flame Barrier","floor":46},{"not_picked":["Sever Soul+1","Dual Wield","Spot Weakness+1"],"picked":"SKIP","floor":48}],"player_experience":384417,"relics_obtained":[{"floor":6.0,"key":"Bottled Flame"},{"floor":8.0,"key":"Toy Ornithopter"},{"floor":9.0,"key":"Tiny Chest"},{"floor":10.0,"key":"CaptainsWheel"},{"floor":19.0,"key":"CeramicFish"},{"floor":26.0,"key":"Kunai"},{"floor":40,"key":"Dream Catcher"},{"floor":42,"key":"Orichalcum"}],"event_choices":[{"cards_removed":["Defend_R"],"damage_healed":0.0,"max_hp_gain":0.0,"max_hp_loss":0.0,"gold_gain":0.0,"event_name":"The Cleric","player_choice":"Card Removal","floor":3.0,"gold_loss":50.0,"damage_taken":0.0},{"damage_healed":0.0,"max_hp_gain":0.0,"max_hp_loss":0.0,"gold_gain":175.0,"event_name":"Liars Game","player_choice":"AGREE","floor":4.0,"gold_loss":0.0,"damage_taken":0.0,"cards_obtained":["Doubt"]},{"cards_removed":["Defend_R"],"damage_healed":0.0,"max_hp_gain":0.0,"max_hp_loss":0.0,"gold_gain":0.0,"event_name":"Wheel of Change","player_choice":"Card Removal","floor":13.0,"gold_loss":0.0,"damage_taken":0.0},{"damage_healed":0.0,"max_hp_gain":0.0,"max_hp_loss":0.0,"gold_gain":75.0,"event_name":"FaceTrader","player_choice":"Touch","floor":20.0,"gold_loss":0.0,"damage_taken":8.0},{"cards_removed":["Strike_R"],"damage_healed":0.0,"max_hp_gain":0.0,"max_hp_loss":0.0,"gold_gain":0.0,"event_name":"Beggar","player_choice":"Gave Gold","floor":30.0,"gold_loss":75.0,"damage_taken":0.0},{"damage_healed":0.0,"max_hp_gain":0.0,"max_hp_loss":0.0,"gold_gain":0.0,"event_name":"SensoryStone","player_choice":"Memory 3","floor":37.0,"gold_loss":0.0,"damage_taken":10.0},{"damage_healed":0,"gold_gain":0,"player_choice":"Ignored","damage_taken":0,"max_hp_gain":0,"max_hp_loss":0,"event_name":"SecretPortal","floor":45,"gold_loss":0}],"is_beta":false,"boss_relics":[{"not_picked":["Fusion Hammer","Ectoplasm"],"picked":"Astrolabe"},{"not_picked":["Snecko Eye","Black Star"],"picked":"Cursed Key"}],"items_purged_floors":[5],"is_endless":false,"potions_floor_spawned":[2,6,8,14,22,24,29,33,36,40,42],"killed_by":"Shield and Spear","ascension_level":13}}