{"host":"ci7ivtocgfxh0ueo","time":1611460412,"event":{"mods":["BaseMod","GifTheSpireLib","Minty Spire (QoL Compilation)","StSLib"],"gold_per_floor":[15,53,203,278,39,39,99,64,144,58,88,88,88,127,127,203,203,217,217,217,38,38,38,38,123,123,148,148],"floor_reached":27,"language":"ZHT","playtime":1924,"items_purged":["Doubt"],"score":443,"play_id":"33349ba8-4c4f-4511-8f00-064e73b21954","local_time":"20210124115332","is_ascension_mode":true,"campfire_choices":[{"data":"Armaments","floor":6,"key":"SMITH"},{"floor":13,"key":"REST"},{"data":"HandOfGreed","floor":15,"key":"SMITH"},{"floor":23,"key":"REST"}],"circlet_count":0,"master_deck":["AscendersBane","Strike_R","Strike_R","Strike_R","Strike_R","Strike_R","Defend_R","Defend_R","Defend_R","Defend_R","Bash","HandOfGreed+1","Armaments+1","Pummel","Armaments","Hemokinesis+1","Cleave+1","Exhume","Uppercut+1","HandOfGreed+1","Pummel+1"],"relics":["Burning Blood","Lee\u0027s Waffle","Bottled Flame","Molten Egg 2","Omamori","Nunchaku","Busted Crown","GremlinMask","Happy Flower","Bottled Lightning"],"acts_visited":["Exordium","TheCity"],"potions_floor_usage":[16,16,25],"damage_taken":[{"damage":19,"enemies":"Small Slimes","floor":1,"turns":4},{"damage":2,"enemies":"Jaw Worm","floor":2,"turns":3},{"damage":34,"enemies":"Gremlin Nob","floor":7,"turns":4},{"damage":55,"enemies":"Lagavulin","floor":11,"turns":6},{"damage":3,"enemies":"2 Louse","floor":14,"turns":3},{"damage":45,"enemies":"The Guardian","floor":16,"turns":10},{"damage":23,"enemies":"Shell Parasite","floor":18,"turns":3},{"damage":52,"enemies":"Slavers","floor":25,"turns":6},{"damage":37,"enemies":"3 Byrds","floor":27,"turns":3}],"seed_played":"-6334450639491276892","potions_obtained":[{"floor":1,"key":"Swift Potion"},{"floor":2,"key":"LiquidBronze"},{"floor":18,"key":"Dexterity Potion"}],"is_trial":false,"path_per_floor":["M","M","?","?","$","R","E","?","T","$","E","?","R","M","R","B",null,"M","?","?","$","?","R","$","E","T","M"],"character_chosen":"IRONCLAD","items_purchased":["Lee\u0027s Waffle","LiquidBronze","HandOfGreed+1"],"campfire_rested":2,"item_purchase_floors":[5,10,21],"current_hp_per_floor":[55,59,59,48,82,82,54,74,74,74,25,25,49,52,52,13,65,48,48,64,64,64,82,82,36,36,0,0],"gold":148,"neow_bonus":"RANDOM_COLORLESS_2","is_daily":false,"chose_seed":false,"campfire_upgraded":2,"win_rate":0.0,"timestamp":1611460412,"path_taken":["M","M","?","?","$","R","E","?","T","$","E","?","R","M","R","BOSS","M","?","?","$","?","R","$","E","T","?"],"items_purchased_type":["Relic","Potion","Card"],"build_version":"2020-12-22","purchased_purges":1,"victory":false,"max_hp_per_floor":[75,75,75,75,82,82,82,82,82,82,82,82,82,82,82,82,82,82,82,82,82,82,82,82,82,82,82,82],"card_choices":[{"not_picked":["Secret Technique","Apotheosis"],"picked":"HandOfGreed","floor":0},{"not_picked":["Body Slam","Shrug It Off"],"picked":"Armaments","floor":1},{"not_picked":["Cleave","Body Slam"],"picked":"Pummel","floor":2},{"not_picked":["Flex","Headbutt"],"picked":"Armaments","floor":7},{"not_picked":["Warcry","Headbutt+1"],"picked":"Hemokinesis+1","floor":11},{"not_picked":["Sword Boomerang+1","Armaments"],"picked":"Cleave+1","floor":14},{"not_picked":["Corruption","Limit Break"],"picked":"Exhume","floor":16},{"not_picked":[],"picked":"Uppercut+1","floor":18},{"not_picked":[],"picked":"Pummel+1","floor":25}],"player_experience":1352908,"relics_obtained":[{"floor":7,"key":"Bottled Flame"},{"floor":9,"key":"Molten Egg 2"},{"floor":11,"key":"Omamori"},{"floor":25,"key":"Happy Flower"},{"floor":26,"key":"Bottled Lightning"}],"event_choices":[{"damage_healed":0,"gold_gain":150,"player_choice":"AGREE","damage_taken":0,"max_hp_gain":0,"max_hp_loss":0,"event_name":"Liars Game","floor":3,"gold_loss":0,"cards_obtained":["Doubt"]},{"damage_healed":0,"gold_gain":75,"player_choice":"Gather Gold","damage_taken":11,"max_hp_gain":0,"max_hp_loss":0,"event_name":"World of Goop","floor":4,"gold_loss":0},{"damage_healed":20,"gold_gain":0,"player_choice":"Healed","damage_taken":0,"max_hp_gain":0,"max_hp_loss":0,"event_name":"The Cleric","floor":8,"gold_loss":35},{"damage_healed":0,"gold_gain":0,"player_choice":"Searched \u00271\u0027 times","damage_taken":0,"relics_obtained":["Nunchaku"],"max_hp_gain":0,"max_hp_loss":0,"event_name":"Dead Adventurer","floor":12,"gold_loss":0},{"damage_healed":0,"gold_gain":0,"player_choice":"Ignored","damage_taken":0,"max_hp_gain":0,"max_hp_loss":0,"event_name":"Vampires","floor":19,"gold_loss":0},{"damage_healed":16,"gold_gain":0,"player_choice":"Heal","damage_taken":0,"max_hp_gain":0,"max_hp_loss":0,"event_name":"The Library","floor":20,"gold_loss":0},{"damage_healed":0,"gold_gain":0,"player_choice":"Trade","damage_taken":0,"relics_obtained":["GremlinMask"],"max_hp_gain":0,"max_hp_loss":0,"event_name":"FaceTrader","floor":22,"gold_loss":0}],"is_beta":false,"boss_relics":[{"not_picked":["Runic Dome","Cursed Key"],"picked":"Busted Crown"}],"items_purged_floors":[5],"is_endless":false,"potions_floor_spawned":[1,2,11,18],"killed_by":"3 Byrds","ascension_level":18}}