{"host":"1ekl8hlbnopmdapi","time":1611455296,"event":{"mods":["AchievementEnabler","BaseMod","Colored Map","Colored Powertips","DeckTracker","Googly Eyes","Highlight Path","Minty Spire (QoL Compilation)","Relic Sorter","StSLib","Synergy Search"],"gold_per_floor":[14,32,52,67,85,114,114,141,141,141,141,151,212,265,277,389,451,478,490,520,532,544,556,568,568],"floor_reached":24,"language":"ENG","playtime":721,"items_purged":[],"score":262,"play_id":"fe3c06d3-9cad-4eea-a064-df51dc04b50f","local_time":"20210123212816","is_ascension_mode":true,"campfire_choices":[{"floor":7,"key":"REST"},{"floor":11,"key":"REST"},{"floor":15,"key":"REST"},{"floor":23,"key":"REST"}],"circlet_count":0,"master_deck":["Strike_P+1","Strike_P","Strike_P","Strike_P+1","Defend_P","Defend_P+1","Defend_P","Defend_P+1","Eruption+1","Vigilance","Vault","TalkToTheHand+1","FlyingSleeves","PathToVictory","CutThroughFate","TalkToTheHand","LessonLearned","PathToVictory","Wish+1","BowlingBash","Study+1","FollowUp","Alpha+1","Judgement+1","Wallop","Wallop+1","Evaluate+1","RitualDagger","Evaluate+1"],"relics":["PureWater","Dream Catcher","Toxic Egg 2","MawBank","Tiny House","MutagenicStrength"],"acts_visited":["Exordium","TheCity"],"potions_floor_usage":[6,8,12,13,14,20,24],"damage_taken":[{"damage":7,"enemies":"2 Louse","floor":1,"turns":4},{"damage":5,"enemies":"Small Slimes","floor":2,"turns":6},{"damage":4,"enemies":"Jaw Worm","floor":3,"turns":2},{"damage":2,"enemies":"3 Louse","floor":4,"turns":2},{"damage":10,"enemies":"2 Fungi Beasts","floor":5,"turns":5},{"damage":6,"enemies":"Gremlin Nob","floor":6,"turns":3},{"damage":12,"enemies":"Lagavulin","floor":8,"turns":5},{"damage":10,"enemies":"Large Slime","floor":12,"turns":3},{"damage":8,"enemies":"Gremlin Nob","floor":13,"turns":6},{"damage":8,"enemies":"Lots of Slimes","floor":14,"turns":4},{"damage":27,"enemies":"The Guardian","floor":16,"turns":7},{"damage":12,"enemies":"Chosen","floor":18,"turns":5},{"damage":25,"enemies":"3 Byrds","floor":20,"turns":3},{"damage":67,"enemies":"3 Cultists","floor":24,"turns":5}],"seed_played":"8660947465641810865","potions_obtained":[{"floor":2,"key":"AttackPotion"},{"floor":6,"key":"AttackPotion"},{"floor":8,"key":"Energy Potion"},{"floor":12,"key":"PowerPotion"},{"floor":13,"key":"Regen Potion"},{"floor":17,"key":"SteroidPotion"},{"floor":18,"key":"LiquidBronze"},{"floor":20,"key":"EssenceOfSteel"}],"is_trial":false,"path_per_floor":["M","M","M","M","M","E","R","E","T","?","R","M","E","M","R","B",null,"M","?","M","?","?","R","M"],"character_chosen":"WATCHER","items_purchased":[],"campfire_rested":4,"item_purchase_floors":[],"current_hp_per_floor":[65,60,56,54,44,38,59,47,47,33,54,44,36,40,61,34,77,65,65,40,34,34,57,0,0],"gold":568,"neow_bonus":"THREE_RARE_CARDS","is_daily":false,"chose_seed":false,"campfire_upgraded":0,"win_rate":0.0,"timestamp":1611455296,"path_taken":["M","M","M","M","M","E","R","E","T","?","R","M","E","M","R","BOSS","M","?","M","?","?","R","M"],"items_purchased_type":[],"build_version":"2020-12-22","purchased_purges":0,"victory":false,"max_hp_per_floor":[72,72,72,72,72,72,72,72,72,72,72,72,72,72,72,72,77,77,77,77,77,77,77,77,77],"card_choices":[{"not_picked":["SpiritShield","Establishment"],"picked":"Vault","floor":0},{"not_picked":["Prostrate","Vengeance"],"picked":"TalkToTheHand","floor":1},{"not_picked":["Consecrate","Nirvana"],"picked":"FlyingSleeves","floor":2},{"not_picked":["BowlingBash","Crescendo"],"picked":"PathToVictory","floor":3},{"not_picked":["Devotion","EmptyFist"],"picked":"CutThroughFate","floor":4},{"not_picked":["EmptyBody","Consecrate"],"picked":"TalkToTheHand","floor":5},{"not_picked":["Adaptation","CrushJoints"],"picked":"LessonLearned","floor":6},{"not_picked":["Halt","FlurryOfBlows"],"picked":"PathToVictory","floor":7},{"not_picked":["Wireheading","Consecrate"],"picked":"Wish+1","floor":8},{"not_picked":["Fasting2","WindmillStrike"],"picked":"BowlingBash","floor":11},{"not_picked":["CutThroughFate","Prostrate+1"],"picked":"Study","floor":12},{"not_picked":["JustLucky","FlurryOfBlows"],"picked":"FollowUp","floor":13},{"not_picked":["Nirvana","Halt+1","CrushJoints"],"picked":"SKIP","floor":14},{"not_picked":["FlyingSleeves","CrushJoints"],"picked":"Alpha+1","floor":15},{"not_picked":["MasterReality","Scrawl+1"],"picked":"Judgement+1","floor":16},{"not_picked":["EmptyMind+1","Collect+1"],"picked":"Wallop","floor":17},{"not_picked":["Prostrate+1","ClearTheMind+1"],"picked":"Wallop+1","floor":18},{"not_picked":["Consecrate","Prostrate+1","EmptyMind+1"],"picked":"SKIP","floor":20},{"not_picked":["CutThroughFate","PathToVictory+1"],"picked":"Evaluate+1","floor":23}],"player_experience":489665,"relics_obtained":[{"floor":6,"key":"Dream Catcher"},{"floor":8,"key":"Toxic Egg 2"},{"floor":13,"key":"MawBank"}],"event_choices":[{"damage_healed":0,"gold_gain":0,"player_choice":"Entered Light","damage_taken":14,"max_hp_gain":0,"max_hp_loss":0,"event_name":"Shining Light","floor":10,"gold_loss":0,"cards_upgraded":["Defend_P","TalkToTheHand"]},{"damage_healed":0,"gold_gain":0,"player_choice":"Read","damage_taken":0,"max_hp_gain":0,"max_hp_loss":0,"event_name":"The Library","floor":19,"gold_loss":0,"cards_obtained":["Evaluate"]},{"damage_healed":0,"gold_gain":0,"player_choice":"Joined the Cult","damage_taken":6,"max_hp_gain":0,"max_hp_loss":0,"event_name":"Nest","floor":21,"gold_loss":0,"cards_obtained":["RitualDagger"]},{"damage_healed":0,"gold_gain":0,"player_choice":"Inject Mutagens","damage_taken":0,"relics_obtained":["MutagenicStrength"],"max_hp_gain":0,"max_hp_loss":0,"event_name":"Drug Dealer","floor":22,"gold_loss":0}],"is_beta":false,"boss_relics":[{"not_picked":["Astrolabe","Runic Dome"],"picked":"Tiny House"}],"items_purged_floors":[],"is_endless":false,"potions_floor_spawned":[2,6,8,12,13,18,20],"killed_by":"3 Cultists","ascension_level":4}}