{"host":"j4g6ia6asvpyu2b0","time":1611522153,"event":{"mods":["BaseMod","Colored Map","Minty Spire (QoL Compilation)","Permanent Neow","Quick Restart","Relic Stats","StSLib","Unceasing Turn Reminder"],"gold_per_floor":[119,135,155,169,169,169,169],"floor_reached":6,"language":"ENG","playtime":246,"items_purged":[],"score":74,"play_id":"e3d0f97b-254e-4b1a-84e1-90f3fa836043","local_time":"20210124140233","is_ascension_mode":true,"campfire_choices":[],"circlet_count":0,"master_deck":["AscendersBane","Strike_R","Strike_R","Strike_R","Strike_R","Strike_R","Defend_R","Defend_R","Defend_R","Defend_R","Bash","Cleave","Pommel Strike","Clothesline","Shrug It Off","Berserk"],"relics":["Runic Dome"],"acts_visited":["Exordium"],"potions_floor_usage":[],"damage_taken":[{"damage":2,"enemies":"Cultist","floor":1,"turns":4},{"damage":2,"enemies":"Jaw Worm","floor":2,"turns":2},{"damage":9,"enemies":"2 Louse","floor":3,"turns":2},{"damage":23,"enemies":"Exordium Thugs","floor":4,"turns":3},{"damage":27,"enemies":"3 Sentries","floor":6,"turns":4}],"seed_played":"-4448867973436268199","potions_obtained":[{"floor":1,"key":"Dexterity Potion"},{"floor":3,"key":"FairyPotion"}],"is_trial":false,"path_per_floor":["M","M","M","M","?","E"],"character_chosen":"IRONCLAD","items_purchased":[],"campfire_rested":0,"item_purchase_floors":[],"current_hp_per_floor":[66,64,55,32,32,5,5],"gold":169,"neow_bonus":"BOSS_RELIC","is_daily":false,"chose_seed":false,"campfire_upgraded":0,"win_rate":0.0,"timestamp":1611522153,"path_taken":["M","M","M","M","?","E"],"items_purchased_type":[],"build_version":"2020-12-22","purchased_purges":0,"victory":false,"max_hp_per_floor":[75,75,75,75,75,75,75],"relic_stats":{"counters":[5,15],"obtain_stats":[{"Runic Dome":0,"Burning Blood":0},{"Runic Dome":0,"Burning Blood":0},{"Runic Dome":0,"Burning Blood":0}]},"card_choices":[{"not_picked":["Entrench","Sword Boomerang"],"picked":"Cleave","floor":1},{"not_picked":["Heavy Blade","Blood for Blood"],"picked":"Pommel Strike","floor":2},{"not_picked":["Intimidate","Body Slam"],"picked":"Clothesline","floor":3},{"not_picked":["Perfected Strike","Warcry"],"picked":"Shrug It Off","floor":4}],"player_experience":992524,"relics_obtained":[],"event_choices":[{"damage_healed":0,"gold_gain":0,"player_choice":"1 cards matched","damage_taken":0,"max_hp_gain":0,"max_hp_loss":0,"event_name":"Match and Keep!","floor":5,"gold_loss":0,"cards_obtained":["Berserk"]}],"is_beta":false,"boss_relics":[],"items_purged_floors":[],"is_endless":false,"potions_floor_spawned":[1,3,4],"killed_by":"3 Sentries","ascension_level":19}}