{"host":"cjhtzh7tp54jdfyv","time":1611455979,"event":{"mods":["AchievementEnabler","BaseMod","Colored Map","Colored Powertips","Curses Come First","DeckTracker","Filter the Spire","Minty Spire (QoL Compilation)","RNG Fix","Relic Sorter","Relic Stats","StSLib","UnlockEverythingMod","ojb\u0027s Better Paths Mod","ojb\u0027s Info Mod"],"gold_per_floor":[365,382,19,19,33,65,215,215,215],"floor_reached":8,"language":"ENG","playtime":515,"items_purged":[],"score":112,"play_id":"8702a73f-79da-44cd-aa60-5739d701a485","local_time":"20210123213939","is_ascension_mode":true,"campfire_choices":[],"circlet_count":0,"master_deck":["AscendersBane","Strike_G","Strike_G","Strike_G","Strike_G","Strike_G","Defend_G","Defend_G","Defend_G","Defend_G","Survivor","Neutralize","Writhe","Wraith Form v2","Eviscerate","Crippling Poison","Unload","Calculated Gamble","Doubt"],"relics":["Ring of the Snake","Frozen Eye","Ninja Scroll"],"acts_visited":["Exordium"],"potions_floor_usage":[6],"damage_taken":[{"damage":1,"enemies":"Cultist","floor":1,"turns":5},{"damage":13,"enemies":"Jaw Worm","floor":2,"turns":7},{"damage":4,"enemies":"2 Louse","floor":5,"turns":3},{"damage":30,"enemies":"Lagavulin","floor":6,"turns":11},{"damage":12,"enemies":"3 Sentries","floor":8,"turns":4}],"seed_played":"-2850359998013551937","potions_obtained":[{"floor":1,"key":"DuplicationPotion"}],"is_trial":false,"path_per_floor":["M","M","$","?","M","E","?","E"],"character_chosen":"THE_SILENT","items_purchased":["Frozen Eye","Wraith Form v2","Eviscerate"],"campfire_rested":0,"item_purchase_floors":[3,3,3],"current_hp_per_floor":[58,45,45,45,41,11,11,0,0],"gold":215,"neow_bonus":"TWO_FIFTY_GOLD","is_daily":false,"chose_seed":false,"campfire_upgraded":0,"win_rate":0.0,"timestamp":1611455979,"path_taken":["M","M","$","?","M","E","?","E"],"items_purchased_type":["Relic","Card","Card"],"build_version":"2020-12-22","purchased_purges":0,"victory":false,"max_hp_per_floor":[66,66,66,66,66,66,66,66,66],"relic_stats":{"counters":[5,30],"obtain_stats":[{"Frozen Eye":3,"Ninja Scroll":6,"Ring of the Snake":0},{"Frozen Eye":2,"Ninja Scroll":4,"Ring of the Snake":0},{"Frozen Eye":12,"Ninja Scroll":26,"Ring of the Snake":0}],"Ring of the Snake":[10]},"card_choices":[{"not_picked":["Bane","Reflex","PiercingWail"],"picked":"SKIP","floor":1},{"not_picked":["Concentrate","Dodge and Roll","Prepared"],"picked":"SKIP","floor":2},{"not_picked":["Noxious Fumes","Predator"],"picked":"Unload","floor":5},{"not_picked":["Die Die Die","Heel Hook"],"picked":"Calculated Gamble","floor":6}],"player_experience":4628682,"relics_obtained":[{"floor":6,"key":"Ninja Scroll"}],"event_choices":[{"damage_healed":0,"gold_gain":0,"cards_transformed":["Defend_G"],"player_choice":"Transformed","damage_taken":0,"max_hp_gain":0,"max_hp_loss":0,"event_name":"Transmorgrifier","floor":4,"gold_loss":0,"cards_obtained":["Crippling Poison"]},{"damage_healed":0,"gold_gain":150,"player_choice":"AGREE","damage_taken":0,"max_hp_gain":0,"max_hp_loss":0,"event_name":"Liars Game","floor":7,"gold_loss":0,"cards_obtained":["Doubt"]}],"is_beta":false,"boss_relics":[],"items_purged_floors":[],"is_endless":false,"potions_floor_spawned":[1],"killed_by":"3 Sentries","ascension_level":20}}