{"host":"orwsrz1cc0wttjjy","time":1611496212,"event":{"mods":["100% Spire Juice","2.2 Compatiblity","AchievementEnabler","Arknights The Spire","Astrologer","BaseMod","Better Altar","Better Match","Better Skull","Better Third Choice","BetterRewards","CapriCore","ChefMod","Colored Map","Colored Powertips","Conspire","DeckTracker","Friendly Minions","Halation","Hermit","Hubris","Infinite Spire","Mimic Mod","Minty Spire (QoL Compilation)","MostiFishMod","Permanent Neow","Puzzle Mod","Relic Sorter","Relic Stats","Robot Space Explorer","Shop Mod","Spicy Shops","Spire Arcade","StSLib","Td1madao Mod","The Accelerator","The Animator","The Cursed","The Gatherer","The Hierophant","The Marked","The Poker Player","The Runesmith","Treasure Hunter","everything is the same but u backflip on backflip","vexMod"],"gold_per_floor":[139,94,111,10,20,20,20,20,20,40,56,89,89,118,118,223,103,103,103],"floor_reached":18,"language":"KOR","playtime":1358,"items_purged":[],"score":197,"play_id":"2b29eb04-d0e8-4bc8-906f-81c63801e28a","local_time":"20210124225012","is_ascension_mode":false,"campfire_choices":[{"floor":6,"key":"REST"},{"data":"Moonworks:Ambush","floor":8,"key":"SMITH"},{"data":"Moonworks:TreasureThief","floor":15,"key":"SMITH"}],"circlet_count":0,"master_deck":["Moonworks:Ambush+1","Moonworks:LongDistanceShot","Moonworks:JonathanRush","Moonworks:MiracleWalker","Moonworks:MiracleWalker","Moonworks:JonathanRush","TH:DeckOfManyThings","Moonworks:SakisCookie","Moonworks:Accelerator","TH:DeckOfManyThings","Moonworks:FullSpeedAlicianrone","TH:DeckOfManyThings","Moonworks:TreasureThief+1","TH:CopperCoins","Moonworks:HolyNight","Moonworks:RagingMadness","Moonworks:MiracleRedBeanIceCream","Moonworks:CookingTime","Moonworks:LuckyCharm","Moonworks:UnluckyCharm","Moonworks:Dinner","Moonworks:UnluckyCharm","Moonworks:WindyEnchantment"],"relics":["Moonworks:BrokenBomb","Moonworks:Homemark","SynthV:TestCard","DaveBox","The Courier","halation:PinkSoulGem","Bag of Marbles","Juzu Bracelet","StrikeDummy","Pandora\u0027s Box"],"acts_visited":["Exordium","TheCity"],"potions_floor_usage":[14,16],"damage_taken":[{"damage":5,"enemies":"Jaw Worm","floor":1,"turns":3},{"damage":0,"enemies":"Cultist","floor":3,"turns":3},{"damage":0,"enemies":"2 Louse","floor":4,"turns":2},{"damage":0,"enemies":"Looter","floor":5,"turns":2},{"damage":0,"enemies":"2 Fungi Beasts","floor":10,"turns":2},{"damage":0,"enemies":"3 Louse","floor":11,"turns":2},{"damage":0,"enemies":"Gremlin Nob","floor":12,"turns":2},{"damage":11,"enemies":"3 Sentries","floor":14,"turns":4},{"damage":24,"enemies":"Hexaghost","floor":16,"turns":6},{"damage":1003,"enemies":"Spheric Guardian","floor":18,"turns":3}],"seed_played":"4829796878471842536","potions_obtained":[{"floor":10,"key":"LiquidMemories"},{"floor":11,"key":"Fire Potion"},{"floor":12,"key":"SteroidPotion"},{"floor":14,"key":"Energy Potion"}],"is_trial":false,"path_per_floor":["M","?","M","M","M","R","?","R","T","M","M","E","?","E","R","B",null,"M"],"character_chosen":"THE_STARBREAKER","items_purchased":[],"campfire_rested":1,"item_purchase_floors":[],"current_hp_per_floor":[37,31,31,31,31,49,49,49,49,49,52,52,58,47,47,23,60,0,0],"gold":103,"neow_bonus":"TWO_FIFTY_GOLD","is_daily":false,"chose_seed":false,"campfire_upgraded":2,"win_rate":0.0,"timestamp":1611496212,"path_taken":["M","?","M","M","?","R","?","R","T","M","M","E","?","E","R","BOSS","M"],"items_purchased_type":[],"build_version":"2020-12-22","purchased_purges":0,"victory":false,"max_hp_per_floor":[60,60,60,60,60,60,60,60,60,60,60,60,60,60,60,60,60,60,60],"relic_stats":{"counters":[10,29],"Pandora\u0027s Box":["Moonworks:RagingMadness","Moonworks:MiracleRedBeanIceCream","Moonworks:CookingTime","Moonworks:LuckyCharm","Moonworks:UnluckyCharm","Moonworks:Dinner","Moonworks:UnluckyCharm","Moonworks:WindyEnchantment"],"Juzu Bracelet":0,"obtain_stats":[{"SynthV:TestCard":1,"DaveBox":0,"Moonworks:Homemark":0,"Pandora\u0027s Box":17,"The Courier":4,"Bag of Marbles":9,"Juzu Bracelet":12,"halation:PinkSoulGem":7,"StrikeDummy":14,"Moonworks:BrokenBomb":0},{"SynthV:TestCard":1,"DaveBox":0,"Moonworks:Homemark":0,"Pandora\u0027s Box":9,"The Courier":3,"Bag of Marbles":4,"Juzu Bracelet":7,"halation:PinkSoulGem":4,"StrikeDummy":8,"Moonworks:BrokenBomb":0},{"SynthV:TestCard":3,"DaveBox":0,"Moonworks:Homemark":0,"Pandora\u0027s Box":26,"The Courier":8,"Bag of Marbles":10,"Juzu Bracelet":16,"halation:PinkSoulGem":10,"StrikeDummy":20,"Moonworks:BrokenBomb":0}]},"card_choices":[{"not_picked":["Moonworks:CloudOfSeagulls","Moonworks:ForcedRevival"],"picked":"Moonworks:JonathanRush","floor":1},{"not_picked":["Moonworks:NicePresent","Moonworks:JonathanRush","Moonworks:EvilSpyWorkPreparation","Moonworks:DeployBits"],"picked":"Moonworks:MiracleWalker","floor":3},{"not_picked":["Moonworks:SealedMemories","Moonworks:ImOnFire","Moonworks:IndiscriminateFireSupport","Moonworks:JonathanRush"],"picked":"Moonworks:MiracleWalker","floor":4},{"not_picked":["Moonworks:CloudOfSeagulls","Moonworks:BigMagnum","Moonworks:EvilSpyWorkPreparation","Moonworks:ForcedRevival"],"picked":"Moonworks:JonathanRush","floor":5},{"not_picked":["TH:CopperCoins","TH:BikiniMail","TH:PixieDust"],"picked":"TH:DeckOfManyThings","floor":9},{"not_picked":["Moonworks:BigMagnum","Moonworks:RedAndBlue","Moonworks:CloudOfSeagulls","Moonworks:SweetBattle"],"picked":"Moonworks:SakisCookie","floor":10},{"not_picked":["Moonworks:IndiscriminateFireSupport","Moonworks:JonathanRush","Moonworks:CloudOfSeagulls","Moonworks:Dinner"],"picked":"Moonworks:Accelerator","floor":11},{"not_picked":["TH:TreasureMap","TH:CursedSword","TH:BikiniMail"],"picked":"TH:DeckOfManyThings","floor":12},{"not_picked":["Moonworks:ImOnFire","Moonworks:ForcedRevival","Moonworks:EvilSpyWorkPreparation","Moonworks:IndiscriminateFireSupport"],"picked":"Moonworks:FullSpeedAlicianrone","floor":12},{"not_picked":["TH:Mimic","TH:BikiniMail","TH:ArmorSpikes"],"picked":"TH:DeckOfManyThings","floor":14},{"not_picked":["Moonworks:BigMagnum","Moonworks:RagingMadness","Moonworks:IndiscriminateFireSupport","Moonworks:NicePresent"],"picked":"Moonworks:TreasureThief","floor":14},{"not_picked":["TH:CursedSword","TH:BikiniMail","TH:PixieDust"],"picked":"TH:CopperCoins","floor":16},{"not_picked":["Moonworks:RocketCannon","Moonworks:CrystalBarrier","Moonworks:LeapThroughSpace","Moonworks:MetallicMonocoque"],"picked":"Moonworks:HolyNight","floor":16}],"player_experience":313893,"relics_obtained":[{"floor":1,"key":"SynthV:TestCard"},{"floor":9,"key":"Bag of Marbles"},{"floor":12,"key":"Juzu Bracelet"},{"floor":14,"key":"StrikeDummy"}],"event_choices":[{"damage_healed":0,"gold_gain":75,"player_choice":"Touch","damage_taken":6,"max_hp_gain":0,"max_hp_loss":0,"event_name":"FaceTrader","floor":2,"gold_loss":0}],"is_beta":false,"boss_relics":[{"not_picked":["FeatherPendant","GuanYuAspect"],"picked":"Pandora\u0027s Box"}],"items_purged_floors":[],"is_endless":false,"potions_floor_spawned":[10,11,12,14],"killed_by":"Spheric Guardian","ascension_level":0}}