{"host":"yqm","time":1611480518,"event":{"mods":["ATMod(°¢èªMod)","BaseMod","Challenge The Spire","Colored Map","Colored Powertips","DeckTracker","Good Game Mod","Minty Spire (QoL Compilation)","MostiFishMod","Quick Restart","Relic Filter","Relic Stats","Remove Card Discount Mod","StSLib","noobMod","óô»ðÖ¸ÄÏ"],"gold_per_floor":[110,129,129,147,165,193,193],"floor_reached":6,"language":"ZHS","playtime":440,"items_purged":[],"score":146,"play_id":"44627e6e-740b-4d7f-b237-8e898f62a76b","local_time":"20210124172838","is_ascension_mode":true,"campfire_choices":[],"circlet_count":0,"master_deck":["AscendersBane","Strike_R","Strike_R","Strike_R","Strike_R","Strike_R+1","Defend_R","Defend_R","Defend_R","Defend_R","Bash+1","After Image","MostiFishMod:FrostNova","MostiFishMod:WinterMarkForm","AT_ChampionStep","Sword Boomerang","Pommel Strike","Perfected Strike"],"relics":["Burning Blood","REME:ComplimentaryCards","ice","DaveBox","AT_ATBox","FrostBlade","SynthV:TestCard","Whetstone"],"acts_visited":["Exordium"],"potions_floor_usage":[],"damage_taken":[{"damage":3,"enemies":"Cultist","floor":1,"turns":3},{"damage":7,"enemies":"Jaw Worm","floor":2,"turns":4},{"damage":18,"enemies":"Small Slimes","floor":4,"turns":4},{"damage":17,"enemies":"2 Fungi Beasts","floor":5,"turns":3},{"damage":0,"enemies":"Lagavulin","floor":6,"turns":5}],"seed_played":"4199104556428187814","potions_obtained":[{"floor":4,"key":"PowerPotion"},{"floor":5,"key":"BloodPotion"}],"is_trial":false,"path_per_floor":["M","M","?","M","M","E"],"character_chosen":"IRONCLAD","items_purchased":[],"campfire_rested":0,"item_purchase_floors":[],"current_hp_per_floor":[71,70,70,58,47,53,53],"gold":193,"neow_bonus":"THREE_CARDS","is_daily":false,"chose_seed":false,"campfire_upgraded":0,"win_rate":0.0,"timestamp":1611480518,"path_taken":["M","M","?","M","M","E"],"items_purchased_type":[],"build_version":"2020-12-18","purchased_purges":0,"victory":false,"max_hp_per_floor":[75,75,75,75,75,75,75],"relic_stats":{"counters":[5,19],"Whetstone":["Bash","Strike_R"],"obtain_stats":[{"FrostBlade":0,"REME:ComplimentaryCards":0,"AT_ATBox":0,"SynthV:TestCard":1,"DaveBox":0,"ice":0,"Whetstone":6,"Burning Blood":0},{"FrostBlade":0,"REME:ComplimentaryCards":0,"AT_ATBox":0,"SynthV:TestCard":1,"DaveBox":0,"ice":0,"Whetstone":5,"Burning Blood":0},{"FrostBlade":0,"REME:ComplimentaryCards":0,"AT_ATBox":0,"SynthV:TestCard":3,"DaveBox":0,"ice":0,"Whetstone":19,"Burning Blood":0}],"Burning Blood":30},"card_choices":[{"not_picked":["AT_IchimonjiDouble","AT_GerminateFire"],"picked":"Sword Boomerang","floor":0},{"not_picked":["Cleave","Dual Wield","Rage"],"picked":"SKIP","floor":1},{"not_picked":["Body Slam","Pummel","True Grit","Clothesline","Wild Strike"],"picked":"SKIP","floor":2},{"not_picked":["Reckless Charge","Uppercut","Seeing Red","Blood for Blood"],"picked":"Pommel Strike","floor":4},{"not_picked":["Body Slam","Clash","Iron Wave","AT_IchimonjiDouble","Headbutt"],"picked":"SKIP","floor":5},{"not_picked":["Twin Strike","MostiFishMod:TemporaryOutbreak","AT_IchimonjiDouble","AT_DiedThrough"],"picked":"Perfected Strike","floor":6}],"player_experience":847347,"relics_obtained":[{"floor":1,"key":"SynthV:TestCard"},{"floor":6,"key":"Whetstone"}],"event_choices":[{"damage_healed":0,"gold_gain":0,"player_choice":"Ignored","damage_taken":0,"max_hp_gain":0,"max_hp_loss":0,"event_name":"Golden Wing","floor":3,"gold_loss":0}],"is_beta":true,"boss_relics":[],"items_purged_floors":[],"is_endless":false,"potions_floor_spawned":[4,5,6],"killed_by":"Lagavulin","ascension_level":20}}