{"host":"6h0diz2ap0m56grs","time":1611467034,"event":{"mods":["2.2 Compatiblity","BaseMod","Colored Map","Marisa????????","Minty Spire (QoL Compilation)","Quick Restart","Replay The Spire","Shop Mod","StSLib","The Servant 0.9.4"],"gold_per_floor":[117,137,153,95,95,124,149,178,178,205,235,261,261,273,273,674,674,674,674],"floor_reached":18,"language":"ENG","playtime":777,"items_purged":[],"score":350,"play_id":"50b1cf4c-2a0e-41c1-861c-d6e0a8a3891e","local_time":"20210123234354","daily_mods":["SealedDeck","Heirloom","Time Dilation","Flight"],"is_ascension_mode":true,"campfire_choices":[{"data":"DarkMatter","floor":15,"key":"SMITH"}],"circlet_count":0,"master_deck":["NonDirectionalLaser","SporeBomb","GalacticHalo+1","GalacticHalo+1","SuperPerseids","MeteoricShower","WitchLeyline+1","GasGiant","WitchLeyline","MeteoricShower+1","DarkMatter+1","OortCloud+1","TreasureHunter","SprinkleStarSeal"],"relics":["MiniHakkero","replay:Trail_Library","Shovel","CaptainsWheel","Replay:Bottled Eggs","Durian","MealTicket","Omamori","Girya","Art of War","Mummified Hand","Pet Ghost","Whetstone","Blue Doll","Nunchaku","Old Coin","Black Star"],"acts_visited":["Exordium","TheCity"],"potions_floor_usage":[14],"damage_taken":[{"damage":0,"enemies":"Jaw Worm","floor":1,"turns":2},{"damage":0,"enemies":"Small Slimes","floor":2,"turns":1},{"damage":0,"enemies":"Cultist","floor":3,"turns":1},{"damage":0,"enemies":"Lagavulin","floor":6,"turns":6},{"damage":1,"enemies":"3 Sentries","floor":7,"turns":13},{"damage":0,"enemies":"Replay:BlueRogue","floor":8,"turns":4},{"damage":0,"enemies":"Gremlin Nob","floor":10,"turns":4},{"damage":0,"enemies":"Lagavulin","floor":11,"turns":5},{"damage":0,"enemies":"Replay:BlueRogue","floor":12,"turns":5},{"damage":0,"enemies":"Gremlin Gang","floor":14,"turns":3},{"damage":3,"enemies":"The Guardian","floor":16,"turns":9},{"damage":0,"enemies":"2 Thieves","floor":18,"turns":1}],"seed_played":"316556894510240743","potions_obtained":[{"floor":6,"key":"Block Potion"},{"floor":8,"key":"GamblersBrew"},{"floor":10,"key":"BlessingOfTheForge"},{"floor":11,"key":"Ancient Potion"},{"floor":13,"key":"Dexterity Potion"},{"floor":16,"key":"Regen Potion"}],"is_trial":true,"path_per_floor":["M","M","M","$","?","E","E","E","T","E","E","E","?","M","R","B",null,"M"],"character_chosen":"MARISA","items_purchased":["OortCloud+1"],"campfire_rested":0,"item_purchase_floors":[4],"current_hp_per_floor":[75,75,75,75,75,75,79,79,79,79,79,79,79,79,79,76,80,80,80],"gold":674,"neow_bonus":"","is_daily":false,"chose_seed":false,"campfire_upgraded":1,"win_rate":0.0,"timestamp":1611467034,"path_taken":["M","M","M","$","?","E","E","E","T","E","E","E","?","?","R","BOSS","M"],"items_purchased_type":["Card"],"build_version":"2020-12-22","purchased_purges":0,"victory":false,"max_hp_per_floor":[75,75,75,75,75,75,80,80,80,80,80,80,80,80,80,80,80,80,80],"card_choices":[{"not_picked":["WitchOfGreed","EventHorizon","MachineGunSpark"],"picked":"SKIP","floor":1},{"not_picked":["UnstableBomb","NonDirectionalLaser","Occultation"],"picked":"SKIP","floor":2},{"not_picked":["BlazeAway","MeteoricShower"],"picked":"DarkMatter","floor":3},{"not_picked":["Acceleration","NonDirectionalLaser"],"picked":"TreasureHunter","floor":6},{"not_picked":["6A","SporeBomb","DC"],"picked":"SKIP","floor":7},{"not_picked":["IllusionStar","PowerUp","SporeBomb"],"picked":"SKIP","floor":8},{"not_picked":["StarDustReverie","SatelliteIllusion","GravityBeat"],"picked":"SKIP","floor":10},{"not_picked":["DC","EventHorizon","Orbital"],"picked":"SKIP","floor":11},{"not_picked":["Acceleration","StarlightTyphoon"],"picked":"SprinkleStarSeal","floor":12},{"not_picked":["WitchOfGreed","MysteriousBeam","OpenUniverse"],"picked":"SKIP","floor":14}],"player_experience":223744,"relics_obtained":[{"floor":6,"key":"CaptainsWheel"},{"floor":7,"key":"Replay:Bottled Eggs"},{"floor":7,"key":"Durian"},{"floor":8,"key":"MealTicket"},{"floor":8,"key":"Omamori"},{"floor":9,"key":"Girya"},{"floor":10,"key":"Art of War"},{"floor":10,"key":"Mummified Hand"},{"floor":11,"key":"Pet Ghost"},{"floor":11,"key":"Whetstone"},{"floor":12,"key":"Blue Doll"},{"floor":12,"key":"Nunchaku"},{"floor":16,"key":"Old Coin"}],"event_choices":[{"damage_healed":0,"gold_gain":0,"player_choice":"Leave","damage_taken":0,"max_hp_gain":0,"max_hp_loss":0,"event_name":"The Cleric","floor":5,"gold_loss":0},{"damage_healed":0,"gold_gain":0,"player_choice":"Got Potions","damage_taken":0,"max_hp_gain":0,"max_hp_loss":0,"event_name":"Lab","floor":13,"gold_loss":0}],"is_beta":false,"boss_relics":[{"not_picked":["SacredBark","Snecko Eye"],"picked":"Black Star"}],"items_purged_floors":[],"is_endless":false,"potions_floor_spawned":[6,8,10,11,16],"killed_by":"2 Thieves","ascension_level":1}}