{"host":"u1dfzl6o6mfmauc3","time":1611472207,"event":{"mods":["2.2 Compatiblity","AchievementEnabler","BaseMod","Block Reminder","Challenge The Spire","Dark Map","Hermit","Minty Spire (QoL Compilation)","Relic Stats","Robot Space Explorer","StSLib","The Disciple"],"gold_per_floor":[116,116,116,40,51,85,96,124,124,77,90,90,63,78,78,177,177,194,194,205,221,234,234,234],"floor_reached":23,"language":"ENG","playtime":1543,"items_purged":[],"score":203,"play_id":"7e92ba68-3fa2-482c-8401-d8a749474cbf","local_time":"20210124021007","is_ascension_mode":false,"campfire_choices":[{"floor":12,"key":"REST"},{"floor":15,"key":"REST"}],"circlet_count":0,"master_deck":["Strike_Br","Strike_Br","Strike_Br","Defend_Br","Defend_Br","Defend_Br","Defend_Br","SecondHand","PatternShift","HandsUpC","ExoVibe","Stagnate","BiteCommand","ReapSow","AlternateTimeline+1","PrimeTime","Pendulum+1","LockedAstrolabe","Allegro+1","LockedAnchor"],"relics":["HangingClock","IceCream?","White Beast Statue","SlipperyGoo","Du-Vu Doll","Toxic Egg 2","Busted Crown"],"acts_visited":["Exordium","TheCity"],"potions_floor_usage":[16,16,18,18,21],"damage_taken":[{"damage":0,"enemies":"Jaw Worm","floor":1,"turns":5},{"damage":2,"enemies":"Small Slimes","floor":5,"turns":4},{"damage":11,"enemies":"3 Sentries","floor":6,"turns":12},{"damage":0,"enemies":"2 Louse","floor":7,"turns":5},{"damage":50,"enemies":"Gremlin Nob","floor":8,"turns":6},{"damage":1,"enemies":"Exordium Thugs","floor":11,"turns":7},{"damage":0,"enemies":"2 Fungi Beasts","floor":14,"turns":5},{"damage":9,"enemies":"Slime Boss","floor":16,"turns":11},{"damage":7,"enemies":"3 Byrds","floor":18,"turns":4},{"damage":21,"enemies":"Shell Parasite","floor":20,"turns":6},{"damage":29,"enemies":"Chosen and Byrds","floor":21,"turns":9},{"damage":14,"enemies":"3 Cultists","floor":22,"turns":6},{"damage":18,"enemies":"Book of Stabbing","floor":23,"turns":4}],"seed_played":"8405383390019643109","potions_obtained":[{"floor":5,"key":"Energy Potion"},{"floor":6,"key":"DuplicationPotion"},{"floor":7,"key":"WardPotion"},{"floor":16,"key":"SneckoOil"},{"floor":18,"key":"Block Potion"},{"floor":20,"key":"Dexterity Potion"},{"floor":21,"key":"Weak Potion"},{"floor":22,"key":"FearPotion"}],"is_trial":false,"path_per_floor":["M","?","?","?","M","E","M","E","T","$","M","R","?","M","R","B",null,"M","?","M","M","M","E"],"character_chosen":"CHRONO_CLASS","items_purchased":["AlternateTimeline+1"],"campfire_rested":2,"item_purchase_floors":[10],"current_hp_per_floor":[65,65,70,70,68,57,57,7,7,7,6,27,27,27,48,39,70,63,63,42,31,17,0,0],"gold":234,"neow_bonus":"BOSS_RELIC","is_daily":false,"chose_seed":false,"campfire_upgraded":0,"win_rate":0.0,"timestamp":1611472207,"path_taken":["M","?","?","?","?","E","M","E","T","?","M","R","?","M","R","BOSS","M","?","?","M","M","E"],"items_purchased_type":["Card"],"build_version":"2020-12-22","purchased_purges":0,"victory":false,"max_hp_per_floor":[65,65,70,70,70,70,70,70,70,70,70,70,70,70,70,70,70,70,70,70,70,70,70,70],"relic_stats":{"Busted Crown":8,"counters":[13,84],"obtain_stats":[{"Du-Vu Doll":8,"SlipperyGoo":6,"Busted Crown":17,"Chronometer":0,"HangingClock":0,"Toxic Egg 2":9,"White Beast Statue":4,"IceCream?":2},{"Du-Vu Doll":5,"SlipperyGoo":3,"Busted Crown":8,"Chronometer":0,"HangingClock":0,"Toxic Egg 2":5,"White Beast Statue":1,"IceCream?":1},{"Du-Vu Doll":32,"SlipperyGoo":21,"Busted Crown":55,"Chronometer":0,"HangingClock":0,"Toxic Egg 2":32,"White Beast Statue":5,"IceCream?":5}]},"card_choices":[{"not_picked":["Goo","Tempo"],"picked":"HandsUpC","floor":1},{"not_picked":["Parity","Engulf"],"picked":"ExoVibe","floor":5},{"not_picked":["LockedAstrolabe","HandsUpC"],"picked":"Stagnate","floor":6},{"not_picked":["BlueShift","LockedPlans"],"picked":"BiteCommand","floor":7},{"not_picked":["Echoward","Echonomics"],"picked":"ReapSow","floor":8},{"not_picked":["ExoVibe+1","HandsUpC","LockedMedicine"],"picked":"SKIP","floor":11},{"not_picked":["Engulf","LockedOrichalcum"],"picked":"PrimeTime","floor":14},{"not_picked":["LockedFlame","LockedLightning"],"picked":"Pendulum+1","floor":16},{"not_picked":["LockedUrn"],"picked":"SKIP","floor":18},{"not_picked":["HandsUpC"],"picked":"SKIP","floor":20},{"not_picked":["ExoVibe+1"],"picked":"SKIP","floor":21},{"not_picked":[],"picked":"LockedAnchor","floor":22}],"player_experience":142819,"relics_obtained":[{"floor":6,"key":"SlipperyGoo"},{"floor":8,"key":"Du-Vu Doll"},{"floor":9,"key":"Toxic Egg 2"}],"event_choices":[{"damage_healed":0,"gold_gain":0,"player_choice":"Donut","damage_taken":0,"max_hp_gain":5,"max_hp_loss":0,"event_name":"Big Fish","floor":3,"gold_loss":0},{"damage_healed":0,"gold_gain":0,"player_choice":"Paid Gold","damage_taken":0,"relics_obtained":["White Beast Statue"],"max_hp_gain":0,"max_hp_loss":0,"event_name":"WeMeetAgain","floor":4,"gold_loss":76},{"damage_healed":0,"gold_gain":0,"player_choice":"Left Gold","damage_taken":0,"max_hp_gain":0,"max_hp_loss":0,"event_name":"World of Goop","floor":13,"gold_loss":27},{"damage_healed":0,"gold_gain":0,"cards_transformed":["Strike_Br"],"player_choice":"Transformed","damage_taken":0,"max_hp_gain":0,"max_hp_loss":0,"event_name":"Transmorgrifier","floor":19,"gold_loss":0,"cards_obtained":["LockedAstrolabe"]}],"is_beta":false,"boss_relics":[{"not_picked":["Sozu","Snecko Eye"],"picked":"Busted Crown"}],"items_purged_floors":[],"is_endless":false,"potions_floor_spawned":[5,6,7,8,11,14,16,18,20,21,22],"killed_by":"Book of Stabbing","ascension_level":0}}