{"host":"l491xr9n6v7t2d5g","time":1611513548,"event":{"mods":["Arknights The Spire","BaseMod","Minty Spire (QoL Compilation)","Prisma Mod","Slay the StarCraft II Mod","StSLib","The Animator","WarShipGirlsR/战舰少女R mod","[IsaacMod]以撒尖塔","【遗物卡牌】REMEMod"],"gold_per_floor":[116,189,200,200,220,245,260,50,50,64,96,12,29,0,0,100,100,115,115,115,130,146,146,158,95,95,129,144,144,164,191,191,291,291,304,320,320,331,331,331],"floor_reached":39,"language":"ZHS","playtime":3038,"items_purged":["rmod:strick","rmod:strick","rmod:basicallowance"],"score":435,"play_id":"7b1462b7-8e22-4846-9f2a-812fdd834e05","local_time":"20210125023908","is_ascension_mode":false,"campfire_choices":[{"data":"rmod:expedition","floor":15.0,"key":"SMITH"},{"data":"rmod:advancebysurprise","floor":23.0,"key":"SMITH"},{"floor":29,"key":"REST"},{"floor":32,"key":"REST"}],"circlet_count":0,"master_deck":["rmod:strick+1","rmod:strick","rmod:defend+1","rmod:defend","rmod:defend","rmod:defend","rmod:maingunfire","PrismaMod:ChloeCarnivalAttack","rmod:ammunitionsupply","rmod:diamondstrike","rmod:desperatesituation","rmod:bulid","rmod:firesupport","rmod:steelsupply","rmod:fletcherpendant","rmod:maintain","rmod:fletcherpendant","rmod:expedition+1","rmod:advancebysurprise+1","rmod:wife","rmod:diamondstrike","rmod:unsinkable","rmod:diaomin","rmod:garrisonisland+1","rmod:ring","rmod:acesubmarine","rmod:salvage","rmod:chargemoney","rmod:victimresponsibility+1","rmod:wife","rmod:fletcherpendant","rmod:unsinkable+1"],"relics":["rmod:firstchargereward","HushsDoor","REME_ComplimentaryCards","NeowsBlessing","YumHeart","Regal Pillow","Membership Card","PillsDrop","Black Star","BookOfRevelations","Orichalcum","Strawberry","rmod:extraamm","Sundial","Lantern","REME_ChargedStone"],"acts_visited":["Exordium","TheCity","TheBeyond"],"potions_floor_usage":[27,27,28],"damage_taken":[{"damage":0.0,"enemies":"2 Louse","floor":1.0,"turns":1.0},{"damage":0.0,"enemies":"Small Slimes","floor":3.0,"turns":1.0},{"damage":0.0,"enemies":"Cultist","floor":5.0,"turns":1.0},{"damage":16.0,"enemies":"Gremlin Nob","floor":6.0,"turns":4.0},{"damage":0.0,"enemies":"3 Louse","floor":7.0,"turns":2.0},{"damage":2.0,"enemies":"Large Slime","floor":10.0,"turns":2.0},{"damage":31.0,"enemies":"Lagavulin","floor":11.0,"turns":8.0},{"damage":0.0,"enemies":"2 Fungi Beasts","floor":13.0,"turns":3.0},{"damage":3.0,"enemies":"Hexaghost","floor":16.0,"turns":8.0},{"damage":23.0,"enemies":"3 Byrds","floor":18.0,"turns":4.0},{"damage":30.0,"enemies":"2 Thieves","floor":21.0,"turns":4.0},{"damage":26.0,"enemies":"Sentry and Sphere","floor":22.0,"turns":5.0},{"damage":22.0,"enemies":"Shelled Parasite and Fungi","floor":24.0,"turns":5.0},{"damage":17,"enemies":"REME_1_Revenger","floor":27,"turns":7},{"damage":17,"enemies":"Snake Plant","floor":28,"turns":3},{"damage":11,"enemies":"Chosen and Byrds","floor":30,"turns":4},{"damage":36,"enemies":"Book of Stabbing","floor":31,"turns":6},{"damage":8,"enemies":"Champ","floor":33,"turns":9},{"damage":13,"enemies":"3 Darklings","floor":35,"turns":5},{"damage":0,"enemies":"Orb Walker","floor":36,"turns":2},{"damage":38,"enemies":"Sphere and 2 Shapes","floor":38,"turns":5},{"damage":44,"enemies":"Spire Growth","floor":39,"turns":4}],"seed_played":"7082331315511251229","potions_obtained":[{"floor":1.0,"key":"Dexterity Potion"},{"floor":6.0,"key":"Energy Potion"},{"floor":7.0,"key":"SteroidPotion"},{"floor":10.0,"key":"PowerPotion"},{"floor":13.0,"key":"SkillPotion"},{"floor":18.0,"key":"Regen Potion"},{"floor":22.0,"key":"BlessingOfTheForge"},{"floor":27,"key":"SkillPotion"},{"floor":30,"key":"Explosive Potion"},{"floor":33,"key":"Block Potion"},{"floor":36,"key":"AttackPotion"}],"is_trial":false,"path_per_floor":["M","?","M","?","M","E","M","$","T","M","E","$","M","?","R","B",null,"M","?","?","M","M","R","M","$","T","E","M","R","M","E","R","B",null,"M","M","?","M","M"],"character_chosen":"PRAEFECT","items_purchased":["Membership Card","rmod:steelsupply","rmod:expedition"],"campfire_rested":2,"item_purchase_floors":[8,8,12],"current_hp_per_floor":[75,75,75,60,60,44,69,69,69,67,36,36,36,36,36,33,75,75,75,75,45,19,19,11,36,36,26,9,48,37,1,40,32,82,69,69,69,44,0,0],"gold":331,"neow_bonus":"THREE_ENEMY_KILL","is_daily":false,"chose_seed":false,"campfire_upgraded":2,"win_rate":0.0,"timestamp":1611513548,"path_taken":["M","?","M","?","M","E","M","$","T","M","E","$","?","?","R","BOSS","M","?","?","M","M","R","?","?","T","E","M","R","M","E","R","BOSS","M","M","?","M","M"],"items_purchased_type":["Relic","Card","Card"],"build_version":"2020-12-22","purchased_purges":3,"victory":false,"max_hp_per_floor":[75,75,75,75,75,75,75,75,75,75,75,75,75,75,75,75,75,75,75,75,75,75,75,75,75,75,82,82,82,82,82,82,82,82,82,82,82,82,82,82],"card_choices":[{"not_picked":["rmod:robin","rmod:guardianhero"],"picked":"rmod:ammunitionsupply","floor":1.0},{"not_picked":["rmod:bulid","rmod:fuelsupply"],"picked":"rmod:diamondstrike","floor":3.0},{"not_picked":["rmod:aviationdawn","rmod:lonelyqueen"],"picked":"rmod:desperatesituation","floor":5.0},{"not_picked":["rmod:launchingtorpedo","rmod:garrisonisland"],"picked":"rmod:bulid","floor":6.0},{"not_picked":["rmod:luckystar","rmod:supportescort"],"picked":"rmod:firesupport","floor":7.0},{"not_picked":["rmod:gendarmerie","rmod:bulid"],"picked":"rmod:maintain","floor":10.0},{"not_picked":["rmod:highspeedmaneuver","rmod:supportaircraftcarrier"],"picked":"rmod:fletcherpendant","floor":11.0},{"not_picked":["rmod:intelligenceanalysis","rmod:luckystar"],"picked":"rmod:advancebysurprise","floor":13.0},{"not_picked":[],"picked":"rmod:wife","floor":14.0},{"not_picked":[],"picked":"rmod:diamondstrike","floor":14.0},{"not_picked":["rmod:goodfighter","rmod:intelligenceanalysis"],"picked":"rmod:unsinkable","floor":18.0},{"not_picked":["rmod:supportescort","rmod:garrisonisland"],"picked":"rmod:diaomin","floor":21.0},{"not_picked":["rmod:intelligenceanalysis+1","rmod:firesupport"],"picked":"rmod:garrisonisland+1","floor":22.0},{"not_picked":["rmod:tearstotiara","rmod:fuelsupply+1"],"picked":"rmod:ring","floor":24.0},{"not_picked":["rmod:luckystar+1","rmod:diamondstrike"],"picked":"rmod:acesubmarine","floor":27},{"not_picked":["rmod:steelsupply","rmod:fuelsupply+1"],"picked":"rmod:salvage","floor":28},{"not_picked":["rmod:lonelyqueen","rmod:rockthrower"],"picked":"rmod:chargemoney","floor":30},{"not_picked":["rmod:desperatesituation","rmod:tearstotiara","rmod:selfconfidence"],"picked":"SKIP","floor":31},{"not_picked":["rmod:expedition","rmod:aluminumsupply+1"],"picked":"rmod:victimresponsibility+1","floor":35},{"not_picked":["rmod:selfconfidence+1","rmod:tearstotiara+1"],"picked":"rmod:wife","floor":36},{"not_picked":["rmod:firesupport+1","rmod:timeschanged"],"picked":"rmod:unsinkable+1","floor":38}],"player_experience":189121,"relics_obtained":[{"floor":6.0,"key":"Regal Pillow"},{"floor":11.0,"key":"PillsDrop"},{"floor":26.0,"key":"Orichalcum"},{"floor":27,"key":"Strawberry"},{"floor":27,"key":"rmod:extraamm"},{"floor":31,"key":"Sundial"},{"floor":31,"key":"Lantern"}],"event_choices":[{"damage_healed":0.0,"max_hp_gain":0.0,"max_hp_loss":0.0,"gold_gain":73.0,"event_name":"Golden Wing","player_choice":"Gained Gold","floor":2.0,"gold_loss":0.0,"damage_taken":0.0},{"damage_healed":0.0,"max_hp_gain":0.0,"max_hp_loss":0.0,"gold_gain":0.0,"event_name":"Shining Light","player_choice":"Entered Light","floor":4.0,"gold_loss":0.0,"damage_taken":15.0,"cards_upgraded":["rmod:defend","rmod:strick"]},{"damage_healed":0.0,"max_hp_gain":0.0,"max_hp_loss":0.0,"gold_gain":0.0,"event_name":"The Mausoleum","player_choice":"Opened","floor":20.0,"gold_loss":0.0,"damage_taken":0.0,"relics_obtained":["BookOfRevelations"]}],"is_beta":false,"boss_relics":[{"not_picked":["REME_DemonsWealth","Cursed Key"],"picked":"Black Star"},{"not_picked":[]},{"not_picked":["Velvet Choker","Runic Pyramid"],"picked":"REME_ChargedStone"},{"not_picked":[]}],"items_purged_floors":[8,12,25],"is_endless":false,"potions_floor_spawned":[1,6,7,10,13,18,22,27,30,33,36],"killed_by":"Spire Growth","ascension_level":0}}