{"host":"q57ekfojy3i00x9o","time":1611508752,"event":{"mods":["Arknights The Spire","Aspiration","BaseMod","Colored Map","Energized Spire","Hermit","Minty Spire (QoL Compilation)","Quick Restart","Spicy Shops","Spikes Relics","StSLib","slay the spire mod where everything is the same but ironclad has a cowboy hat"],"gold_per_floor":[116,191,201,201,276,276,276,292,292,197,197,271,224,234,234,332,332,347,198,198,208,208,208],"floor_reached":22,"language":"RUS","playtime":519,"items_purged":[],"score":191,"play_id":"eec5120d-cabd-4f7f-b1ec-d5602d7bf9df","local_time":"20210124221912","is_ascension_mode":true,"campfire_choices":[{"data":"ats:Consecutive Shot Auto","floor":7,"key":"SMITH"},{"data":"ats:Flexible Camouflage","floor":15,"key":"SMITH"}],"circlet_count":0,"master_deck":["ats:Strike C","ats:Strike G","ats:Strike S","ats:Strike V","ats:Armor Crushing Shot+1","ats:Defend","ats:Defend","ats:Defend","ats:Defend","ats:Emotion Absorption","ats:Consecutive Shot Auto+1","ats:Charging Defense","ats:Rapid Magazine+1","ats:Thermite Blade+1","ats:Flexible Camouflage+1","ats:Explosion Area Strengthen","ats:Poison Spread","ats:Wolf Pack","ats:Hammer On","ats:Song Of Battle+1","ats:Leaping Hammer"],"relics":["ats:Sanity","Frozen Egg 2","WizardHat","Frozen Eye"],"acts_visited":["Exordium","TheCity"],"potions_floor_usage":[6,22],"damage_taken":[{"damage":4,"enemies":"Jaw Worm","floor":1,"turns":4},{"damage":6,"enemies":"Cultist","floor":3,"turns":4},{"damage":0,"enemies":"3 Sentries","floor":6,"turns":1},{"damage":0,"enemies":"Small Slimes","floor":8,"turns":2},{"damage":14,"enemies":"2 Fungi Beasts","floor":14,"turns":3},{"damage":15,"enemies":"Hexaghost","floor":16,"turns":8},{"damage":19,"enemies":"3 Byrds","floor":18,"turns":6},{"damage":45,"enemies":"Spheric Guardian","floor":21,"turns":6},{"damage":11,"enemies":"Snake Plant","floor":22,"turns":1}],"seed_played":"-3197524950125284816","potions_obtained":[{"floor":1,"key":"SmokeBomb"},{"floor":14,"key":"SpeedPotion"},{"floor":16,"key":"ats:Top Emergency Sanity Potion"}],"is_trial":false,"path_per_floor":["M","?","M","?","?","E","R","M","T","$","?","?","$","M","R","B",null,"M","$","?","M","M"],"character_chosen":"DOCTOR_CLASS","items_purchased":["ats:Thermite Blade","ats:Flexible Camouflage","ats:Explosion Area Strengthen","Frozen Eye","ats:Song Of Battle+1"],"campfire_rested":0,"item_purchase_floors":[10,10,13,19,19],"current_hp_per_floor":[68,61,55,48,37,37,37,37,37,37,37,37,37,23,23,8,72,53,53,53,8,0,0],"gold":208,"neow_bonus":"UPGRADE_CARD","is_daily":false,"chose_seed":false,"campfire_upgraded":2,"win_rate":0.0,"timestamp":1611508752,"path_taken":["M","?","?","?","?","E","R","M","T","$","?","?","$","?","R","BOSS","M","$","?","M","M"],"items_purchased_type":["Card","Card","Card","Relic","Card"],"build_version":"2020-12-22","purchased_purges":0,"victory":false,"max_hp_per_floor":[72,72,72,72,72,72,72,72,72,72,72,72,72,72,72,72,72,72,72,72,72,72,72],"card_choices":[{"not_picked":["ats:Apocalypse","ats:Explosion Area Strengthen"],"picked":"ats:Consecutive Shot Auto","floor":1},{"not_picked":["ats:Very Hot Blade","ats:Cat Scratch"],"picked":"ats:Charging Defense","floor":3},{"not_picked":["ats:Shell Defense","ats:Flexible Camouflage"],"picked":"ats:Rapid Magazine+1","floor":8},{"not_picked":["ats:Ignite","ats:Soul Absorption"],"picked":"ats:Poison Spread","floor":14},{"not_picked":["ats:Shadow Assault","ats:Volcano"],"picked":"ats:Wolf Pack","floor":16},{"not_picked":["ats:Very Hot Blade+1","ats:LN2 Cannon"],"picked":"ats:Hammer On","floor":18},{"not_picked":["ats:Charging Defense+1","ats:Soul Absorption"],"picked":"ats:Leaping Hammer","floor":21}],"player_experience":726119,"relics_obtained":[{"floor":9,"key":"WizardHat"}],"event_choices":[{"damage_healed":0,"gold_gain":75,"player_choice":"Touch","damage_taken":7,"max_hp_gain":0,"max_hp_loss":0,"event_name":"FaceTrader","floor":2,"gold_loss":0},{"damage_healed":0,"gold_gain":0,"player_choice":"Success","damage_taken":7,"relics_obtained":["Frozen Egg 2"],"max_hp_gain":0,"max_hp_loss":0,"event_name":"Scrap Ooze","floor":4,"gold_loss":0},{"damage_healed":0,"gold_gain":75,"player_choice":"Gather Gold","damage_taken":11,"max_hp_gain":0,"max_hp_loss":0,"event_name":"World of Goop","floor":5,"gold_loss":0},{"damage_healed":0,"gold_gain":0,"player_choice":"Grow","damage_taken":0,"max_hp_gain":0,"max_hp_loss":0,"event_name":"Living Wall","floor":11,"gold_loss":0,"cards_upgraded":["ats:Thermite Blade"]},{"damage_healed":0,"gold_gain":74,"player_choice":"Gained Gold","damage_taken":0,"max_hp_gain":0,"max_hp_loss":0,"event_name":"Golden Wing","floor":12,"gold_loss":0},{"damage_healed":0,"gold_gain":0,"player_choice":"Ignored","damage_taken":0,"max_hp_gain":0,"max_hp_loss":0,"event_name":"Vampires","floor":20,"gold_loss":0}],"is_beta":false,"boss_relics":[{"not_picked":["Runic Pyramid","aspiration:DefectSkillbook","Fusion Hammer"]}],"items_purged_floors":[],"is_endless":false,"potions_floor_spawned":[1,14,16],"killed_by":"Snake Plant","ascension_level":1}}