{"host":"3zb3nk4wvq0dtbuh","time":1611485143,"event":{"mods":["AchievementEnabler","BaseMod","Lobotomy","Minty Spire (QoL Compilation)","Quick Restart","StSLib","SuperFastMode","The Blackbeard"],"gold_per_floor":[115,135,310,57,67,67,67,83,158,174,186,209,209,126,126,126,126],"floor_reached":16,"language":"ZHS","playtime":369,"items_purged":["Doubt"],"score":92,"play_id":"5d3d33ae-e5f0-4af3-8f3b-d5cd3efa6930","local_time":"20210124184543","is_ascension_mode":false,"campfire_choices":[{"data":"Zap","floor":6,"key":"SMITH"},{"data":"Secret Weapon","floor":13,"key":"SMITH"},{"data":"Reprogram","floor":15,"key":"SMITH"}],"circlet_count":0,"master_deck":["Strike_B","Strike_B","Defend_B","Defend_B","Defend_B","Zap+1","Dualcast","Recycle+1","All For One+1","Go for the Eyes","Scrape","Secret Weapon+1","White Noise","Beam Cell","Reprogram+1","Madness"],"relics":["Astrolabe"],"acts_visited":["Exordium"],"potions_floor_usage":[],"damage_taken":[{"damage":16,"enemies":"Small Slimes","floor":1,"turns":4},{"damage":0,"enemies":"Cultist","floor":2,"turns":3},{"damage":3,"enemies":"Jaw Worm","floor":5,"turns":3},{"damage":18,"enemies":"Lots of Slimes","floor":8,"turns":4},{"damage":0,"enemies":"Blue Slaver","floor":10,"turns":3},{"damage":3,"enemies":"3 Louse","floor":11,"turns":2},{"damage":30,"enemies":"The Guardian","floor":16,"turns":7}],"seed_played":"-8688177684839228585","potions_obtained":[{"floor":1,"key":"Ancient Potion"},{"floor":11,"key":"SpeedPotion"}],"is_trial":false,"path_per_floor":["M","M","?","$","M","R","?","M","T","M","M","T","R","$","R","B"],"character_chosen":"DEFECT","items_purchased":["Secret Weapon","Madness"],"campfire_rested":0,"item_purchase_floors":[4,14],"current_hp_per_floor":[59,59,59,59,56,56,56,38,38,38,35,35,35,35,35,5,5],"gold":126,"neow_bonus":"BOSS_RELIC","is_daily":false,"chose_seed":false,"campfire_upgraded":3,"win_rate":0.0,"timestamp":1611485143,"path_taken":["M","M","?","$","M","R","?","?","T","M","M","?","R","$","R","BOSS"],"items_purchased_type":["Card","Card"],"build_version":"2020-12-22","purchased_purges":1,"victory":false,"max_hp_per_floor":[75,75,75,75,75,75,75,75,75,75,75,75,75,75,75,75,75],"card_choices":[{"not_picked":["Doom and Gloom","Leap"],"picked":"Go for the Eyes","floor":1},{"not_picked":["Reprogram","Redo"],"picked":"Scrape","floor":2},{"not_picked":["Barrage","Rebound"],"picked":"White Noise","floor":5},{"not_picked":["Sweeping Beam","Genetic Algorithm","Redo"],"picked":"SKIP","floor":8},{"not_picked":["Sunder","Cold Snap"],"picked":"Beam Cell","floor":10},{"not_picked":["Skim","Sweeping Beam"],"picked":"Reprogram","floor":11}],"player_experience":15785,"relics_obtained":[],"event_choices":[{"damage_healed":0,"gold_gain":175,"player_choice":"AGREE","damage_taken":0,"max_hp_gain":0,"max_hp_loss":0,"event_name":"Liars Game","floor":3,"gold_loss":0,"cards_obtained":["Doubt"]},{"cards_removed":["Recycle"],"damage_healed":0,"gold_gain":0,"player_choice":"Purged","damage_taken":0,"max_hp_gain":0,"max_hp_loss":0,"event_name":"Purifier","floor":7,"gold_loss":0}],"is_beta":false,"boss_relics":[],"items_purged_floors":[4],"is_endless":false,"potions_floor_spawned":[1,11],"killed_by":"The Guardian","ascension_level":0}}