{"host":"gyphjc57tbbk9zp6","time":1611474746,"event":{"mods":["100% Spire Juice","Act Like it!","Arknights The Spire","BaseMod","Downfall","Elementarium","Friendly Minions","FruityMod","Gensokyo","Gremlin Skip","Hallownest","Hermit","Highlight Path","Hubris","Hyrulean Relics","Infinite Spire","Ironclad Rager","Jorbs\u0027s Wanderer Trilogy","KinomotoSakuraMod(????)","Kiyohime????","Koishi","Luminous","Mad Scientist","Marisa????????","Mimic Mod","Minty Spire (QoL Compilation)","Nova Terra(??·??)","Pale of the Ancients","Potionbrewer","Robot Space Explorer","Shedinja","StSLib","SuperFastMode","Td1madao Mod","The Administrix","The Blackbeard","The Bladedancer","The Bug Knight","The Construct","The Disciple","The Druid","The Elementalist","The Exalted","The Hayseed","The Hierophant","The Judge","The Juggle","The Jungle","The Mystic","The Poker Player","The Senshi","The Servant 0.9.4","The Trickster","The Vixen","The Wild Card","TheHero","TheSwordswoman","TheVelvet","Yuyuko"],"gold_per_floor":[99,119,129,142,142,161,191,219,234,244,244,63,95,115,125,125,125],"floor_reached":16,"language":"ENG","playtime":1624,"items_purged":["Strike_S"],"score":116,"play_id":"5421dcd3-9289-4f2e-95db-be7ce2ef10b7","local_time":"20210124015226","is_ascension_mode":false,"campfire_choices":[{"data":"KidneyShot","floor":1,"key":"SMITH"},{"data":"Defy","floor":11,"key":"SMITH"}],"circlet_count":0,"master_deck":["Strike_S","Strike_S","Strike_S","Defend_S","Defend_S","Defend_S","Defend_S","KidneyShot+1","Exchange","StarChef","Defy+1","Starlight","InstantArmor","RealityMarble","Embodiment","expansioncontent:LastStand","Sabotage"],"relics":["Uniform","Blue Candle","HollowMod:PaleOreRelic","potionbrewer:BottledElixir","theSenshi:SpiralHeartMoonRodRelic"],"acts_visited":["Hallownest:Greenpath"],"potions_floor_usage":[13,13,16,16],"damage_taken":[{"damage":1,"enemies":"Hallownest:monsterHuskWarrior","floor":2,"turns":6},{"damage":5,"enemies":"Hallownest:monsterHuskGuard","floor":3,"turns":5},{"damage":3,"enemies":"Hallownest:2_MossCreeps","floor":4,"turns":6},{"damage":0,"enemies":"Hallownest:monsterMossCharger","floor":6,"turns":9},{"damage":4,"enemies":"Hallownest:MossCreep_and_Mosskin","floor":7,"turns":10},{"damage":12,"enemies":"Hallownest:eliteCrystalGuardian","floor":8,"turns":7},{"damage":0,"enemies":"Hallownest:MossCreep_and_Mosskin","floor":9,"turns":5},{"damage":14,"enemies":"Hallownest:1_Ooma_and_2_Uuma","floor":10,"turns":13},{"damage":0,"enemies":"downfall:FleeingMerchant","floor":12,"turns":4},{"damage":10,"enemies":"Hallownest:eliteMossKnight","floor":13,"turns":9},{"damage":0,"enemies":"Hallownest:monsterMossCharger","floor":14,"turns":4},{"damage":5,"enemies":"Hallownest:monsterFoolEater","floor":15,"turns":5},{"damage":33,"enemies":"WA_ARCHETYPE_RETAIN","floor":16,"turns":16}],"seed_played":"-4910210005421444623","potions_obtained":[{"floor":3,"key":"Fire Potion"},{"floor":6,"key":"Regen Potion"},{"floor":10,"key":"potionbrewer:CleansingPotion"},{"floor":13,"key":"Weak Potion"},{"floor":14,"key":"potionbrewer:NoxiousPotion"}],"is_trial":false,"path_per_floor":["R","M","M","M","?","M","MIM","E","M","M","R","$","E","M","M","B"],"character_chosen":"THE_SERVANT","items_purchased":["expansioncontent:LastStand"],"campfire_rested":0,"item_purchase_floors":[12],"current_hp_per_floor":[71,70,65,62,57,57,53,41,41,27,27,27,32,34,31,0,0],"gold":125,"neow_bonus":"TEN_PERCENT_HP_BONUS","is_daily":false,"chose_seed":false,"campfire_upgraded":2,"win_rate":0.0,"timestamp":1611474746,"path_taken":["R","M","M","M","?","M","MIM","E","?","M","R","?","E","M","M","BOSS"],"items_purchased_type":["Card"],"build_version":"2020-12-22","purchased_purges":1,"victory":false,"max_hp_per_floor":[71,71,71,71,71,71,71,71,71,71,71,71,71,71,71,71,71],"card_choices":[{"not_picked":["Moonlight","DancingSilver"],"picked":"StarChef","floor":2},{"not_picked":["FastForward","Foresight","Alleviate"],"picked":"SKIP","floor":3},{"not_picked":["Unruled","Moonlight"],"picked":"Defy","floor":4},{"not_picked":["InstantArmor","TimeWarp"],"picked":"Starlight","floor":6},{"not_picked":["KillingDoll","Desolation"],"picked":"InstantArmor","floor":8},{"not_picked":["ShatteredReality","Spin","Ricochet"],"picked":"SKIP","floor":9},{"not_picked":["DoubleEdge","Advance"],"picked":"RealityMarble","floor":10},{"not_picked":["Collapse","TimeWarp"],"picked":"Embodiment","floor":12},{"not_picked":["ReturningBlade","Alleviate","LightFlow"],"picked":"SKIP","floor":13},{"not_picked":["Rewind","FastForward","Potential"],"picked":"SKIP","floor":14},{"not_picked":["StarChef","FastForward"],"picked":"Sabotage","floor":15}],"player_experience":1055046,"relics_obtained":[{"floor":7,"key":"HollowMod:PaleOreRelic"},{"floor":8,"key":"potionbrewer:BottledElixir"},{"floor":13,"key":"theSenshi:SpiralHeartMoonRodRelic"}],"event_choices":[],"is_beta":false,"boss_relics":[],"items_purged_floors":[12],"is_endless":false,"potions_floor_spawned":[3,6,10,13,14],"killed_by":"WA_ARCHETYPE_RETAIN","ascension_level":0}}