{"host":"h77azxdx0evtsxw5","time":1611532578,"event":{"mods":["AchievementEnabler","BaseMod","Better Vampires","Minty Spire (QoL Compilation)","Quick Restart","Rare Cards Sparkle","Relic Stats"],"gold_per_floor":[118,43,54,74,74,74,99,99,99,133,208,208,241,241,241,241,241],"floor_reached":16,"language":"ENG","playtime":363,"items_purged":["Strike_R"],"score":151,"play_id":"94f2706a-7e47-4a13-a3e3-ff4abd532fd2","local_time":"20210124185618","is_ascension_mode":true,"campfire_choices":[{"data":"Whirlwind","floor":6.0,"key":"SMITH"},{"data":"Flex","floor":8.0,"key":"SMITH"},{"floor":15.0,"key":"REST"}],"circlet_count":0,"master_deck":["Strike_R","Strike_R","Strike_R","Strike_R","Defend_R","Defend_R+1","Defend_R","Defend_R+1","Bash","Flex+1","Whirlwind+1"],"relics":["Burning Blood","NeowsBlessing","Shuriken","Bottled Flame","Question Card","War Paint"],"acts_visited":["Exordium"],"potions_floor_usage":[],"damage_taken":[{"damage":0.0,"enemies":"Cultist","floor":1.0,"turns":1.0},{"damage":0.0,"enemies":"Small Slimes","floor":3.0,"turns":1.0},{"damage":0.0,"enemies":"Jaw Worm","floor":4.0,"turns":1.0},{"damage":19.0,"enemies":"3 Sentries","floor":7.0,"turns":3.0},{"damage":35.0,"enemies":"Lagavulin","floor":10.0,"turns":5.0},{"damage":35.0,"enemies":"3 Sentries","floor":13.0,"turns":6.0},{"damage":51,"enemies":"Slime Boss","floor":16,"turns":10}],"seed_played":"8276943787037526801","potions_obtained":[{"floor":3.0,"key":"FairyPotion"},{"floor":10.0,"key":"Weak Potion"}],"is_trial":false,"path_per_floor":["M","$","M","M","$","R","E","R","T","E","?","?","E","?","R","B"],"character_chosen":"IRONCLAD","items_purchased":[],"campfire_rested":1,"item_purchase_floors":[],"current_hp_per_floor":[78,78,80,80,80,80,67,67,67,38,27,53,24,6,30,3,3],"gold":241,"neow_bonus":"THREE_ENEMY_KILL","is_daily":false,"chose_seed":false,"campfire_upgraded":2,"win_rate":0.0,"timestamp":1611532578,"path_taken":["M","?","M","?","$","R","E","R","T","E","?","?","E","?","R","BOSS"],"items_purchased_type":[],"build_version":"2020-12-22","purchased_purges":1,"victory":false,"max_hp_per_floor":[80,80,80,80,80,80,80,80,80,80,80,80,80,80,80,80,80],"relic_stats":{"counters":[7,27],"Shuriken":[0],"War Paint":["Defend_R","Defend_R"],"Question Card":1,"obtain_stats":[{"Bottled Flame":9,"NeowsBlessing":0,"Shuriken":7,"War Paint":13,"Question Card":10,"Burning Blood":0},{"Bottled Flame":4,"NeowsBlessing":0,"Shuriken":4,"War Paint":6,"Question Card":5,"Burning Blood":0},{"Bottled Flame":6,"NeowsBlessing":0,"Shuriken":6,"War Paint":17,"Question Card":11,"Burning Blood":0}],"Burning Blood":26},"card_choices":[{"not_picked":["Warcry","Anger"],"picked":"Flex","floor":1.0},{"not_picked":["Pommel Strike","Headbutt","Shockwave"],"picked":"SKIP","floor":3.0},{"not_picked":["Heavy Blade","Headbutt"],"picked":"Whirlwind","floor":4.0},{"not_picked":["Blood for Blood","True Grit","Pummel"],"picked":"SKIP","floor":7.0},{"not_picked":["Brutality","Thunderclap","Pommel Strike"],"picked":"SKIP","floor":10.0},{"not_picked":["Sever Soul","Thunderclap","Headbutt","Clothesline"],"picked":"SKIP","floor":13.0}],"player_experience":281705,"relics_obtained":[{"floor":7.0,"key":"Shuriken"},{"floor":9.0,"key":"Bottled Flame"},{"floor":10.0,"key":"Question Card"},{"floor":13.0,"key":"War Paint"}],"event_choices":[{"damage_healed":0.0,"max_hp_gain":0.0,"max_hp_loss":0.0,"gold_gain":75.0,"event_name":"World of Goop","player_choice":"Gather Gold","floor":11.0,"gold_loss":0.0,"damage_taken":11.0},{"damage_healed":26.0,"max_hp_gain":0.0,"max_hp_loss":0.0,"gold_gain":0.0,"event_name":"Big Fish","player_choice":"Banana","floor":12.0,"gold_loss":0.0,"damage_taken":0.0},{"damage_healed":0.0,"max_hp_gain":0.0,"max_hp_loss":0.0,"gold_gain":0.0,"event_name":"Scrap Ooze","player_choice":"Fled","floor":14.0,"gold_loss":0.0,"damage_taken":18.0}],"is_beta":false,"boss_relics":[],"items_purged_floors":[2],"is_endless":false,"potions_floor_spawned":[3,10],"killed_by":"Slime Boss","ascension_level":6}}