{"host":"ugtsb9tf4jnucn15","time":1611448795,"event":{"mods":["BaseMod","Downfall","Hermit","Minty Spire (QoL Compilation)","StSLib","The Disciple"],"gold_per_floor":[99,109,129,147,297,309,309,309,309,168,183,183,195,209,226,226,226,226],"floor_reached":16,"language":"ENG","playtime":1176,"items_purged":["downfall:Icky"],"score":96,"play_id":"fdd883a6-a7d0-4423-91be-2c7cd29d87dc","local_time":"20210124013955","is_ascension_mode":false,"campfire_choices":[{"data":"Guardian:Defend_Guardian","floor":1,"key":"SMITH"},{"data":"Guardian:Defend_Guardian","floor":8,"key":"SMITH"},{"data":"Guardian:Defend_Guardian","floor":12,"key":"SMITH"}],"circlet_count":0,"master_deck":["Guardian:Strike_Guardian","Guardian:Strike_Guardian","Guardian:Strike_Guardian","Guardian:Strike_Guardian","Guardian:Defend_Guardian","Guardian:Defend_Guardian+1","Guardian:Defend_Guardian+1","Guardian:Defend_Guardian+1","Guardian:CurlUp","Guardian:TwinSlam","Guardian:ChargeCore","Guardian:PrimingBeam","Guardian:Gem_Red","Guardian:StasisField","Guardian:BronzeOrb"],"relics":["Guardian:ModeShifter","Toy Ornithopter","Unceasing Top"],"acts_visited":["Exordium"],"potions_floor_usage":[16],"damage_taken":[{"damage":0,"enemies":"Small Slimes","floor":2,"turns":5},{"damage":1,"enemies":"2 Louse","floor":3,"turns":3},{"damage":0,"enemies":"Cultist","floor":4,"turns":3},{"damage":12,"enemies":"Exordium Thugs","floor":6,"turns":6},{"damage":0,"enemies":"downfall:FleeingMerchant","floor":10,"turns":4},{"damage":0,"enemies":"Large Slime","floor":11,"turns":6},{"damage":7,"enemies":"Blue Slaver","floor":13,"turns":4},{"damage":0,"enemies":"2 Fungi Beasts","floor":14,"turns":4},{"damage":0,"enemies":"Blue Slaver","floor":15,"turns":4},{"damage":72,"enemies":"IC_STATUS_ARCHETYPE","floor":16,"turns":18}],"seed_played":"-161759532782400829","potions_obtained":[{"floor":4,"key":"champ:CounterPotion"},{"floor":6,"key":"CultistPotion"},{"floor":15,"key":"Guardian:StasisDiscoveryPotion"}],"is_trial":false,"path_per_floor":["R","M","M","M","?","M","T","R","?","$","M","R","M","M","M","B"],"character_chosen":"GUARDIAN","items_purchased":["Guardian:Gem_Red"],"campfire_rested":0,"item_purchase_floors":[10],"current_hp_per_floor":[80,80,79,79,79,67,67,67,72,72,72,72,65,65,65,0,0,0],"gold":226,"neow_bonus":"RANDOM_COMMON_RELIC","is_daily":false,"chose_seed":false,"campfire_upgraded":3,"win_rate":0.0,"timestamp":1611448795,"path_taken":["R","M","M","M","?","M","T","R","?","$","M","R","M","M","M","BOSS"],"items_purchased_type":["Card"],"build_version":"2020-12-22","purchased_purges":1,"victory":false,"max_hp_per_floor":[80,80,80,80,80,80,80,80,85,85,85,85,85,85,85,85,85,85],"card_choices":[{"not_picked":["Guardian:Suspension","Guardian:Planning"],"picked":"Guardian:ChargeCore","floor":2},{"not_picked":["Guardian:Repulse","Guardian:ShieldCharger"],"picked":"Guardian:Gem_Purple","floor":3},{"not_picked":["Guardian:Incinerate","Guardian:Reroute"],"picked":"Guardian:Gem_Cyan","floor":4},{"not_picked":["Guardian:TemporalStrike","Guardian:Gem_Yellow","Guardian:TemporalShield"],"picked":"SKIP","floor":6},{"not_picked":["Guardian:BronzeArmor","Guardian:Harden"],"picked":"Guardian:PrimingBeam","floor":10},{"not_picked":["Guardian:VentSteam","Guardian:TemporalStrike"],"picked":"Guardian:Gem_White","floor":11},{"not_picked":["Guardian:DecasProtection","Guardian:RefractedBeam","Guardian:PrimingBeam"],"picked":"SKIP","floor":13},{"not_picked":["Guardian:TemporalShield","Guardian:PrimingBeam"],"picked":"Guardian:StasisField","floor":14},{"not_picked":["Guardian:ChargeCore","Guardian:Emergency"],"picked":"Guardian:BronzeOrb","floor":15}],"player_experience":15386,"relics_obtained":[{"floor":7,"key":"Unceasing Top"}],"event_choices":[{"damage_healed":0,"gold_gain":0,"player_choice":"Donut","damage_taken":0,"max_hp_gain":5,"max_hp_loss":0,"event_name":"Big Fish","floor":9,"gold_loss":0}],"is_beta":false,"boss_relics":[],"items_purged_floors":[10],"is_endless":false,"potions_floor_spawned":[4,6,15],"killed_by":"IC_STATUS_ARCHETYPE","ascension_level":0}}