{"host":"n23juj4d9qam5hh1","time":1611464428,"event":{"mods":["BaseMod","Better Note","BetterRewards","Displayed Cursed Tome","Infinite Spire","Minty Spire (QoL Compilation)","Relic Stats","StSLib","Thieving Mod"],"gold_per_floor":[116,132,64,64,81,81,97,118,194,194,194,143,158,13,13,115,115,129,44,143,143,168,168,187,10,10,35,35,35,135,168,168,272,272,312,159,159,159],"floor_reached":37,"language":"ENG","playtime":1936,"items_purged":["Gash"],"score":448,"play_id":"b90b5a13-28a7-4479-a994-0434fed75bac","local_time":"20210124000028","is_ascension_mode":true,"campfire_choices":[{"data":"Defragment","floor":6,"key":"SMITH"},{"floor":11,"key":"REST"},{"data":"Creative AI","floor":15,"key":"SMITH"},{"data":"Buffer","floor":23,"key":"SMITH"},{"floor":28,"key":"REST"},{"data":"HandOfGreed","floor":32,"key":"SMITH"}],"circlet_count":0,"master_deck":["Zap","Dualcast+1","Defragment+1","Sweeping Beam","Defragment+1","Seek","Ball Lightning","Glacier","Coolheaded","Glacier","Creative AI+1","Buffer+1","FTL","Necronomicurse","Loop","HandOfGreed+1","infinitespire:Starlight","Reboot","Storm+1","Fusion+1","Amplify+1","Echo Form","Coolheaded+1","Turbo+1","FTL","BootSequence+1","Capacitor","Conserve Battery+1","Darkness+1","Chaos+1"],"relics":["FrozenCore","Odd Mushroom","Ornamental Fan","Oddly Smooth Stone","Necronomicon","Bag of Preparation","Gremlin Horn","Tiny Chest","Mango","Toxic Egg 2","Pandora\u0027s Box"],"acts_visited":["Exordium","TheCity","TheBeyond"],"potions_floor_usage":[24,30],"damage_taken":[{"damage":0,"enemies":"Small Slimes","floor":1,"turns":3},{"damage":2,"enemies":"Jaw Worm","floor":2,"turns":3},{"damage":5,"enemies":"2 Louse","floor":5,"turns":2},{"damage":7,"enemies":"Exordium Wildlife","floor":7,"turns":3},{"damage":19,"enemies":"The Mushroom Lair","floor":8,"turns":3},{"damage":0,"enemies":"Large Slime","floor":13,"turns":4},{"damage":20,"enemies":"The Guardian","floor":16,"turns":11},{"damage":1,"enemies":"Chosen","floor":18,"turns":7},{"damage":12,"enemies":"3 Byrds","floor":24,"turns":4},{"damage":2,"enemies":"Nightmare","floor":27,"turns":8},{"damage":6,"enemies":"Colosseum Slavers","floor":30,"turns":5},{"damage":4,"enemies":"Colosseum Nobs","floor":30,"turns":7},{"damage":10,"enemies":"3 Cultists","floor":31,"turns":4},{"damage":8,"enemies":"Collector","floor":33,"turns":9},{"damage":0,"enemies":"Orb Walker","floor":35,"turns":5},{"damage":115,"enemies":"2 Orb Walkers","floor":37,"turns":5}],"seed_played":"3639662347697918516","potions_obtained":[{"floor":1,"key":"DuplicationPotion"},{"floor":13,"key":"Dexterity Potion"},{"floor":18,"key":"SkillPotion"},{"floor":31,"key":"BlessingOfTheForge"},{"floor":33,"key":"LiquidBronze"}],"is_trial":false,"path_per_floor":["M","M","$","?","M","R","M","?","T","?","R","$","M","$","R","B",null,"M","?","?","?","T","R","M","$","T","NM","R","$","?","M","R","B",null,"M","$","?"],"character_chosen":"DEFECT","items_purchased":["Defragment","Coolheaded","Creative AI","HandOfGreed","Chaos+1"],"campfire_rested":2,"item_purchase_floors":[3,12,14,25,36],"current_hp_per_floor":[75,73,73,73,68,68,61,42,42,42,64,64,64,64,64,44,75,74,74,74,58,58,58,46,46,46,44,66,66,80,70,70,62,89,89,89,0,0],"gold":159,"neow_bonus":"UPGRADE_CARD","is_daily":false,"chose_seed":false,"campfire_upgraded":4,"win_rate":0.0,"timestamp":1611464428,"path_taken":["M","M","$","?","M","R","M","?","T","?","R","$","?","$","R","BOSS","M","?","?","?","?","R","M","?","T","NM","R","$","?","M","R","BOSS","M","$","?"],"items_purchased_type":["Card","Card","Card","Card","Card"],"build_version":"2020-12-22","purchased_purges":1,"victory":false,"max_hp_per_floor":[75,75,75,75,75,75,75,75,75,75,75,75,75,75,75,75,75,75,75,75,75,75,75,75,75,75,75,75,75,89,89,89,89,89,89,89,89,89],"relic_stats":{"Gremlin Horn":[8,8],"counters":[16,83],"Ornamental Fan":[36],"Tiny Chest":0,"Pandora\u0027s Box":["Gash","Echo Form","Coolheaded","Turbo","FTL","BootSequence","Capacitor","Conserve Battery"],"Necronomicon":[8],"Bag of Preparation":[16],"obtain_stats":[{"Gremlin Horn":26,"Ornamental Fan":9,"Oddly Smooth Stone":19,"Tiny Chest":27,"Mango":30,"Pandora\u0027s Box":34,"Necronomicon":21,"Bag of Preparation":22,"Odd Mushroom":8,"Toxic Egg 2":30,"Cracked Core":0,"FrozenCore":17},{"Gremlin Horn":9,"Ornamental Fan":5,"Oddly Smooth Stone":8,"Tiny Chest":10,"Mango":12,"Pandora\u0027s Box":14,"Necronomicon":8,"Bag of Preparation":8,"Odd Mushroom":5,"Toxic Egg 2":12,"Cracked Core":0,"FrozenCore":7},{"Gremlin Horn":40,"Ornamental Fan":14,"Oddly Smooth Stone":36,"Tiny Chest":48,"Mango":60,"Pandora\u0027s Box":73,"Necronomicon":36,"Bag of Preparation":36,"Odd Mushroom":14,"Toxic Egg 2":60,"Cracked Core":0,"FrozenCore":29}],"FrozenCore":[15]},"card_choices":[{"not_picked":["Steam","Cold Snap"],"picked":"Defragment","floor":1},{"not_picked":["Leap","Hologram"],"picked":"Sweeping Beam","floor":2},{"not_picked":["Heatsinks","Ball Lightning"],"picked":"Seek","floor":5},{"not_picked":["Recycle","Lockon"],"picked":"Ball Lightning","floor":7},{"not_picked":["Lockon","Beam Cell"],"picked":"Glacier","floor":8},{"not_picked":["Hologram","Rebound"],"picked":"Glacier","floor":13},{"not_picked":["Multi-Cast","Machine Learning"],"picked":"Buffer","floor":16},{"not_picked":["Tempest","Chaos"],"picked":"FTL","floor":18},{"not_picked":["Barrage+1","Ball Lightning"],"picked":"Loop","floor":24},{"not_picked":["infinitespire:FinalStrike","infinitespire:DeathsTouch"],"picked":"infinitespire:Starlight","floor":27},{"not_picked":["Amplify","Ball Lightning+1"],"picked":"Reboot","floor":27},{"not_picked":["Beam Cell","Rainbow+1"],"picked":"Storm+1","floor":30},{"not_picked":["Go for the Eyes+1","Undo+1"],"picked":"Fusion+1","floor":31},{"not_picked":["Hyperbeam","Echo Form"],"picked":"Amplify+1","floor":33},{"not_picked":["Gash+1","Compile Driver+1"],"picked":"Darkness+1","floor":35}],"player_experience":253284,"relics_obtained":[{"floor":8,"key":"Odd Mushroom"},{"floor":9,"key":"Ornamental Fan"},{"floor":22,"key":"Bag of Preparation"},{"floor":26,"key":"Gremlin Horn"},{"floor":27,"key":"Tiny Chest"},{"floor":30,"key":"Mango"},{"floor":30,"key":"Toxic Egg 2"}],"event_choices":[{"damage_healed":0,"gold_gain":0,"player_choice":"Fought Mushrooms","damage_taken":0,"max_hp_gain":0,"max_hp_loss":0,"event_name":"Mushrooms","floor":8,"gold_loss":0},{"damage_healed":0,"gold_gain":0,"player_choice":"Obtained Relic","damage_taken":0,"relics_obtained":["Oddly Smooth Stone"],"max_hp_gain":0,"max_hp_loss":0,"event_name":"Addict","floor":19,"gold_loss":85},{"damage_healed":0,"gold_gain":99,"player_choice":"Stole From Cult","damage_taken":0,"max_hp_gain":0,"max_hp_loss":0,"event_name":"Nest","floor":20,"gold_loss":0},{"damage_healed":0,"gold_gain":0,"player_choice":"Obtained Book","damage_taken":16,"max_hp_gain":0,"max_hp_loss":0,"event_name":"Cursed Tome","floor":21,"gold_loss":0},{"damage_healed":0,"gold_gain":0,"player_choice":"Fight","damage_taken":0,"max_hp_gain":0,"max_hp_loss":0,"event_name":"Colosseum","floor":30,"gold_loss":0},{"damage_healed":0,"gold_gain":0,"player_choice":"Fought Nobs","damage_taken":0,"max_hp_gain":0,"max_hp_loss":0,"event_name":"Colosseum","floor":30,"gold_loss":0},{"damage_healed":0,"gold_gain":0,"player_choice":"Fight","damage_taken":0,"max_hp_gain":0,"max_hp_loss":0,"event_name":"Mysterious Sphere","floor":37,"gold_loss":0}],"is_beta":false,"boss_relics":[{"not_picked":["Empty Cage","Black Star"],"picked":"FrozenCore"},{"not_picked":["Calling Bell","infinitespire:Cupcake"],"picked":"Pandora\u0027s Box"}],"items_purged_floors":[36],"is_endless":false,"potions_floor_spawned":[1,13,18,31,33],"killed_by":"2 Orb Walkers","ascension_level":4}}