{"host":"l60rmjjsfi0fipmi","time":1611456928,"event":{"mods":["BaseMod","Colored Map","DeckTracker","Hermit","Highlight Path","Jorbs\u0027s Wanderer Trilogy","Minty Spire (QoL Compilation)","StSLib","The Cursed","The Servant 0.9.4"],"gold_per_floor":[116,192,210,224,237,237,255,255,279,279,127,127,137,147,147,242,242,257,103,18,117,129,158,158,158,181,206,222,231,231,246,246,348,348,365,376,385,138,152,152,166,191,200,200,0,0,9,18,18,18,18],"floor_reached":50,"language":"ENG","playtime":2682,"items_purged":["hermit:Defend_Hermit","stsjorbsmod:Procrastination"],"score":579,"play_id":"fb6a7078-8529-4a7f-a043-63ed4fb8ede8","local_time":"20210123215528","is_ascension_mode":false,"campfire_choices":[{"data":"hermit:CalledShot","floor":6,"key":"SMITH"},{"data":"hermit:Snapshot","floor":8,"key":"SMITH"},{"data":"hermit:Covet","floor":10,"key":"SMITH"},{"data":"hermit:Malice","floor":12,"key":"SMITH"},{"data":"hermit:HighCaliber","floor":15,"key":"SMITH"},{"data":"hermit:ShadowCloak","floor":24,"key":"SMITH"},{"floor":30,"key":"REST"},{"floor":32,"key":"REST"},{"data":"hermit:Maintenance","floor":40,"key":"SMITH"},{"floor":46,"key":"REST"},{"floor":49,"key":"REST"}],"circlet_count":0,"master_deck":["hermit:Strike_Hermit","hermit:Strike_Hermit","hermit:Strike_Hermit","hermit:Strike_Hermit","hermit:Defend_Hermit","hermit:Defend_Hermit","hermit:Defend_Hermit","hermit:Snapshot+1","hermit:Covet+1","hermit:Dive","hermit:Malice+1","hermit:TrackingShot","hermit:CursedWeapon","hermit:SprayPray","hermit:ShadowCloak+1","hermit:Glare","hermit:HighCaliber+1","hermit:Dissolve","hermit:Maintenance+1","hermit:Enervate","Necronomicurse","stsjorbsmod:Withering","hermit:Misfire","Writhe","Parasite","Regret","Clumsy","hermit:CursedWeapon"],"relics":["hermit:Momento","StrikeDummy","Tiny Chest","Cursed Key","Orichalcum","Gremlin Horn","Strawberry","Necronomicon","CeramicFish","Shuriken","Busted Crown","Pen Nib","Pantograph","Red Mask","Bag of Marbles"],"acts_visited":["Exordium","TheCity","TheBeyond"],"potions_floor_usage":[33,33,39,39,50,50],"damage_taken":[{"damage":5,"enemies":"Cultist","floor":1,"turns":5},{"damage":0,"enemies":"Small Slimes","floor":3,"turns":3},{"damage":0,"enemies":"2 Louse","floor":4,"turns":2},{"damage":5,"enemies":"Looter","floor":5,"turns":2},{"damage":7,"enemies":"Large Slime","floor":7,"turns":5},{"damage":2,"enemies":"3 Louse","floor":13,"turns":2},{"damage":4,"enemies":"2 Fungi Beasts","floor":14,"turns":2},{"damage":19,"enemies":"Slime Boss","floor":16,"turns":9},{"damage":7,"enemies":"Spheric Guardian","floor":18,"turns":3},{"damage":6,"enemies":"Shell Parasite","floor":22,"turns":3},{"damage":28,"enemies":"Book of Stabbing","floor":23,"turns":6},{"damage":2,"enemies":"Shelled Parasite and Fungi","floor":27,"turns":3},{"damage":2,"enemies":"Snake Plant","floor":28,"turns":2},{"damage":2,"enemies":"Centurion and Healer","floor":31,"turns":3},{"damage":57,"enemies":"Automaton","floor":33,"turns":12},{"damage":7,"enemies":"3 Darklings","floor":35,"turns":2},{"damage":12,"enemies":"3 Shapes","floor":36,"turns":3},{"damage":24,"enemies":"3 Darklings","floor":39,"turns":3},{"damage":14,"enemies":"Maw","floor":41,"turns":7},{"damage":21,"enemies":"Writhing Mass","floor":42,"turns":3},{"damage":95,"enemies":"Time Eater","floor":50,"turns":11}],"seed_played":"4190138193036734780","potions_obtained":[{"floor":1,"key":"Fruit Juice"},{"floor":5,"key":"DistilledChaos"},{"floor":14,"key":"ColorlessPotion"},{"floor":18,"key":"Regen Potion"},{"floor":27,"key":"Block Potion"},{"floor":36,"key":"PowerPotion"},{"floor":39,"key":"Fruit Juice"},{"floor":42,"key":"Weak Potion"}],"is_trial":false,"path_per_floor":["M","T","M","M","M","R","M","R","T","R","$","R","M","M","R","B",null,"M","$","?","?","M","E","R","?","T","M","M","T","R","M","R","B",null,"M","M","?","$","M","R","M","M","T","?","?","R","T","?","R","B"],"character_chosen":"HERMIT","items_purchased":["hermit:ShadowCloak","Orichalcum","Pen Nib"],"campfire_rested":4,"item_purchase_floors":[11,19,38],"current_hp_per_floor":[70,70,70,70,65,65,58,58,58,58,58,58,56,52,52,33,75,68,68,68,68,62,41,41,25,25,23,21,21,45,43,67,19,82,75,63,82,82,68,68,54,33,33,33,33,60,60,60,87,0,0],"gold":18,"neow_bonus":"THREE_CARDS","is_daily":false,"chose_seed":false,"campfire_upgraded":7,"win_rate":0.0,"timestamp":1611456928,"path_taken":["M","?","M","M","M","R","M","R","T","R","$","R","M","M","R","BOSS","M","$","?","?","M","E","R","?","T","M","M","?","R","M","R","BOSS","M","M","?","$","M","R","M","M","T","?","?","R","?","?","R","BOSS"],"items_purchased_type":["Card","Relic","Relic"],"build_version":"2020-12-22","purchased_purges":2,"victory":false,"max_hp_per_floor":[75,75,75,75,75,75,75,75,75,75,75,75,75,75,75,75,75,75,75,75,75,75,82,82,82,82,82,82,82,82,82,82,82,82,82,82,82,82,92,92,92,92,92,92,92,92,92,92,92,92,92],"card_choices":[{"not_picked":["hermit:Coalescence","hermit:Roulette"],"picked":"hermit:Dive","floor":0},{"not_picked":["hermit:CursedWeapon","hermit:Spite"],"picked":"hermit:Malice","floor":1},{"not_picked":["hermit:Roulette","hermit:BodyArmor"],"picked":"hermit:CalledShot","floor":3},{"not_picked":["hermit:Coalescence","hermit:Roulette"],"picked":"hermit:TrackingShot","floor":4},{"not_picked":["hermit:Headshot","hermit:DeadOrAlive"],"picked":"hermit:CursedWeapon","floor":5},{"not_picked":["hermit:Ricochet","hermit:Glare"],"picked":"hermit:SprayPray","floor":7},{"not_picked":["hermit:CalledShot","hermit:HoleUp"],"picked":"hermit:Glare","floor":13},{"not_picked":["hermit:Manifest","hermit:Coalescence"],"picked":"hermit:HighCaliber","floor":14},{"not_picked":["hermit:Adapt","hermit:EternalForm"],"picked":"hermit:Dissolve","floor":16},{"not_picked":["hermit:Manifest","hermit:WideOpen"],"picked":"hermit:Maintenance","floor":18},{"not_picked":["hermit:EyeOfTheStorm","hermit:LowProfile"],"picked":"hermit:Enervate","floor":22},{"not_picked":["hermit:Glare+1","hermit:GhostlyPresence","hermit:Cheat"],"picked":"SKIP","floor":23},{"not_picked":["hermit:Ricochet","hermit:BodyArmor"],"picked":"hermit:Misfire","floor":27},{"not_picked":["hermit:EyeOfTheStorm","hermit:Glare","hermit:Determination"],"picked":"SKIP","floor":28},{"not_picked":["hermit:Dive+1","hermit:Maintenance","hermit:TrackingShot"],"picked":"SKIP","floor":31},{"not_picked":["hermit:SprayPray"],"picked":"SKIP","floor":35},{"not_picked":["hermit:ShadowCloak+1"],"picked":"SKIP","floor":36},{"not_picked":["hermit:HighCaliber"],"picked":"SKIP","floor":39},{"not_picked":["hermit:SprayPray+1"],"picked":"SKIP","floor":41},{"not_picked":["hermit:DeadMansHand"],"picked":"SKIP","floor":42}],"player_experience":589195,"relics_obtained":[{"floor":2,"key":"StrikeDummy"},{"floor":9,"key":"Tiny Chest"},{"floor":23,"key":"Strawberry"},{"floor":25,"key":"Necronomicon"},{"floor":26,"key":"CeramicFish"},{"floor":29,"key":"Shuriken"},{"floor":43,"key":"Pantograph"},{"floor":47,"key":"Bag of Marbles"}],"event_choices":[{"damage_healed":0,"gold_gain":0,"player_choice":"Obtained Relic","damage_taken":0,"relics_obtained":["Gremlin Horn"],"max_hp_gain":0,"max_hp_loss":0,"event_name":"Addict","floor":20,"gold_loss":85},{"damage_healed":0,"gold_gain":99,"player_choice":"Stole From Cult","damage_taken":0,"max_hp_gain":0,"max_hp_loss":0,"event_name":"Nest","floor":21,"gold_loss":0},{"damage_healed":0,"gold_gain":0,"player_choice":"Obtained Book","damage_taken":16,"max_hp_gain":0,"max_hp_loss":0,"event_name":"Cursed Tome","floor":25,"gold_loss":0},{"damage_healed":21,"gold_gain":0,"player_choice":"Writhe","damage_taken":0,"max_hp_gain":0,"max_hp_loss":0,"event_name":"Winding Halls","floor":37,"gold_loss":0,"cards_obtained":["Writhe"]},{"cards_removed":["hermit:CalledShot"],"damage_healed":0,"gold_gain":0,"player_choice":"Removed Attack","damage_taken":0,"max_hp_gain":0,"max_hp_loss":0,"event_name":"Falling","floor":44,"gold_loss":0},{"damage_healed":0,"gold_gain":0,"player_choice":"Paid","damage_taken":0,"relics_obtained":["Red Mask"],"max_hp_gain":0,"max_hp_loss":0,"event_name":"Tomb of Lord Red Mask","floor":45,"gold_loss":200},{"damage_healed":0,"gold_gain":0,"player_choice":"Copied","damage_taken":0,"max_hp_gain":0,"max_hp_loss":0,"event_name":"Duplicator","floor":48,"gold_loss":0,"cards_obtained":["hermit:CursedWeapon"]}],"is_beta":false,"boss_relics":[{"not_picked":["Philosopher\u0027s Stone","Pandora\u0027s Box"],"picked":"Cursed Key"},{"not_picked":["Runic Pyramid","hermit:BartenderGlass"],"picked":"Busted Crown"}],"items_purged_floors":[11,38],"is_endless":false,"potions_floor_spawned":[1,5,14,18,23,27,36,39,42],"killed_by":"Time Eater","ascension_level":0}}