{"host":"d61fcf2p3sjwe6yo","time":1611508414,"event":{"mods":["AchievementEnabler","BaseMod","Colored Map","Downfall","Minty Spire (QoL Compilation)","StSLib","SuperFastMode"],"gold_per_floor":[99,143,293,293,293,328,328,367,367,444,444,529,429,454,523,647,647,647,689,729,73,323,377,377,430,499,499,499],"floor_reached":27,"language":"ENG","playtime":1583,"items_purged":["sneckomod:Defend"],"score":439,"play_id":"4ccf44a8-2f8f-41b9-abcd-f3a93622dbd6","local_time":"20210124201334","is_ascension_mode":true,"campfire_choices":[{"data":"HandOfGreed","floor":1.0,"key":"SMITH"},{"floor":9.0,"key":"RECALL"},{"floor":13.0,"key":"REST"},{"data":"sneckomod:SerpentMind","floor":18.0,"key":"SMITH"}],"circlet_count":0,"master_deck":["AscendersBane","sneckomod:Defend","sneckomod:Defend","sneckomod:TailWhip","sneckomod:SnekBite","sneckomod:Unknown","sneckomod:Unknown","HandOfGreed+1","sneckomod:UnknownStrength","sneckomod:MasterEye","sneckomod:SerpentIdol+1","sneckomod:QuickMove+1","sneckomod:UnknownUncommonAttack","sneckomod:QuickBite","sneckomod:SerpentMind+1","sneckomod:UnknownStrike+1","sneckomod:UnknownUncommonSkill+1","sneckomod:SnakeSap+1","sneckomod:UnknownClassBLUE+1","sneckomod:UnknownDraw+1","sneckomod:UnknownUncommonPower","sneckomod:Memorize"],"relics":["sneckomod:SneckoSoul","downfall:ExtraCursedKey","Odd Mushroom","Oddly Smooth Stone","downfall:HeartBlessingRed","Omamori","Astrolabe","ClockworkSouvenir","Singing Bowl","War Paint","Mercury Hourglass"],"acts_visited":["Exordium","TheCity"],"potions_floor_usage":[],"damage_taken":[{"damage":8.0,"enemies":"Jaw Worm","floor":2.0,"turns":4.0},{"damage":0.0,"enemies":"Small Slimes","floor":6.0,"turns":3.0},{"damage":1.0,"enemies":"Cultist","floor":8.0,"turns":3.0},{"damage":34.0,"enemies":"The Mushroom Lair","floor":10.0,"turns":4.0},{"damage":23.0,"enemies":"3 Sentries","floor":12.0,"turns":5.0},{"damage":6.0,"enemies":"Gremlin Nob","floor":14.0,"turns":4.0},{"damage":1.0,"enemies":"Exordium Thugs","floor":15.0,"turns":5.0},{"damage":23.0,"enemies":"WA_ARCHETYPE_RETAIN","floor":16.0,"turns":6.0},{"damage":0.0,"enemies":"Spheric Guardian","floor":19.0,"turns":3.0},{"damage":13.0,"enemies":"Shelled Parasite and Fungi","floor":20.0,"turns":4.0},{"damage":0.0,"enemies":"downfall:FleeingMerchant","floor":21.0,"turns":4.0},{"damage":5.0,"enemies":"downfall:FleeingMerchant","floor":22.0,"turns":4.0},{"damage":17.0,"enemies":"Book of Stabbing","floor":23.0,"turns":5.0},{"damage":19.0,"enemies":"Gremlin Leader","floor":25.0,"turns":7.0},{"damage":8,"enemies":"Centurion and Healer","floor":26,"turns":3}],"seed_played":"-4045901216619146974","potions_obtained":[{"floor":8.0,"key":"Swift Potion"},{"floor":10.0,"key":"Fire Potion"},{"floor":15.0,"key":"GamblersBrew"},{"floor":16.0,"key":"Block Potion"},{"floor":20.0,"key":"LiquidBronze"},{"floor":23.0,"key":"DuplicationPotion"},{"floor":25.0,"key":"AttackPotion"}],"is_trial":false,"path_per_floor":["R","M","?","?","?","M","T","M","R","?","?","E","R","E","M","B",null,"R","M","M","$","?","E","T","E","M","?"],"character_chosen":"THE_SNECKO","items_purchased":["ClockworkSouvenir","Singing Bowl","War Paint"],"campfire_rested":1,"item_purchase_floors":[21,21,21],"current_hp_per_floor":[81,73,73,78,78,78,78,77,77,43,43,20,45,39,38,15,68,68,68,55,55,60,43,43,26,20,20,20],"gold":499,"neow_bonus":"RANDOM_COLORLESS_2","is_daily":false,"chose_seed":false,"campfire_upgraded":2,"win_rate":0.0,"timestamp":1611508414,"path_taken":["R","M","?","?","?","M","T","M","R","?","?","E","R","E","M","BOSS","R","M","M","$","?","E","T","E","M","?"],"items_purchased_type":["Relic","Relic","Relic"],"build_version":"2020-12-22","purchased_purges":1,"victory":false,"max_hp_per_floor":[81,81,81,86,86,86,86,86,86,86,86,86,86,86,86,86,86,86,86,86,86,86,86,86,88,90,90,90],"card_choices":[{"not_picked":["The Bomb","Magnetism"],"picked":"HandOfGreed","floor":0.0},{"not_picked":["sneckomod:SoulDraw","sneckomod:Unknown1Cost"],"picked":"sneckomod:UnknownStrength","floor":2.0},{"not_picked":["sneckomod:SoulDraw","sneckomod:Nope","sneckomod:DiceBlock"],"picked":"SKIP","floor":6.0},{"not_picked":["sneckomod:QuickBite","sneckomod:SoulRoll"],"picked":"sneckomod:MasterEye","floor":8.0},{"not_picked":["sneckomod:SnakeSap","sneckomod:UnlimitedRolls"],"picked":"sneckomod:SerpentIdol","floor":10.0},{"not_picked":["sneckomod:UnknownBoss","sneckomod:Nope"],"picked":"sneckomod:QuickMove","floor":12.0},{"not_picked":["sneckomod:DiceCrush","sneckomod:UnknownBoss"],"picked":"sneckomod:UnknownUncommonAttack","floor":14.0},{"not_picked":["sneckomod:Unknown2Cost","sneckomod:IronFang"],"picked":"sneckomod:QuickBite","floor":15.0},{"not_picked":["sneckomod:SoulExchange","sneckomod:Unknown3Cost"],"picked":"sneckomod:SerpentMind","floor":16.0},{"not_picked":["sneckomod:UnknownCommonAttack","sneckomod:UnknownBlock"],"picked":"sneckomod:UnknownClassBLUE+1","floor":19.0},{"not_picked":["sneckomod:IronFang","sneckomod:SoulRoll"],"picked":"sneckomod:UnknownDraw+1","floor":20.0},{"not_picked":["sneckomod:RainOfDice","sneckomod:UnknownUncommonAttack"],"picked":"sneckomod:UnknownUncommonPower","floor":21.0},{"not_picked":["sneckomod:DiceCrush","sneckomod:ImprovisedGuard"],"picked":"sneckomod:Memorize","floor":23.0},{"not_picked":["sneckomod:UnknownStrike","sneckomod:UnknownClassGUARDIAN","sneckomod:MixItUp"],"picked":"Singing Bowl","floor":25.0},{"not_picked":["sneckomod:IronFang","sneckomod:UnknownCommonSkill","sneckomod:WideSting"],"picked":"Singing Bowl","floor":26}],"player_experience":694168,"relics_obtained":[{"floor":10.0,"key":"Odd Mushroom"},{"floor":12.0,"key":"Oddly Smooth Stone"},{"floor":14.0,"key":"Omamori"},{"floor":23.0,"key":"Mercury Hourglass"}],"event_choices":[{"damage_healed":0.0,"max_hp_gain":5.0,"max_hp_loss":0.0,"gold_gain":0.0,"event_name":"Big Fish","player_choice":"Donut","floor":4.0,"gold_loss":0.0,"damage_taken":0.0},{"damage_healed":0.0,"max_hp_gain":0.0,"max_hp_loss":0.0,"gold_gain":0.0,"event_name":"Mushrooms","player_choice":"Fought Mushrooms","floor":10.0,"gold_loss":0.0,"damage_taken":0.0},{"cards_removed":["downfall:Icky"],"damage_healed":0.0,"max_hp_gain":0.0,"max_hp_loss":0.0,"gold_gain":0.0,"event_name":"The Cleric","player_choice":"Card Removal","floor":11.0,"gold_loss":0.0,"damage_taken":0.0}],"is_beta":false,"boss_relics":[{"not_picked":["Fusion Hammer","Empty Cage"],"picked":"Astrolabe"}],"items_purged_floors":[21],"is_endless":false,"potions_floor_spawned":[8,10,15,16,20,22,23,25],"ascension_level":12}}