{"host":"36umirwmj0u9xjg7","time":1611492199,"event":{"mods":["Aspiration","BaseMod","CCEM","ChefMod","Downfall","Minty Spire (QoL Compilation)","Reliquary","Replay The Spire","StS++","StSLib","The Construct","The Gatherer","The Hierophant","The Necromancer","The Runesmith","The Servant 0.9.4"],"gold_per_floor":[119,119,119,119,144,177,200,200,223,266,281,281,305,149,149,269,269,285,285,298,321,321,346,346,361,361,385,385,416,450,469,469,589,589,614,668,731,953,972,972,718,718,718],"floor_reached":42,"language":"ENG","playtime":2296,"items_purged":["Amnesia","ReplayTheSpireMod:Splinters"],"score":628,"play_id":"881caff8-ff55-4ee1-9c0b-29dfdc3bf692","local_time":"20210124134319","is_ascension_mode":false,"campfire_choices":[{"data":"chefmod:Omelette","floor":12,"key":"SMITH"},{"data":"chefmod:CayenneCloud","floor":15,"key":"SMITH"},{"data":"chefmod:CuttingBoard","floor":24,"key":"SMITH"},{"floor":28,"key":"REST"},{"floor":32,"key":"REST"},{"data":"chefmod:BleedOut","floor":40,"key":"SMITH"}],"circlet_count":0,"master_deck":["chefmod:Strike","chefmod:Strike","chefmod:Strike","chefmod:Strike","chefmod:QuickThaw","chefmod:Defend","chefmod:Defend","chefmod:Defend","chefmod:Defend","chefmod:TodaysSpecial","chefmod:FireUp+1","chefmod:CuttingBoard+1","chefmod:Omelette+1","chefmod:DinoKale","chefmod:FryPan","chefmod:CayenneCloud+1","chefmod:RisingDough","chefmod:KnifeFlurry","chefmod:SliceAndDice+1","chefmod:LiquidNitrogen","chefmod:Chop","chefmod:BleedOut+1","chefmod:Flambe+1"],"relics":["chefmod:TrustyPot","NeowsBlessing","Ring of Misfortune","Golden Idol","ReplayTheSpireMod:Lightbulb","Runesmith:AutoHammer","Divine Protection","aspiration:MobileForge","Bottled Lightning","Red Mask","aspiration:HatOfInfinitePower","StSpp:GiftCard","TungstenRod"],"acts_visited":["Exordium","TheCity","TheBeyond"],"potions_floor_usage":[23,25,33,33],"damage_taken":[{"damage":0,"enemies":"Small Slimes","floor":1,"turns":1},{"damage":0,"enemies":"2 Louse","floor":5,"turns":1},{"damage":0,"enemies":"3 Sentries","floor":6,"turns":2},{"damage":3,"enemies":"Jaw Worm","floor":7,"turns":4},{"damage":2,"enemies":"Replay:BlueRogue","floor":10,"turns":6},{"damage":0,"enemies":"Looter","floor":11,"turns":4},{"damage":0,"enemies":"Blue Slaver","floor":13,"turns":5},{"damage":13,"enemies":"Fading Forest","floor":16,"turns":11},{"damage":13,"enemies":"Spheric Guardian","floor":18,"turns":4},{"damage":13,"enemies":"Shell Parasite","floor":20,"turns":5},{"damage":3,"enemies":"Snecko","floor":21,"turns":5},{"damage":5,"enemies":"Centurion and Healer","floor":23,"turns":5},{"damage":16,"enemies":"Snake Plant","floor":25,"turns":5},{"damage":7,"enemies":"Shelled Parasite and Fungi","floor":27,"turns":4},{"damage":29,"enemies":"Masked Bandits","floor":29,"turns":4},{"damage":27,"enemies":"Book of Stabbing","floor":30,"turns":6},{"damage":10,"enemies":"Centurion and Healer","floor":31,"turns":7},{"damage":25,"enemies":"Pondfish","floor":33,"turns":16},{"damage":47,"enemies":"3 Darklings","floor":35,"turns":6},{"damage":0,"enemies":"Mind Bloom Boss Battle","floor":37,"turns":5},{"damage":0,"enemies":"3 Shapes","floor":39,"turns":3},{"damage":36,"enemies":"Reptomancer","floor":42,"turns":2}],"seed_played":"-5627887861450856994","potions_obtained":[{"floor":5,"key":"sneckomod:MuddlingPotion"},{"floor":7,"key":"AttackPotion"},{"floor":13,"key":"sneckomod:MuddlingPotion"},{"floor":16,"key":"Dexterity Potion"},{"floor":18,"key":"SkillPotion"},{"floor":23,"key":"SteroidPotion"},{"floor":27,"key":"StSpp:SecondWindPotion"},{"floor":29,"key":"PowerPotion"},{"floor":30,"key":"hexamod:SoulburnPotion"},{"floor":39,"key":"StSpp:SecondWindPotion"}],"is_trial":false,"path_per_floor":["M","?","?","?","M","E","M","T","T","E","M","R","M","$","R","B",null,"M","?","M","M","?","M","R","M","T","M","R","?","E","M","R","B",null,"M","?","?","?","M","R","$","E"],"character_chosen":"THE_CHEF","items_purchased":["chefmod:CayenneCloud","DuplicationPotion","DuplicationPotion"],"campfire_rested":2,"item_purchase_floors":[14,41,41],"current_hp_per_floor":[76,76,76,70,70,70,67,67,67,65,65,65,65,65,65,52,70,57,57,44,41,80,75,75,59,59,52,76,47,20,10,34,9,80,33,33,33,33,33,33,33,0,0],"gold":718,"neow_bonus":"THREE_ENEMY_KILL","is_daily":false,"chose_seed":false,"campfire_upgraded":4,"win_rate":0.0,"timestamp":1611492199,"path_taken":["M","?","?","?","M","E","M","?","T","E","M","R","M","?","R","BOSS","M","?","?","M","?","M","R","?","T","M","R","?","E","M","R","BOSS","M","?","?","?","M","R","$","E"],"items_purchased_type":["Card","Potion","Potion"],"build_version":"2020-12-22","purchased_purges":2,"victory":false,"max_hp_per_floor":[76,76,76,70,70,70,70,70,70,70,70,70,70,70,70,70,70,70,70,70,70,80,80,80,80,80,80,80,80,80,80,80,80,80,80,80,80,80,80,80,80,80,80],"card_choices":[{"not_picked":["chefmod:Defrost","chefmod:FryPan"],"picked":"chefmod:FireUp","floor":1},{"not_picked":["chefmod:FryPan","chefmod:SpaghettiCarbonara"],"picked":"chefmod:CuttingBoard","floor":5},{"not_picked":["chefmod:AllYouCanEat","chefmod:ColdSteel"],"picked":"chefmod:Omelette","floor":6},{"not_picked":["chefmod:Sorbet","chefmod:Fillet","chefmod:Granita"],"picked":"SKIP","floor":7},{"not_picked":["chefmod:FrozenTuna","chefmod:Gelato","chefmod:QuickChop"],"picked":"SKIP","floor":10},{"not_picked":["chefmod:Fillet","chefmod:Sorbet"],"picked":"chefmod:DinoKale","floor":11},{"not_picked":["chefmod:DinoKale","chefmod:IceCreamCone"],"picked":"chefmod:FryPan","floor":13},{"not_picked":["chefmod:RaidPantry","chefmod:CapreseSalad"],"picked":"chefmod:RisingDough","floor":16},{"not_picked":["chefmod:HotSoup","chefmod:FireUp","chefmod:DinoKale"],"picked":"SKIP","floor":18},{"not_picked":["chefmod:BaoBuns","chefmod:Granita"],"picked":"chefmod:SushiPlatter","floor":20},{"not_picked":["chefmod:ZaruSoba","chefmod:VegetableTart+1"],"picked":"chefmod:KnifeFlurry","floor":21},{"not_picked":["chefmod:ColdSteel","chefmod:DoubleChop+1"],"picked":"chefmod:SliceAndDice+1","floor":23},{"not_picked":["chefmod:ZaruSoba","chefmod:Julienne","chefmod:Leftovers"],"picked":"SKIP","floor":25},{"not_picked":["chefmod:Granita+1","chefmod:Gelato"],"picked":"chefmod:LiquidNitrogen","floor":27},{"not_picked":["chefmod:FireUp","chefmod:SpaghettiCarbonara+1"],"picked":"chefmod:Chop","floor":29},{"not_picked":["chefmod:FireUp","chefmod:Chop"],"picked":"chefmod:BleedOut","floor":30},{"not_picked":["chefmod:SliceAndDice+1","chefmod:Bruschetta+1","chefmod:FarmersMarket"],"picked":"SKIP","floor":31},{"not_picked":["chefmod:ColdSteel+1","chefmod:HotSoup","chefmod:Granita"],"picked":"SKIP","floor":35},{"not_picked":["chefmod:GroceryDelivery","chefmod:HotSoup"],"picked":"chefmod:Flambe+1","floor":36},{"not_picked":["chefmod:Sorbet","chefmod:ZaruSoba","chefmod:CayenneCloud"],"picked":"SKIP","floor":39}],"player_experience":137353,"relics_obtained":[{"floor":2,"key":"Ring of Misfortune"},{"floor":6,"key":"ReplayTheSpireMod:Lightbulb"},{"floor":8,"key":"Runesmith:AutoHammer"},{"floor":10,"key":"Divine Protection"},{"floor":26,"key":"Bottled Lightning"},{"floor":29,"key":"Red Mask"},{"floor":30,"key":"aspiration:HatOfInfinitePower"},{"floor":36,"key":"StSpp:GiftCard"},{"floor":37,"key":"TungstenRod"}],"event_choices":[{"damage_healed":0,"gold_gain":0,"player_choice":"Grow","damage_taken":0,"max_hp_gain":0,"max_hp_loss":0,"event_name":"Living Wall","floor":3,"gold_loss":0,"cards_upgraded":["chefmod:FireUp"]},{"damage_healed":0,"gold_gain":0,"player_choice":"Lose Max HP","damage_taken":0,"relics_obtained":["Golden Idol"],"max_hp_gain":0,"max_hp_loss":6,"event_name":"Golden Idol","floor":4,"gold_loss":0},{"damage_healed":0,"gold_gain":0,"player_choice":"Ignored","damage_taken":0,"max_hp_gain":0,"max_hp_loss":0,"event_name":"Duplicator","floor":19,"gold_loss":0},{"cards_removed":["chefmod:SushiPlatter"],"damage_healed":29,"gold_gain":0,"player_choice":"Offered Rare","damage_taken":0,"max_hp_gain":10,"max_hp_loss":0,"event_name":"Bonfire Elementals","floor":22,"gold_loss":0},{"damage_healed":0,"gold_gain":0,"player_choice":"Fought Bandits","damage_taken":0,"max_hp_gain":0,"max_hp_loss":0,"event_name":"Masked Bandits","floor":29,"gold_loss":0},{"damage_healed":0,"gold_gain":0,"player_choice":"Fight","damage_taken":0,"max_hp_gain":0,"max_hp_loss":0,"event_name":"MindBloom","floor":37,"gold_loss":0},{"damage_healed":0,"gold_gain":222,"player_choice":"Wore Mask","damage_taken":0,"max_hp_gain":0,"max_hp_loss":0,"event_name":"Tomb of Lord Red Mask","floor":38,"gold_loss":0}],"is_beta":false,"boss_relics":[{"not_picked":["aspiration:PoetsPen_weak","aspiration:SecretTechniqueScroll"],"picked":"aspiration:MobileForge"},{"not_picked":["aspiration:FutureDiary","aspiration:RitualDagger","Replay:Drink Me"]}],"items_purged_floors":[14,41],"is_endless":false,"potions_floor_spawned":[5,7,13,16,18,23,27,29,30,39],"killed_by":"Reptomancer","ascension_level":0}}