{"host":"q57ekfojy3i00x9o","time":1611485837,"event":{"mods":["Arknights The Spire","Aspiration","BaseMod","Colored Map","Energized Spire","Hermit","Minty Spire (QoL Compilation)","Quick Restart","Spicy Shops","Spikes Relics","StSLib","slay the spire mod where everything is the same but ironclad has a cowboy hat"],"gold_per_floor":[117,117,135,135,151,151,166,166,193,211,223,223,243,243,243,342,342,354,453,453,12,12,31,60,8,8,28,28,28,28],"floor_reached":29,"language":"RUS","playtime":655,"items_purged":["Injury"],"score":247,"play_id":"3a164b55-6c01-417d-98c3-f6083b54ead1","local_time":"20210124155717","is_ascension_mode":true,"campfire_choices":[{"data":"ats:Closed Bolt Burst Fire","floor":6,"key":"SMITH"},{"data":"ats:Armor Crushing Shot","floor":8,"key":"SMITH"},{"floor":12,"key":"REST"},{"data":"ats:Emotion Absorption","floor":15,"key":"SMITH"}],"circlet_count":0,"master_deck":["ats:Strike C","ats:Strike G","ats:Strike S","ats:Strike V","ats:Armor Crushing Shot+1","ats:Defend","ats:Defend","ats:Defend","ats:Defend","ats:Emotion Absorption+1","ats:Closed Bolt Burst Fire+1","ats:Overload+1","ats:Explosion Area Strengthen+1","ats:Consecutive Shot Auto+1","ats:Magnetic Hammer+1","ats:Consecutive Shot Auto+1","ats:Wolf Pack+1","ats:Disruption Kick+1","ats:Very Hot Blade+1","ats:Leaping Hammer+1","ats:Healing Drone","ats:Part Time Job","ats:Sword Rain+1","ats:Neurotoxin+1","ats:Poison Spread+1","ats:Shell Defense","ats:Healing Strengthening"],"relics":["ats:Sanity","aspiration:Nostalgia","hermit:Momento","Molten Egg 2","ats:Ability Aura","Omamori","Happy Flower","ats:Originium","Pocketwatch"],"acts_visited":["Exordium","TheCity"],"potions_floor_usage":[16,16,24,24],"damage_taken":[{"damage":1,"enemies":"Jaw Worm","floor":1,"turns":3},{"damage":10,"enemies":"2 Louse","floor":3,"turns":3},{"damage":1,"enemies":"Cultist","floor":5,"turns":3},{"damage":16,"enemies":"2 Fungi Beasts","floor":7,"turns":3},{"damage":5,"enemies":"Looter","floor":10,"turns":2},{"damage":12,"enemies":"Blue Slaver","floor":11,"turns":2},{"damage":15,"enemies":"Exordium Thugs","floor":13,"turns":3},{"damage":12,"enemies":"Hexaghost","floor":16,"turns":8},{"damage":10,"enemies":"2 Thieves","floor":18,"turns":3},{"damage":15,"enemies":"Shell Parasite","floor":23,"turns":6},{"damage":50,"enemies":"Book of Stabbing","floor":24,"turns":6},{"damage":0,"enemies":"Snecko","floor":27,"turns":3},{"damage":27,"enemies":"Slavers","floor":29,"turns":1}],"seed_played":"-4291729393258828226","potions_obtained":[{"floor":10,"key":"PowerPotion"},{"floor":11,"key":"AttackPotion"},{"floor":16,"key":"CultistPotion"},{"floor":23,"key":"LiquidMemories"},{"floor":27,"key":"ats:Emergency Sanity Potion"}],"is_trial":false,"path_per_floor":["M","?","M","?","M","R","M","R","T","M","M","R","M","?","R","B",null,"M","?","?","$","?","M","E","$","T","M","?","E"],"character_chosen":"DOCTOR_CLASS","items_purchased":["ats:Healing Drone","ats:Part Time Job","ats:Sword Rain+1","Omamori","ats:Shell Defense"],"campfire_rested":1,"item_purchase_floors":[21,21,21,21,25],"current_hp_per_floor":[71,71,61,61,60,60,44,44,44,39,27,48,33,57,57,45,72,62,62,62,62,62,53,9,9,9,12,12,0,0],"gold":28,"neow_bonus":"NOSTALGIA","is_daily":false,"chose_seed":false,"campfire_upgraded":3,"win_rate":0.0,"timestamp":1611485837,"path_taken":["M","?","M","?","M","R","M","R","T","M","?","R","M","?","R","BOSS","M","?","?","$","?","M","E","?","T","?","?","E"],"items_purchased_type":["Card","Card","Card","Relic","Card"],"build_version":"2020-12-22","purchased_purges":1,"victory":false,"max_hp_per_floor":[72,72,72,72,72,72,72,72,72,72,72,72,72,72,72,72,72,72,72,72,72,72,72,72,72,72,72,72,72,72],"card_choices":[{"not_picked":["ats:Cat Scratch","ats:Counter Healing Mode"],"picked":"ats:Closed Bolt Burst Fire","floor":1},{"not_picked":["ats:Sword Rain+1","ats:Guard Mode"],"picked":"ats:Overload+1","floor":3},{"not_picked":["ats:Shell Defense","ats:Cat Scratch+1"],"picked":"ats:Explosion Area Strengthen+1","floor":5},{"not_picked":["ats:LN2 Cannon+1","ats:Healing Strengthening"],"picked":"ats:Consecutive Shot Auto+1","floor":7},{"not_picked":["ats:Assault Order","ats:Hook Shot"],"picked":"ats:Magnetic Hammer+1","floor":10},{"not_picked":["ats:Magnetic Hammer+1","ats:Beaten Up"],"picked":"ats:Consecutive Shot Auto+1","floor":11},{"not_picked":["ats:Neurotoxin","ats:Collapsing Strike+1"],"picked":"ats:Wolf Pack+1","floor":13},{"not_picked":["ats:Rat Pack","ats:Wolf Pack+1"],"picked":"ats:Disruption Kick+1","floor":16},{"not_picked":["ats:Hammer On+1","ats:Leaping Hammer+1"],"picked":"ats:Very Hot Blade+1","floor":18},{"not_picked":["ats:Curse Doll","ats:Consecutive Shot Auto+1"],"picked":"ats:Neurotoxin+1","floor":23},{"not_picked":["ats:Flame Of Heaven","ats:Song Of Battle"],"picked":"ats:Poison Spread+1","floor":24},{"not_picked":["ats:Shell Defense","ats:Absolute Focus+1"],"picked":"ats:Healing Strengthening","floor":27}],"player_experience":722585,"relics_obtained":[{"floor":9,"key":"ats:Ability Aura"},{"floor":24,"key":"ats:Originium"},{"floor":26,"key":"Pocketwatch"}],"event_choices":[{"damage_healed":0,"gold_gain":0,"player_choice":"Ignored","damage_taken":0,"max_hp_gain":0,"max_hp_loss":0,"event_name":"WeMeetAgain","floor":4,"gold_loss":0},{"damage_healed":24,"gold_gain":0,"player_choice":"Banana","damage_taken":0,"max_hp_gain":0,"max_hp_loss":0,"event_name":"Big Fish","floor":14,"gold_loss":0},{"damage_healed":0,"gold_gain":99,"player_choice":"Stole From Cult","damage_taken":0,"max_hp_gain":0,"max_hp_loss":0,"event_name":"Nest","floor":19,"gold_loss":0},{"damage_healed":0,"gold_gain":0,"player_choice":"Read","damage_taken":0,"max_hp_gain":0,"max_hp_loss":0,"event_name":"The Library","floor":20,"gold_loss":0,"cards_obtained":["ats:Leaping Hammer"]},{"damage_healed":0,"gold_gain":0,"player_choice":"Opened","damage_taken":0,"relics_obtained":["Happy Flower"],"max_hp_gain":0,"max_hp_loss":0,"event_name":"The Mausoleum","floor":22,"gold_loss":0,"cards_obtained":["Writhe"]}],"is_beta":false,"boss_relics":[{"not_picked":["Sandwich","CosmicIsotope","aspiration:PoetsPen_weak"]}],"items_purged_floors":[21],"is_endless":false,"potions_floor_spawned":[10,11,16,23,27],"killed_by":"Slavers","ascension_level":1}}