{"host":"n9lc5i44t98l6pio","time":1611528032,"event":{"mods":["BaseMod","Curses Come First","Downfall","Minty Spire (QoL Compilation)","Replay The Spire","Say the Spire","StSLib"],"gold_per_floor":[109,284,284,284,304,338,338,338,385,399,66,91,106,121,121,219,219,234,251,94,111,111,111,142,142,167,167,180,196,222,234,234,234,234],"floor_reached":33,"language":"ENG","playtime":1512,"items_purged":["Regret"],"score":363,"play_id":"8192e0db-deb2-4e6c-b927-164f07561a32","local_time":"20210124234032","is_ascension_mode":true,"campfire_choices":[{"floor":8.0,"key":"RECALL"},{"data":"Defragment","floor":15.0,"key":"SMITH"},{"floor":23,"key":"REST"},{"floor":25,"key":"REST"},{"data":"Capacitor","floor":27,"key":"SMITH"},{"data":"Doubt","floor":32,"key":"PURGE"}],"circlet_count":0,"master_deck":["Strike_B","Strike_B","Strike_B","Defend_B","Defend_B","Defend_B","Defend_B","Zap","Dualcast","Undo+1","Tempest","Biased Cognition","ReplayTheSpireMod:Repulse","Cold Snap","Glacier","Defragment+1","Streamline","Conserve Battery","Stack+1","Self Repair","White Noise","Capacitor+1","Lockon","Crystallizer","Cold Snap+1","Cold Snap+1","Meteor Strike","White Noise","Hello World","Self Repair+1","Lockon","ReplayTheSpireMod:Repulse+1","Double Energy"],"relics":["Cracked Core","NeowsBlessing","Ice Cream","Toy Ornithopter","Matryoshka","Replay:Baseball","Black Star","Prayer Wheel","Replay:Bottled Flurry","Dream Catcher","Replay:Ringing Soul","Strawberry","Bag of Preparation","Dead Branch"],"acts_visited":["Exordium","TheCity"],"potions_floor_usage":[24,24,30,30,33],"damage_taken":[{"damage":0.0,"enemies":"Cultist","floor":1.0,"turns":1.0},{"damage":0.0,"enemies":"Jaw Worm","floor":5.0,"turns":1.0},{"damage":3.0,"enemies":"3 Sentries","floor":6.0,"turns":2.0},{"damage":3.0,"enemies":"2 Louse","floor":10.0,"turns":2.0},{"damage":23.0,"enemies":"Gremlin Nob","floor":12.0,"turns":5.0},{"damage":0.0,"enemies":"Exordium Wildlife","floor":13.0,"turns":3.0},{"damage":2.0,"enemies":"Blue Slaver","floor":14.0,"turns":3.0},{"damage":54.0,"enemies":"The Guardian","floor":16.0,"turns":16.0},{"damage":18.0,"enemies":"Chosen","floor":18.0,"turns":8.0},{"damage":6.0,"enemies":"Spheric Guardian","floor":19.0,"turns":5.0},{"damage":29,"enemies":"Snecko","floor":21,"turns":7},{"damage":19,"enemies":"Book of Stabbing","floor":24,"turns":6},{"damage":23,"enemies":"Snake Plant","floor":28,"turns":5},{"damage":49,"enemies":"Cultist and Chosen","floor":29,"turns":7},{"damage":22,"enemies":"Slavers","floor":30,"turns":6},{"damage":5,"enemies":"Shelled Parasite and Fungi","floor":31,"turns":6},{"damage":61,"enemies":"Champ","floor":33,"turns":12}],"seed_played":"-8918332985389711386","potions_obtained":[{"floor":1.0,"key":"DuplicationPotion"},{"floor":6.0,"key":"EntropicBrew"},{"floor":10.0,"key":"Venom Potion"},{"floor":16.0,"key":"SpeedPotion"},{"floor":19.0,"key":"SkillPotion"},{"floor":29,"key":"DuplicationPotion"},{"floor":31,"key":"EssenceOfDarkness"}],"is_trial":false,"path_per_floor":["M","?","?","?","M","E","?","R","T","M","$","E","M","M","R","B",null,"M","M","$","M","?","R","E","R","T","R","M","M","E","M","R","B"],"character_chosen":"DEFECT","items_purchased":["Matryoshka","Glacier","Capacitor"],"campfire_rested":2,"item_purchase_floors":[11,11,20],"current_hp_per_floor":[75,75,75,75,75,72,72,72,72,69,69,51,51,49,49,5,75,57,51,51,22,22,44,42,64,71,71,58,19,27,42,42,0,0],"gold":234,"neow_bonus":"THREE_ENEMY_KILL","is_daily":false,"chose_seed":false,"campfire_upgraded":2,"win_rate":0.0,"timestamp":1611528032,"path_taken":["M","?","?","?","?","E","?","R","T","M","?","E","M","M","R","BOSS","M","M","$","M","?","R","E","R","T","R","M","?","E","M","R","BOSS"],"items_purchased_type":["Relic","Card","Card"],"build_version":"2020-12-22","purchased_purges":1,"victory":false,"max_hp_per_floor":[75,75,75,75,75,75,75,75,75,75,75,75,75,75,75,75,75,75,75,75,75,75,75,75,75,82,82,85,88,91,94,94,94,94],"card_choices":[{"not_picked":["Scrape","Beam Cell"],"picked":"Undo","floor":1.0},{"not_picked":["Streamline","Coolheaded"],"picked":"Tempest","floor":5.0},{"not_picked":["Streamline","Lockon"],"picked":"Biased Cognition","floor":6.0},{"not_picked":["Sweeping Beam","Ball Lightning"],"picked":"Cold Snap","floor":10.0},{"not_picked":["Leap","ReplayTheSpireMod:Reroute Power"],"picked":"Defragment","floor":12.0},{"not_picked":["ReplayGash","Beam Cell"],"picked":"Streamline","floor":13.0},{"not_picked":["FTL","Beam Cell"],"picked":"Conserve Battery","floor":14.0},{"not_picked":["All For One","Mirror Shield"],"picked":"ReplayTheSpireMod:Fabricate Wheel","floor":16.0},{"not_picked":["Hologram","Turbo"],"picked":"Stack+1","floor":18.0},{"not_picked":["Streamline","Rebound","ReplayGash"],"picked":"SKIP","floor":18.0},{"not_picked":["Barrage+1","Streamline"],"picked":"Self Repair","floor":19.0},{"not_picked":["Compile Driver+1","ReplaySolidLightProjector"],"picked":"White Noise","floor":19.0},{"not_picked":["ReplayTheSpireMod:GoodbyeWorld","Steam"],"picked":"Lockon","floor":21},{"not_picked":["Gash","Sweeping Beam"],"picked":"Crystallizer","floor":21},{"not_picked":["ReplayTheSpireMod:Repulse","Redo"],"picked":"Cold Snap+1","floor":24},{"not_picked":["ReplayTheSpireMod:Calculation Training","Hologram"],"picked":"Cold Snap+1","floor":25},{"not_picked":["Compile Driver+1","Cold Snap"],"picked":"Meteor Strike","floor":28},{"not_picked":["Hologram+1","Chill"],"picked":"White Noise","floor":28},{"not_picked":["Gash","Cold Snap"],"picked":"Hello World","floor":29},{"not_picked":["FTL","Compile Driver"],"picked":"Self Repair+1","floor":29},{"not_picked":["Turbo","Stack"],"picked":"Lockon","floor":30},{"not_picked":["Gash","Ball Lightning"],"picked":"ReplayTheSpireMod:Repulse+1","floor":31},{"not_picked":["Panic Button+1","Skim"],"picked":"Double Energy","floor":31}],"player_experience":189024,"relics_obtained":[{"floor":6.0,"key":"Toy Ornithopter"},{"floor":12.0,"key":"Replay:Baseball"},{"floor":24,"key":"Replay:Bottled Flurry"},{"floor":24,"key":"Dream Catcher"},{"floor":26,"key":"Replay:Ringing Soul"},{"floor":26,"key":"Strawberry"},{"floor":30,"key":"Bag of Preparation"},{"floor":30,"key":"Dead Branch"}],"event_choices":[{"damage_healed":0.0,"max_hp_gain":0.0,"max_hp_loss":0.0,"gold_gain":175.0,"event_name":"Liars Game","player_choice":"AGREE","floor":2.0,"gold_loss":0.0,"damage_taken":0.0,"cards_obtained":["Doubt"]},{"damage_healed":0.0,"max_hp_gain":0.0,"max_hp_loss":0.0,"gold_gain":0.0,"event_name":"Living Wall","player_choice":"Grow","floor":3.0,"gold_loss":0.0,"damage_taken":0.0,"cards_upgraded":["Undo"]},{"damage_healed":0.0,"max_hp_gain":0.0,"max_hp_loss":0.0,"gold_gain":0.0,"event_name":"Big Fish","player_choice":"Box","floor":4.0,"gold_loss":0.0,"damage_taken":0.0,"relics_obtained":["Ice Cream"],"cards_obtained":["Regret"]},{"damage_healed":0.0,"max_hp_gain":0.0,"max_hp_loss":0.0,"gold_gain":0.0,"cards_transformed":["Strike_B"],"event_name":"Transmorgrifier","player_choice":"Transformed","floor":7.0,"gold_loss":0.0,"damage_taken":0.0,"cards_obtained":["ReplayTheSpireMod:Repulse"]},{"damage_healed":0,"gold_gain":0,"player_choice":"Ignored","damage_taken":0,"max_hp_gain":0,"max_hp_loss":0,"event_name":"NoteForYourself","floor":22,"gold_loss":0}],"is_beta":false,"boss_relics":[{"not_picked":["Philosopher\u0027s Stone","Snecko Eye"],"picked":"Black Star"}],"items_purged_floors":[20],"is_endless":false,"potions_floor_spawned":[1,6,10,16,19,29,31],"killed_by":"Champ","ascension_level":1}}