{"host":"0kk91h4bq4kgfj0u","time":1611518545,"event":{"mods":["BaseMod","Minty Spire (QoL Compilation)","StSLib"],"gold_per_floor":[109,128,148,165,265,265,291,304,328,49,78,78,78,78,78,180,180,191,202,117,117,0,0,28,40,65,17,17,17],"floor_reached":28,"language":"ENG","playtime":777,"items_purged":[],"score":344,"play_id":"baa6e10a-880c-4f81-8b6b-07a23c97238c","local_time":"20210124150225","is_ascension_mode":true,"campfire_choices":[{"data":"Armaments","floor":6,"key":"SMITH"},{"data":"Fire Breathing","floor":13,"key":"SMITH"},{"data":"Iron Wave","floor":15,"key":"SMITH"},{"floor":23,"key":"REST"}],"circlet_count":0,"master_deck":["Strike_R","Strike_R","Strike_R","Strike_R","Strike_R","Defend_R","Defend_R","Defend_R","Defend_R","Bash+1","Power Through","Anger+1","Perfected Strike","Armaments+1","Uppercut+1","Shrug It Off","Fire Breathing+1","Iron Wave+1","Wild Strike","Dagger Spray","Bludgeon","Conserve Battery+1","Escape Plan","Inflame"],"relics":["Burning Blood","Regal Pillow","Pantograph","Bronze Scales","PrismaticShard","Potion Belt","Runic Cube","Anchor","Nilry\u0027s Codex","Vajra","Whetstone"],"acts_visited":["Exordium","TheCity"],"potions_floor_usage":[11,24,28],"damage_taken":[{"damage":0,"enemies":"2 Louse","floor":1,"turns":3},{"damage":1,"enemies":"Cultist","floor":2,"turns":4},{"damage":0,"enemies":"Small Slimes","floor":3,"turns":3},{"damage":3,"enemies":"3 Louse","floor":4,"turns":4},{"damage":24,"enemies":"Gremlin Nob","floor":7,"turns":4},{"damage":6,"enemies":"Looter","floor":8,"turns":3},{"damage":23,"enemies":"3 Sentries","floor":11,"turns":6},{"damage":37,"enemies":"Hexaghost","floor":16,"turns":9},{"damage":25,"enemies":"Shell Parasite","floor":18,"turns":6},{"damage":14,"enemies":"Spheric Guardian","floor":19,"turns":5},{"damage":40,"enemies":"Slavers","floor":24,"turns":6},{"damage":26,"enemies":"Chosen and Byrds","floor":25,"turns":4},{"damage":17,"enemies":"Sentry and Sphere","floor":28,"turns":5}],"seed_played":"-7337380060764232492","potions_obtained":[{"floor":1,"key":"EssenceOfSteel"},{"floor":4,"key":"Dexterity Potion"},{"floor":16,"key":"Regen Potion"},{"floor":18,"key":"Swift Potion"},{"floor":24,"key":"Fruit Juice"}],"is_trial":false,"path_per_floor":["M","M","M","M","?","R","E","M","T","$","E","?","R","?","R","B",null,"M","M","?","?","?","R","E","M","T","$","M"],"character_chosen":"IRONCLAD","items_purchased":["PrismaticShard","Fire Breathing","Iron Wave","Wild Strike","Block Potion"],"campfire_rested":1,"item_purchase_floors":[10,10,10,10,27],"current_hp_per_floor":[78,80,80,80,80,80,62,62,62,62,45,45,45,45,45,39,70,51,43,43,27,27,66,37,17,17,17,0,0],"gold":17,"neow_bonus":"RANDOM_COMMON_RELIC","is_daily":false,"chose_seed":false,"campfire_upgraded":3,"win_rate":0.0,"timestamp":1611518545,"path_taken":["M","M","M","M","?","R","E","M","T","?","E","?","R","?","R","BOSS","M","M","?","?","?","R","E","M","T","$","M"],"items_purchased_type":["Relic","Card","Card","Card","Potion"],"build_version":"2020-12-22","purchased_purges":0,"victory":false,"max_hp_per_floor":[80,80,80,80,80,80,80,80,80,80,80,80,80,80,80,80,80,80,80,80,80,80,80,85,85,85,85,85,85],"card_choices":[{"not_picked":["Carnage","True Grit"],"picked":"Power Through","floor":1},{"not_picked":["Armaments","Battle Trance"],"picked":"Anger","floor":2},{"not_picked":["Body Slam","Clash"],"picked":"Perfected Strike","floor":3},{"not_picked":["Sever Soul","True Grit"],"picked":"Armaments","floor":4},{"not_picked":["Hemokinesis","Rage"],"picked":"Uppercut","floor":7},{"not_picked":["Burning Pact","Reckless Charge"],"picked":"Shrug It Off","floor":8},{"not_picked":["Cold Snap","Skewer"],"picked":"Dagger Spray","floor":11},{"not_picked":["Vault","All For One"],"picked":"Bludgeon","floor":16},{"not_picked":["Barrage","Searing Blow"],"picked":"Conserve Battery+1","floor":18},{"not_picked":["Leap+1","Beam Cell+1"],"picked":"Escape Plan","floor":19},{"not_picked":["Sword Boomerang+1","Wild Strike"],"picked":"Inflame","floor":24},{"not_picked":["Feel No Pain+1","Streamline","EmptyFist+1"],"picked":"SKIP","floor":25}],"player_experience":803169,"relics_obtained":[{"floor":7,"key":"Pantograph"},{"floor":9,"key":"Bronze Scales"},{"floor":11,"key":"Potion Belt"},{"floor":21,"key":"Nilry\u0027s Codex"},{"floor":24,"key":"Vajra"},{"floor":26,"key":"Whetstone"}],"event_choices":[{"damage_healed":0,"gold_gain":100,"player_choice":"Pray","damage_taken":0,"max_hp_gain":0,"max_hp_loss":0,"event_name":"Golden Shrine","floor":5,"gold_loss":0},{"damage_healed":0,"gold_gain":0,"player_choice":"Leave","damage_taken":0,"max_hp_gain":0,"max_hp_loss":0,"event_name":"The Cleric","floor":12,"gold_loss":0},{"damage_healed":0,"gold_gain":0,"player_choice":"Grow","damage_taken":0,"max_hp_gain":0,"max_hp_loss":0,"event_name":"Living Wall","floor":14,"gold_loss":0,"cards_upgraded":["Anger"]},{"damage_healed":0,"gold_gain":0,"player_choice":"Obtained Relic","damage_taken":0,"relics_obtained":["Anchor"],"max_hp_gain":0,"max_hp_loss":0,"event_name":"Addict","floor":20,"gold_loss":85},{"damage_healed":0,"gold_gain":0,"player_choice":"Obtained Book","damage_taken":16,"max_hp_gain":0,"max_hp_loss":0,"event_name":"Cursed Tome","floor":21,"gold_loss":0},{"damage_healed":0,"gold_gain":0,"player_choice":"Paid Fearfully","damage_taken":0,"max_hp_gain":0,"max_hp_loss":0,"event_name":"Masked Bandits","floor":22,"gold_loss":117}],"is_beta":false,"boss_relics":[{"not_picked":["Astrolabe","Runic Dome"],"picked":"Runic Cube"}],"items_purged_floors":[],"is_endless":false,"potions_floor_spawned":[1,4,16,18,24],"killed_by":"Sentry and Sphere","ascension_level":8}}