{"host":"tr12w2fixbnujl15","time":1611509814,"event":{"mods":["100% Spire Juice","2.2 Compatiblity","Arknights The Spire","BaseMod","Better Skull","BetterRewards","CapriCore","Clockwork Mod","Colored Powertips","Evolution","Hermit","Hubris","Infinite Spire","JesterMod","Koishi","Mad Scientist","Magitek Elite","Minty Spire (QoL Compilation)","Prisma Mod","Quick Restart","Replay The Spire","Shop Mod","StSLib","SuperFastMode","The Accelerator","The Animator","The Bug Knight","The Construct","The Cursed","The Hierophant","The Immortal","The Mystic","The Necromancer","The Runesmith","The Sage","The Senshi","The Servant 0.9.4","The Spell Scribe","TheFirefly","TheVelvet","WarShipGirlsR/????R mod","Yakumo Yukari mod"],"gold_per_floor":[116,116,136,136,148,148,423,423,423,53,85,97,46,63,63,63,63],"floor_reached":16,"language":"ENG","playtime":508,"items_purged":["Regret"],"score":100,"play_id":"b6389135-4f8d-421a-bc09-98bca04152e0","local_time":"20210124123654","is_ascension_mode":false,"campfire_choices":[{"data":"hadesmod:DrawDamage","floor":6,"key":"SMITH"},{"data":"hadesmod:RuyiJinguBang","floor":8,"key":"SMITH"},{"floor":15,"key":"REST"}],"circlet_count":0,"master_deck":["hadesmod:Strike","hadesmod:Strike","hadesmod:Strike","hadesmod:SwapStrike","hadesmod:Defend","hadesmod:Defend","hadesmod:Defend","hadesmod:Defend","hadesmod:Dash","hadesmod:RuyiJinguBang+","hadesmod:CrescentStrike","hadesmod:HitDrawBurn","hadesmod:DrawDamage+1","hadesmod:Xactivate","hadesmod:CameraSpamma","hadesmod:Snipe","hadesmod:PrepareAttack","hadesmod:JinnsKnowledge"],"relics":["hadesmod:WeaponCharger","EVO:Axolotl","NeowsBlessing","hubris:SphereOfDissonance","MerchantsRug","Strawberry"],"acts_visited":["Exordium"],"potions_floor_usage":[11,14],"damage_taken":[{"damage":0,"enemies":"2 Louse","floor":1,"turns":1},{"damage":0,"enemies":"Small Slimes","floor":3,"turns":1},{"damage":0,"enemies":"Cultist","floor":5,"turns":1},{"damage":26,"enemies":"3 Sentries","floor":11,"turns":5},{"damage":14,"enemies":"3 Louse","floor":12,"turns":4},{"damage":0,"enemies":"Exordium Thugs","floor":14,"turns":1},{"damage":53,"enemies":"Slime Boss","floor":16,"turns":9}],"seed_played":"5127717933583524625","potions_obtained":[{"floor":5,"key":"ColorlessPotion"},{"floor":11,"key":"Swift Potion"},{"floor":14,"key":"BlessingOfTheForge"}],"is_trial":false,"path_per_floor":["M","?","M","?","M","R","?","R","T","$","E","M","$","M","R","B"],"character_chosen":"THE_HUNTRESS","items_purchased":["MerchantsRug","hadesmod:Xactivate","hadesmod:CameraSpamma","AttackPotion"],"campfire_rested":1,"item_purchase_floors":[10,10,10,13],"current_hp_per_floor":[60,60,60,60,60,60,60,60,60,60,41,27,27,27,47,0,0],"gold":63,"neow_bonus":"THREE_ENEMY_KILL","is_daily":false,"chose_seed":false,"campfire_upgraded":2,"win_rate":0.0,"timestamp":1611509814,"path_taken":["M","?","M","?","?","R","?","R","T","?","E","M","$","M","R","BOSS"],"items_purchased_type":["Relic","Card","Card","Potion"],"build_version":"2020-12-22","purchased_purges":1,"victory":false,"max_hp_per_floor":[60,60,60,60,60,60,60,60,60,60,67,67,67,67,67,67,67],"card_choices":[{"not_picked":["hadesmod:IThinkEyePatchesAreHot","hadesmod:AlternateAnesidora"],"picked":"hadesmod:CrescentStrike","floor":1},{"not_picked":["hadesmod:Strikeshield","hadesmod:YatsuhashisDefence"],"picked":"hadesmod:HitDrawBurn","floor":3},{"not_picked":["hadesmod:Slide","hadesmod:GuardyWardy"],"picked":"hadesmod:DrawDamage","floor":5},{"not_picked":["hadesmod:FierceCry","hadesmod:CrescentStrike"],"picked":"hadesmod:Snipe","floor":11},{"not_picked":["hadesmod:WeakWep","hadesmod:HitDrawBurn"],"picked":"hadesmod:PrepareAttack","floor":12},{"not_picked":["hadesmod:Snapshoot","hadesmod:Spin"],"picked":"hadesmod:JinnsKnowledge","floor":14}],"player_experience":79096,"relics_obtained":[{"floor":9,"key":"hubris:SphereOfDissonance"},{"floor":11,"key":"Strawberry"}],"event_choices":[{"damage_healed":0,"gold_gain":0,"player_choice":"Ignored","damage_taken":0,"max_hp_gain":0,"max_hp_loss":0,"event_name":"Golden Wing","floor":2,"gold_loss":0},{"damage_healed":0,"gold_gain":0,"player_choice":"Ignored","damage_taken":0,"max_hp_gain":0,"max_hp_loss":0,"event_name":"Purifier","floor":4,"gold_loss":0},{"damage_healed":0,"gold_gain":275,"player_choice":"Desecrate","damage_taken":0,"max_hp_gain":0,"max_hp_loss":0,"event_name":"Golden Shrine","floor":7,"gold_loss":0,"cards_obtained":["Regret"]}],"is_beta":false,"boss_relics":[],"items_purged_floors":[10],"is_endless":false,"potions_floor_spawned":[5,11,14],"killed_by":"Slime Boss","ascension_level":0}}