{"host":"7lqra3rfanasaqnt","time":1611530255,"event":{"mods":["AchievementEnabler","Act Like it!","BaseMod","Colored Powertips","Downfall","Friendly Minions","Gremlin Mod","Minty Spire (QoL Compilation)","StSLib"],"gold_per_floor":[99,127,153,174,324,324,324,365,381,3,3,3,27,45,63,161,161,161,175,175,195,213,213,283,283,303,203,229,229,255,1,11,11,11,11],"floor_reached":33,"language":"ENG","playtime":1683,"items_purged":["downfall:Icky","hexamod:Defend"],"score":291,"play_id":"cff84b86-e858-4e96-a62f-f7690728fd97","local_time":"20210124161735","is_ascension_mode":true,"campfire_choices":[{"data":"hexamod:Float","floor":1,"key":"SMITH"},{"data":"hexamod:Rewind","floor":6,"key":"SMITH"},{"floor":12,"key":"REST"},{"data":"hexamod:FlameSwitch","floor":18,"key":"SMITH"},{"data":"hexamod:Again","floor":23,"key":"SMITH"},{"data":"hexamod:VolcanoVisage","floor":25,"key":"SMITH"},{"floor":27,"key":"REST"}],"circlet_count":0,"master_deck":["hexamod:Strike","hexamod:Strike","hexamod:Strike","hexamod:Strike","hexamod:Defend+1","hexamod:Defend","hexamod:Defend","hexamod:Sear","hexamod:Float+1","hexamod:SecondSeal","hexamod:GhostLash","hexamod:GhostShield+1","hexamod:Rewind+1","hexamod:AdvancingGuard","hexamod:GhostLash","hexamod:Incineration","hexamod:GhostOfSpirePast","hexamod:ThirdSeal","hexamod:VolcanoVisage+1","hexamod:FlameSwitch+1","hexamod:PhantomFireball","hexamod:GhostShield","hexamod:Hexaguard","hexamod:Again+1","hexamod:InspiringFlames+1","hexamod:FourthSeal","hexamod:Firestarter+1","hexamod:FlamesFromBeyond","hexamod:ThermalTransfer+1","hexamod:Haunt"],"relics":["hexamod:SpiritBrand","hexamod:InflammatoryLetter","Shuriken","Medical Kit","hexamod:IceCube","CultistMask","White Beast Statue","downfall:HeartBlessingGreen","War Paint"],"acts_visited":["Exordium","TheCity"],"potions_floor_usage":[8,13,14,15,28,32,33,33],"damage_taken":[{"damage":0,"enemies":"Cultist","floor":2,"turns":3},{"damage":8,"enemies":"Small Slimes","floor":3,"turns":4},{"damage":0,"enemies":"Jaw Worm","floor":4,"turns":3},{"damage":40,"enemies":"3 Sentries","floor":8,"turns":12},{"damage":0,"enemies":"Exordium Wildlife","floor":9,"turns":3},{"damage":0,"enemies":"downfall:FleeingMerchant","floor":10,"turns":4},{"damage":0,"enemies":"Gremlin Gang","floor":13,"turns":2},{"damage":4,"enemies":"Lots of Slimes","floor":14,"turns":5},{"damage":1,"enemies":"Red Slaver","floor":15,"turns":3},{"damage":23,"enemies":"IC_STATUS_ARCHETYPE","floor":16,"turns":7},{"damage":11,"enemies":"3 Byrds","floor":19,"turns":5},{"damage":0,"enemies":"Chosen and Byrds","floor":21,"turns":4},{"damage":11,"enemies":"Snake Plant","floor":22,"turns":4},{"damage":7,"enemies":"Centurion and Healer","floor":26,"turns":8},{"damage":9,"enemies":"Chosen and Byrds","floor":28,"turns":6},{"damage":5,"enemies":"Snake Plant","floor":30,"turns":4},{"damage":0,"enemies":"downfall:FleeingMerchant","floor":31,"turns":4},{"damage":25,"enemies":"3 Cultists","floor":32,"turns":5},{"damage":28,"enemies":"SI_MIRROR_ARCHETYPE","floor":33,"turns":7}],"seed_played":"7605092744212642442","potions_obtained":[{"floor":3,"key":"LiquidBronze"},{"floor":8,"key":"SpeedPotion"},{"floor":9,"key":"Explosive Potion"},{"floor":16,"key":"CultistPotion"},{"floor":19,"key":"DistilledChaos"},{"floor":26,"key":"BlessingOfTheForge"},{"floor":28,"key":"AttackPotion"},{"floor":30,"key":"Weak Potion"},{"floor":32,"key":"Energy Potion"}],"is_trial":false,"path_per_floor":["R","M","M","M","?","R","T","E","M","$","?","R","M","M","M","B",null,"R","M","?","M","M","R","T","R","M","R","M","?","M","$","M","B"],"character_chosen":"THE_SPIRIT","items_purchased":["hexamod:Incineration","Regen Potion","Medical Kit","War Paint"],"campfire_rested":2,"item_purchase_floors":[10,10,10,31],"current_hp_per_floor":[70,70,62,62,62,62,62,22,22,22,22,43,43,53,52,29,70,70,59,59,59,48,48,48,48,41,62,53,53,48,48,23,0,0,0],"gold":11,"neow_bonus":"THREE_CARDS","is_daily":false,"chose_seed":false,"campfire_upgraded":5,"win_rate":0.0,"timestamp":1611530255,"path_taken":["R","M","M","?","?","R","T","E","M","$","?","R","M","M","M","BOSS","R","M","?","?","?","R","T","R","M","R","M","?","?","?","M","BOSS"],"items_purchased_type":["Card","Potion","Relic","Relic"],"build_version":"2020-12-22","purchased_purges":2,"victory":false,"max_hp_per_floor":[70,70,70,70,70,70,70,70,70,70,70,70,70,70,70,70,70,70,70,70,70,70,70,70,70,70,70,70,70,70,70,70,70,70,70],"card_choices":[{"not_picked":["hexamod:Again","hexamod:ShieldOfDarkness"],"picked":"hexamod:SecondSeal","floor":0},{"not_picked":["hexamod:BacktrackSmack","hexamod:SwordOfDarkness"],"picked":"hexamod:GhostLash","floor":2},{"not_picked":["hexamod:ShieldOfDarkness","hexamod:NightmareStrike"],"picked":"hexamod:GhostShield","floor":3},{"not_picked":["hexamod:ShieldOfDarkness","hexamod:FastForward"],"picked":"hexamod:Rewind","floor":4},{"not_picked":["hexamod:SoulSteal","hexamod:SpectersWail"],"picked":"hexamod:AdvancingGuard","floor":8},{"not_picked":["hexamod:AdvancingGuard","hexamod:SuperheatedStrike","hexamod:SpectersWail"],"picked":"SKIP","floor":9},{"not_picked":["hexamod:NightmareStrike","hexamod:AdvancingGuard"],"picked":"hexamod:GhostLash","floor":10},{"not_picked":["hexamod:PhantomCloak","hexamod:HeatMetal"],"picked":"hexamod:GhostOfSpirePast","floor":13},{"not_picked":["hexamod:GhostOfSpirePast","hexamod:SpectersWail"],"picked":"hexamod:ThirdSeal","floor":14},{"not_picked":["hexamod:SwordOfDarkness","hexamod:SpectralSpark"],"picked":"hexamod:VolcanoVisage","floor":15},{"not_picked":["hexamod:TurnItUp","hexamod:ApocalypseNow"],"picked":"hexamod:FlameSwitch","floor":16},{"not_picked":["hexamod:StepThrough","hexamod:BurningTouch"],"picked":"hexamod:PhantomFireball","floor":19},{"not_picked":["hexamod:GhostflameBarrier+1","hexamod:GhostOfSpireFuture+1"],"picked":"hexamod:GhostShield","floor":19},{"not_picked":["hexamod:NightmareStrike","hexamod:SwordOfDarkness"],"picked":"hexamod:Hexaguard","floor":21},{"not_picked":["hexamod:SpectralSpark","hexamod:ExtraCrispy","hexamod:SwordOfDarkness"],"picked":"SKIP","floor":21},{"not_picked":["hexamod:GhostLash+1","hexamod:CatchUp"],"picked":"hexamod:Again","floor":22},{"not_picked":["hexamod:HeatMetal","hexamod:Again+1","hexamod:Hexaguard"],"picked":"SKIP","floor":22},{"not_picked":["hexamod:BacktrackSmack","hexamod:SkipABeat+1"],"picked":"hexamod:InspiringFlames+1","floor":26},{"not_picked":["hexamod:NightmareGuise","hexamod:GhostShield+1","hexamod:NecessarySacrifice"],"picked":"SKIP","floor":26},{"not_picked":["hexamod:GhostOfSpireFuture","hexamod:BacktrackSmack"],"picked":"hexamod:FourthSeal","floor":28},{"not_picked":["hexamod:ParanormalForm","hexamod:AdvancingGuard","hexamod:GhostShield+1"],"picked":"SKIP","floor":28},{"not_picked":["hexamod:ShieldOfDarkness","hexamod:NightmareGuise"],"picked":"hexamod:Firestarter+1","floor":30},{"not_picked":["hexamod:EtherealExpedition+1","hexamod:NecessarySacrifice+1"],"picked":"hexamod:FlamesFromBeyond","floor":30},{"not_picked":["hexamod:SuperheatedStrike","hexamod:BacktrackSmack"],"picked":"hexamod:ThermalTransfer+1","floor":31},{"not_picked":["hexamod:Toasty","hexamod:HeatShield+1","hexamod:InspiringFlames"],"picked":"SKIP","floor":31},{"not_picked":["hexamod:FastForward+1","hexamod:SpectralSpark"],"picked":"hexamod:Haunt","floor":32},{"not_picked":["hexamod:ShieldOfDarkness","hexamod:ThermalTransfer","hexamod:FastForward+1"],"picked":"SKIP","floor":32}],"player_experience":586064,"relics_obtained":[{"floor":7,"key":"hexamod:InflammatoryLetter"},{"floor":8,"key":"Shuriken"},{"floor":24,"key":"White Beast Statue"}],"event_choices":[{"damage_healed":0,"gold_gain":0,"player_choice":"Trade","damage_taken":0,"relics_obtained":["CultistMask"],"max_hp_gain":0,"max_hp_loss":0,"event_name":"FaceTrader","floor":20,"gold_loss":0}],"is_beta":false,"boss_relics":[{"not_picked":["Philosopher\u0027s Stone","Velvet Choker"],"picked":"hexamod:IceCube"}],"items_purged_floors":[10,31],"is_endless":false,"potions_floor_spawned":[3,8,9,16,19,26,28,30,31,32],"killed_by":"SI_MIRROR_ARCHETYPE","ascension_level":3}}