{"host":"wogey4gsknv4ot2d","time":1611484170,"event":{"mods":["2.2 Compatiblity","AchievementEnabler","Alarm Clock","BaseMod","Bestiary","Better Match","Better Third Choice","Colored Map","Colored Powertips","Googly Eyes","Key Reminder","Minty Spire (QoL Compilation)","Permanent Neow","Rare Cards Sparkle","Relic Stats","StSLib"],"gold_per_floor":[115,135,135,154,4,4,38,53,80,80,94,94,128,138,138,138,138],"floor_reached":16,"language":"ENG","playtime":469,"items_purged":[],"score":112,"play_id":"bde140f5-04db-48ae-a8a2-1063d5d9dc69","local_time":"20210124042930","is_ascension_mode":false,"campfire_choices":[{"floor":6,"key":"RECALL"},{"floor":10,"key":"REST"},{"floor":15,"key":"REST"}],"circlet_count":0,"master_deck":["Strike_G","Strike_G","Strike_G","Strike_G","Strike_G","Defend_G","Defend_G","Defend_G","Defend_G","Defend_G","Survivor","Neutralize","Sucker Punch","Backstab","Outmaneuver","Bouncing Flask","Poisoned Stab","Outmaneuver"],"relics":["Ring of the Snake","Juzu Bracelet","Bronze Scales","Dream Catcher"],"acts_visited":["Exordium"],"potions_floor_usage":[0,7,7,13,13,14],"damage_taken":[{"damage":1,"enemies":"Small Slimes","floor":1,"turns":4},{"damage":0,"enemies":"2 Louse","floor":2,"turns":4},{"damage":5,"enemies":"Jaw Worm","floor":4,"turns":5},{"damage":10,"enemies":"Gremlin Nob","floor":7,"turns":3},{"damage":0,"enemies":"Blue Slaver","floor":8,"turns":3},{"damage":2,"enemies":"Looter","floor":11,"turns":3},{"damage":66,"enemies":"Lagavulin","floor":13,"turns":15},{"damage":4,"enemies":"2 Fungi Beasts","floor":14,"turns":3},{"damage":26,"enemies":"Slime Boss","floor":16,"turns":3}],"seed_played":"-6890005906375012172","potions_obtained":[{"floor":0,"key":"EntropicBrew"},{"floor":0,"key":"Swift Potion"},{"floor":11,"key":"Weak Potion"},{"floor":13,"key":"GhostInAJar"}],"is_trial":false,"path_per_floor":["M","M","?","M","$","R","E","M","T","R","M","?","E","M","R","B"],"character_chosen":"THE_SILENT","items_purchased":["Juzu Bracelet"],"campfire_rested":2,"item_purchase_floors":[5],"current_hp_per_floor":[69,69,74,69,69,69,59,59,59,75,73,73,7,3,25,0,0],"gold":138,"neow_bonus":"THREE_SMALL_POTIONS","is_daily":false,"chose_seed":false,"campfire_upgraded":0,"win_rate":0.0,"timestamp":1611484170,"path_taken":["M","M","?","M","$","R","E","M","T","R","M","?","E","M","R","BOSS"],"items_purchased_type":["Relic"],"build_version":"2020-12-22","purchased_purges":0,"victory":false,"max_hp_per_floor":[70,70,75,75,75,75,75,75,75,75,75,75,75,75,75,75,75],"relic_stats":{"Dream Catcher":1,"counters":[9,43],"Bronze Scales":[53],"Juzu Bracelet":0,"obtain_stats":[{"keyreminder:keyreminder":6,"Dream Catcher":13,"Bronze Scales":7,"Juzu Bracelet":5,"Ring of the Snake":0},{"keyreminder:keyreminder":3,"Dream Catcher":7,"Bronze Scales":4,"Juzu Bracelet":3,"Ring of the Snake":0},{"keyreminder:keyreminder":13,"Dream Catcher":37,"Bronze Scales":16,"Juzu Bracelet":13,"Ring of the Snake":0}],"Ring of the Snake":[18]},"card_choices":[{"not_picked":["Dodge and Roll","Slice","Finisher"],"picked":"SKIP","floor":1},{"not_picked":["Infinite Blades","Calculated Gamble"],"picked":"Sucker Punch","floor":2},{"not_picked":["Dagger Spray","PiercingWail","Quick Slash"],"picked":"SKIP","floor":4},{"not_picked":["Caltrops","Blur"],"picked":"Backstab","floor":7},{"not_picked":["Heel Hook","All Out Attack"],"picked":"Outmaneuver","floor":8},{"not_picked":["Tactician","Slice","PiercingWail"],"picked":"SKIP","floor":11},{"not_picked":["After Image","Cloak And Dagger"],"picked":"Bouncing Flask","floor":13},{"not_picked":["Backflip","Predator"],"picked":"Poisoned Stab","floor":14},{"not_picked":["Backflip","Flying Knee"],"picked":"Outmaneuver","floor":15}],"player_experience":78864,"relics_obtained":[{"floor":7,"key":"Bronze Scales"},{"floor":13,"key":"Dream Catcher"}],"event_choices":[{"damage_healed":0,"gold_gain":0,"player_choice":"Donut","damage_taken":0,"max_hp_gain":5,"max_hp_loss":0,"event_name":"Big Fish","floor":3,"gold_loss":0},{"damage_healed":0,"gold_gain":0,"player_choice":"Searched \u00270\u0027 times","damage_taken":0,"max_hp_gain":0,"max_hp_loss":0,"event_name":"Dead Adventurer","floor":12,"gold_loss":0}],"is_beta":false,"boss_relics":[],"items_purged_floors":[],"is_endless":false,"potions_floor_spawned":[4,11,13],"killed_by":"Slime Boss","ascension_level":0}}