{"host":"iy0764csshny54kk","time":1611472037,"event":{"mods":["100% Spire Juice","Arknights The Spire","BaseMod","Bestiary","Better Altar","Better Sensory Stone","Better Skull","Better Third Choice","Block Reminder","Colored Powertips","Downfall","Highlight Path","Minty Spire (QoL Compilation)","Relic Sorter","StS++","StSLib","The Alterego","The Hierophant","The Marked"],"gold_per_floor":[126,154,154,185,220,240,240,16,67,67,67,161,209,147,147,207,207,249,300,32,32,32,32,93,93,93,141,141,216,283,16,16,174,174,250,303,383,383,383,383,435,435,435,435,435,517,93,198,198,194],"floor_reached":51,"language":"ENG","playtime":5438,"items_purged":["hierophant:FieryStrike","hierophant:HammerAndAnvil+1"],"score":1011,"play_id":"f2c2b1c1-c1ce-4fc0-9fdc-e957e27df9d8","local_time":"20210124000717","daily_mods":["Draft"],"is_ascension_mode":false,"campfire_choices":[{"floor":7,"key":"REST"},{"data":"hierophant:PristineSoul","floor":10,"key":"SMITH"},{"data":"hierophant:Community","floor":15,"key":"SMITH"},{"data":"hierophant:Charity","floor":23,"key":"SMITH"},{"data":"hierophant:Smite","floor":25,"key":"SMITH"},{"data":"hierophant:Charity","floor":28,"key":"SMITH"},{"floor":32,"key":"REST"},{"data":"hierophant:TollTheBells","floor":40,"key":"SMITH"},{"floor":42,"key":"REST"},{"data":"hierophant:Smite","floor":44,"key":"SMITH"},{"data":"hierophant:Glossolalia","floor":49,"key":"SMITH"}],"circlet_count":0,"master_deck":["hierophant:Smite+1","hierophant:PassingBell","hierophant:TollTheBells+1","hierophant:Empathy","hierophant:PassingBell","hierophant:Zeal","hierophant:Doubloon","hierophant:RepressedViolence","hierophant:PristineSoul+1","hierophant:Shelter","hierophant:Smite+1","hierophant:Endure","hierophant:Smite","hierophant:Zeal","hierophant:Doubloon","hierophant:RepressedViolence+1","hierophant:Levitation","hierophant:Flagellation","hierophant:RepressedViolence+1","hierophant:OrnateBuckler","hierophant:HolyVerse+1","hierophant:SealAway","hierophant:OrnateBuckler+1","hierophant:Doubloon+1","hierophant:Charity+1","hierophant:Community+1","hierophant:Cornucopia+1","hierophant:PristineSoul+1","hierophant:RustyCrate+1","hierophant:Doubloon+1","hierophant:Doubloon+1","hierophant:Shelter+1","hierophant:Doubloon+1","hierophant:Charity+1","hierophant:Smite","hierophant:MirrorShield+1","hierophant:Charity","hierophant:Doubloon+1","hierophant:MintersHammer","hierophant:HolyVerse+1","hierophant:OrnateBuckler+1","hierophant:Exaltation+1","Finesse+1","hierophant:MorningPrayer+1","hierophant:Doubloon+1","hierophant:Glossolalia+1","hierophant:Doubloon+1"],"relics":["hierophant:PropheticMaskRelic","Golden Idol","The Courier","Toxic Egg 2","Whetstone","Potion Belt","bronze:MakeshiftBattery","Bottled Tornado","StrikeDummy","StSpp:SailingBoat","Pantograph","FossilizedHelix","Sundial","SacredBark","Lizard Tail","Mummified Hand","Meat on the Bone","CaptainsWheel"],"acts_visited":["Exordium","TheCity","TheBeyond"],"potions_floor_usage":[29,29,30,33,37,46,46],"damage_taken":[{"damage":6,"enemies":"Cultist","floor":1,"turns":3},{"damage":0,"enemies":"Small Slimes","floor":2,"turns":2},{"damage":11,"enemies":"Jaw Worm","floor":4,"turns":2},{"damage":0,"enemies":"3 Louse","floor":5,"turns":1},{"damage":5,"enemies":"Lagavulin","floor":6,"turns":5},{"damage":8,"enemies":"Gremlin Nob","floor":12,"turns":3},{"damage":1,"enemies":"Exordium Thugs","floor":13,"turns":4},{"damage":18,"enemies":"Slime Boss","floor":16,"turns":4},{"damage":0,"enemies":"Chosen","floor":18,"turns":3},{"damage":0,"enemies":"Spheric Guardian","floor":19,"turns":3},{"damage":0,"enemies":"Gremlin Leader","floor":24,"turns":4},{"damage":20,"enemies":"Chosen and Byrds","floor":27,"turns":4},{"damage":37,"enemies":"Book of Stabbing","floor":29,"turns":6},{"damage":0,"enemies":"Centurion and Healer","floor":30,"turns":3},{"damage":7,"enemies":"Champ","floor":33,"turns":13},{"damage":0,"enemies":"3 Shapes","floor":35,"turns":4},{"damage":0,"enemies":"2 Orb Walkers","floor":36,"turns":4},{"damage":18,"enemies":"3 Darklings","floor":37,"turns":2},{"damage":26,"enemies":"Reptomancer","floor":41,"turns":7},{"damage":0,"enemies":"Transient","floor":46,"turns":5},{"damage":0,"enemies":"Jaw Worm Horde","floor":48,"turns":3},{"damage":0,"enemies":"Donu and Deca","floor":50,"turns":4}],"seed_played":"-489568772722496302","potions_obtained":[{"floor":5,"key":"Explosive Potion"},{"floor":6,"key":"GamblersBrew"},{"floor":16,"key":"champ:CounterPotion"},{"floor":18,"key":"SteroidPotion"},{"floor":19,"key":"GamblersBrew"},{"floor":27,"key":"SteroidPotion"},{"floor":36,"key":"Weak Potion"},{"floor":37,"key":"DuplicationPotion"},{"floor":46,"key":"LiquidBronze"}],"is_trial":true,"path_per_floor":["M","M","?","M","M","E","R","$","T","R","?","?","M","$","R","B",null,"M","M","$","?","?","R","E","R","T","M","R","E","M","$","R","B",null,"M","?","M","?","?","R","E","R","T","R","?","M","$","M","R","B",null],"character_chosen":"HIEROPHANT","items_purchased":["hierophant:OrnateBuckler","Toxic Egg 2","hierophant:Community","Bottled Tornado","Sundial","hierophant:Charity","hierophant:Doubloon+1","hierophant:Glossolalia","CaptainsWheel"],"campfire_rested":3,"item_purchase_floors":[8,8,14,20,31,31,47,47,47],"current_hp_per_floor":[69,69,51,40,40,35,57,57,57,57,57,49,48,48,48,30,75,75,75,75,75,75,75,75,75,75,55,55,18,18,18,40,58,75,75,75,57,57,57,57,31,53,53,53,53,53,53,53,53,75],"gold":194,"neow_bonus":"","is_daily":false,"chose_seed":false,"campfire_upgraded":8,"win_rate":0.0,"timestamp":1611472037,"path_taken":["M","M","?","M","M","E","R","$","T","R","?","?","M","$","R","BOSS","M","M","$","?","?","R","E","R","T","?","R","E","?","$","R","BOSS","M","?","M","?","?","R","E","R","T","R","?","?","?","M","R","BOSS"],"items_purchased_type":["Card","Relic","Card","Relic","Relic","Card","Card","Card","Relic"],"build_version":"2020-12-22","purchased_purges":2,"victory":true,"max_hp_per_floor":[75,75,75,75,75,75,75,75,75,75,75,75,75,75,75,75,75,75,75,75,75,75,75,75,75,75,75,75,75,75,75,75,75,75,75,75,75,75,75,75,75,75,75,75,75,75,75,75,75,75],"card_choices":[{"not_picked":["hierophant:Purify","hierophant:Sermon"],"picked":"hierophant:Smite","floor":0},{"not_picked":["hierophant:Encroach","hierophant:Purify"],"picked":"hierophant:PassingBell","floor":0},{"not_picked":["hierophant:AuricBeam","hierophant:Shelter"],"picked":"hierophant:TollTheBells","floor":0},{"not_picked":["hierophant:FieryStrike","hierophant:Prophecy"],"picked":"hierophant:Empathy","floor":0},{"not_picked":["hierophant:Remorse","hierophant:Doubloon"],"picked":"hierophant:PassingBell","floor":0},{"not_picked":["hierophant:ConvertCurrency","hierophant:SecretStash"],"picked":"hierophant:Zeal","floor":0},{"not_picked":["hierophant:Remorse","hierophant:Sermon"],"picked":"hierophant:Doubloon","floor":0},{"not_picked":["hierophant:ThreeLashes","hierophant:PassingBell"],"picked":"hierophant:RepressedViolence","floor":0},{"not_picked":["hierophant:SealAway","hierophant:FieryStrike"],"picked":"hierophant:PristineSoul","floor":0},{"not_picked":["hierophant:FieryStrike","hierophant:RustyCrate"],"picked":"hierophant:Shelter","floor":0},{"not_picked":["hierophant:Mercenaries","hierophant:PassingBell"],"picked":"hierophant:Smite","floor":0},{"not_picked":["hierophant:Sermon","hierophant:ThreeLashes"],"picked":"hierophant:Endure","floor":0},{"not_picked":["hierophant:Chorus","hierophant:RepressedViolence"],"picked":"hierophant:Smite","floor":0},{"not_picked":["hierophant:Bribe","hierophant:Mercenaries"],"picked":"hierophant:Zeal","floor":0},{"not_picked":["hierophant:FieryStrike","hierophant:OrnateJavelin"],"picked":"hierophant:Doubloon","floor":0},{"not_picked":["hierophant:FaithHealing","hierophant:Shelter"],"picked":"hierophant:RepressedViolence","floor":1},{"not_picked":["hierophant:Empathy","hierophant:FlamingChariot","hierophant:HammerAndAnvil"],"picked":"SKIP","floor":2},{"not_picked":["hierophant:CoinFling","hierophant:Endure"],"picked":"hierophant:Levitation","floor":4},{"not_picked":["hierophant:FlamingChariot","hierophant:SecretStash"],"picked":"hierophant:Flagellation","floor":5},{"not_picked":["hierophant:SealAway","hierophant:Zeal"],"picked":"hierophant:RepressedViolence","floor":6},{"not_picked":["hierophant:Upheaval","hierophant:CursedGold"],"picked":"hierophant:WrathOfGod","floor":12},{"not_picked":["hierophant:Doubloon+1","hierophant:Doomsaying+1"],"picked":"hierophant:Charity","floor":13},{"not_picked":["hierophant:Invocation+1","hierophant:DeathKnell+1"],"picked":"hierophant:Cornucopia+1","floor":16},{"not_picked":["hierophant:Martyrdom+1","hierophant:Encroach+1"],"picked":"hierophant:PristineSoul+1","floor":18},{"not_picked":["hierophant:RecallFunds+1","hierophant:Remorse"],"picked":"hierophant:RustyCrate+1","floor":19},{"not_picked":["hierophant:ArchangelShield","hierophant:Endure+1"],"picked":"hierophant:Shelter+1","floor":24},{"not_picked":["hierophant:ConvertCurrency+1","hierophant:SolarFlare"],"picked":"hierophant:Charity","floor":27},{"not_picked":["hierophant:RepressedViolence+1","hierophant:EyeForCoin+1"],"picked":"hierophant:Smite","floor":29},{"not_picked":["hierophant:AuricBeam","hierophant:PassingBell"],"picked":"hierophant:MirrorShield+1","floor":30},{"not_picked":["hierophant:DeathKnell+1","hierophant:LocustPlague"],"picked":"hierophant:MintersHammer","floor":33},{"not_picked":["hierophant:DisplayOfPower+1","hierophant:SealAway+1"],"picked":"hierophant:HolyVerse+1","floor":35},{"not_picked":["hierophant:Doomsaying+1","hierophant:Blessing+1"],"picked":"hierophant:OrnateBuckler+1","floor":36},{"not_picked":["hierophant:Community+1","hierophant:Invocation+1"],"picked":"hierophant:Exaltation+1","floor":37},{"not_picked":["StSpp:Resilience","Madness+1"],"picked":"Finesse+1","floor":38},{"not_picked":["hierophant:Rebuild+1","hierophant:Shelter+1","hierophant:Upheaval"],"picked":"SKIP","floor":41},{"not_picked":["hierophant:Martyrdom+1","hierophant:HammerAndAnvil+1"],"picked":"hierophant:MorningPrayer+1","floor":46},{"not_picked":["hierophant:ThreeLashes+1","hierophant:DisplayOfPower"],"picked":"hierophant:Doubloon+1","floor":48}],"player_experience":187002,"relics_obtained":[{"floor":6,"key":"The Courier"},{"floor":9,"key":"Whetstone"},{"floor":12,"key":"Potion Belt"},{"floor":24,"key":"StSpp:SailingBoat"},{"floor":26,"key":"Pantograph"},{"floor":29,"key":"FossilizedHelix"},{"floor":36,"key":"Lizard Tail"},{"floor":41,"key":"Mummified Hand"},{"floor":43,"key":"Meat on the Bone"}],"event_choices":[{"damage_healed":0,"gold_gain":0,"player_choice":"Take Damage","damage_taken":18,"relics_obtained":["Golden Idol"],"max_hp_gain":0,"max_hp_loss":0,"event_name":"Golden Idol","floor":3,"gold_loss":0},{"damage_healed":0,"gold_gain":30,"player_choice":"Searched \u00272\u0027 times","damage_taken":0,"max_hp_gain":0,"max_hp_loss":0,"event_name":"Dead Adventurer","floor":12,"gold_loss":0},{"damage_healed":0,"gold_gain":0,"player_choice":"Gave Potion","damage_taken":0,"relics_obtained":["StrikeDummy"],"max_hp_gain":0,"max_hp_loss":0,"event_name":"WeMeetAgain","floor":22,"gold_loss":0},{"damage_healed":0,"gold_gain":0,"player_choice":"Fight","damage_taken":0,"max_hp_gain":0,"max_hp_loss":0,"event_name":"Mysterious Sphere","floor":36,"gold_loss":0},{"damage_healed":0,"gold_gain":3,"player_choice":"1","damage_taken":0,"max_hp_gain":0,"max_hp_loss":0,"event_name":"betterStone:BetterStone","floor":38,"gold_loss":0},{"damage_healed":0,"gold_gain":0,"player_choice":"Ignored","damage_taken":0,"max_hp_gain":0,"max_hp_loss":0,"event_name":"Tomb of Lord Red Mask","floor":39,"gold_loss":0},{"cards_removed":["hierophant:WrathOfGod"],"damage_healed":0,"gold_gain":0,"player_choice":"Card Removal","damage_taken":0,"max_hp_gain":0,"max_hp_loss":0,"event_name":"Wheel of Change","floor":45,"gold_loss":0}],"is_beta":false,"boss_relics":[{"not_picked":["Busted Crown","SlaversCollar"],"picked":"bronze:MakeshiftBattery"},{"not_picked":["Runic Pyramid","Calling Bell"],"picked":"SacredBark"}],"items_purged_floors":[20,47],"is_endless":false,"potions_floor_spawned":[5,6,16,18,19,27,36,37,46],"ascension_level":0}}