{"host":"b4vwm7jq6jdk6nca","time":1611513896,"event":{"mods":["Act Like it!","BaseMod","Downfall","Minty Spire (QoL Compilation)","Quick Restart","Relic Filter Mod","StSLib","TestMod","The Cursed","[IsaacMod]以撒尖塔","vexMod"],"gold_per_floor":[119,119,519,534,534,562,562,587,658,685,702,381,381,398,398,502,502,522,542,542,79,92,92,121,135,215,250,262,262,279,305,305,406,406,419,242,257,277,152,152,168,202,202,252,102,122,172,183,183,183,183,183,8,33,33],"floor_reached":56,"language":"ZHS","playtime":2503,"items_purged":["Strike_R","Strike_R","Strike_R","Strike_R","Strike_R"],"score":1435,"play_id":"1b3d7e23-db5a-4f24-8cb4-b97e5b212ddf","local_time":"20210125024456","is_ascension_mode":true,"campfire_choices":[{"data":"Inflame","floor":7,"key":"SMITH"},{"data":"Bash","floor":15,"key":"SMITH"},{"data":"Demon Form","floor":23,"key":"SMITH"},{"data":"Heavy Blade","floor":29,"key":"SMITH"},{"data":"Flex","floor":32,"key":"SMITH"},{"data":"Limit Break","floor":40,"key":"SMITH"},{"floor":49,"key":"RECALL"},{"data":"Whirlwind","floor":52,"key":"SMITH"}],"circlet_count":0,"master_deck":["Defend_R","Defend_R","Defend_R","Bash+1","Clash","Flex+1","Inflame+1","Battle Trance","Carnage","Offering","Bloodletting","Heavy Blade+1","Demon Form+1","Armaments","Blood for Blood","Berserk","Heavy Blade+1","Ghostly Armor","Limit Break+1","Whirlwind","Dual Wield+1","Whirlwind+1","Brutality","Flex+1","Spot Weakness+1"],"relics":["HushsDoor","expansioncontent:StudyCardRelic","YumHeart","testmod-TimeTraveler","Toy Ornithopter","Bag of Preparation","Bottled Lightning","Chaos","hexamod:CandleOfCauterizing","Succubus","Chemical X","testmod-Fortitude","TheBible","Du-Vu Doll","DeathBook","Leech","Tingsha","Singing Bowl","Cracked Core","Coffee Dripper","testmod-BlackFramedGlasses"],"acts_visited":["Exordium","TheCity","TheBeyond","TheEnding"],"potions_floor_usage":[19,19,27,27,33,50,55],"damage_taken":[{"damage":4.0,"enemies":"2 Louse","floor":1.0,"turns":2.0},{"damage":6.0,"enemies":"Jaw Worm","floor":4.0,"turns":2.0},{"damage":14,"enemies":"Gremlin Nob","floor":6,"turns":3},{"damage":20,"enemies":"Lagavulin","floor":8,"turns":4},{"damage":0,"enemies":"3 Sentries","floor":10,"turns":4},{"damage":0,"enemies":"Small Slimes","floor":11,"turns":2},{"damage":3,"enemies":"Exordium Thugs","floor":14,"turns":3},{"damage":53,"enemies":"The Guardian","floor":16,"turns":4},{"damage":9,"enemies":"Spheric Guardian","floor":18,"turns":1},{"damage":0,"enemies":"2 Thieves","floor":19,"turns":3},{"damage":6,"enemies":"Snecko","floor":22,"turns":2},{"damage":15,"enemies":"Book of Stabbing","floor":24,"turns":3},{"damage":20,"enemies":"Snake Plant","floor":25,"turns":2},{"damage":11,"enemies":"Gremlin Leader","floor":27,"turns":2},{"damage":7,"enemies":"Shelled Parasite and Fungi","floor":28,"turns":3},{"damage":6,"enemies":"Sentry and Sphere","floor":30,"turns":1},{"damage":27,"enemies":"Slavers","floor":31,"turns":2},{"damage":6,"enemies":"Collector","floor":33,"turns":3},{"damage":0,"enemies":"3 Shapes","floor":35,"turns":1},{"damage":0,"enemies":"Orb Walker","floor":37,"turns":1},{"damage":3,"enemies":"Transient","floor":38,"turns":5},{"damage":0,"enemies":"Sphere and 2 Shapes","floor":41,"turns":2},{"damage":6,"enemies":"Reptomancer","floor":42,"turns":2},{"damage":9,"enemies":"Mind Bloom Boss Battle","floor":44,"turns":2},{"damage":37,"enemies":"4 Shapes","floor":46,"turns":3},{"damage":0,"enemies":"Hiden Room Battle","floor":47,"turns":1},{"damage":0,"enemies":"3 Darklings","floor":48,"turns":1},{"damage":47,"enemies":"Donu and Deca","floor":50,"turns":3},{"damage":12,"enemies":"Shield and Spear","floor":54,"turns":2},{"damage":85,"enemies":"The Heart","floor":55,"turns":6}],"seed_played":"-7305550510264892058","potions_obtained":[{"floor":8,"key":"Slimebound:ThreeZeroPotion"},{"floor":10,"key":"testmod-TimePotion"},{"floor":16,"key":"Dexterity Potion"},{"floor":22,"key":"SpeedPotion"},{"floor":24,"key":"Fire Potion"},{"floor":25,"key":"DistilledChaos"},{"floor":27,"key":"Fire Potion"},{"floor":28,"key":"champ:CounterPotion"},{"floor":35,"key":"DuplicationPotion"}],"is_trial":false,"path_per_floor":["M","?","?","M","?","E","R","E","T","E","M","$","$","M","R","B",null,"M","M","?","$","M","R","E","M","T","E","M","R","M","E","R","B",null,"M","$","M","M","$","R","M","E","T","?","$","M","?","M","R","B",null,"R","$","E","B",null],"character_chosen":"IRONCLAD","items_purchased":["Chaos","Bloodletting","Heavy Blade","Succubus","Berserk","DeathBook","Whirlwind","Whirlwind"],"campfire_rested":0,"item_purchase_floors":[12,12,12,21,21,34,34,36],"current_hp_per_floor":[76,76,76,70,80,66,66,71,71,71,71,71,71,68,68,15,80,71,80,80,80,74,74,59,64,64,63,56,56,50,48,48,47,67,67,67,67,64,64,64,64,58,58,52,52,44,29,31,31,19,73,73,73,61,17],"gold":33,"neow_bonus":"BOSS_RELIC","is_daily":false,"chose_seed":false,"campfire_upgraded":7,"win_rate":0.0,"timestamp":1611513896,"path_taken":["M","?","?","M","?","E","R","E","T","E","?","?","$","M","R","BOSS","M","M","?","$","M","R","E","M","T","E","?","R","M","E","R","BOSS","M","$","M","M","$","R","M","E","T","?","?","M","?","M","R","BOSS","R","$","E","BOSS"],"items_purchased_type":["Card","Card","Card","Relic","Card","Relic","Card","Card"],"build_version":"2020-12-22","purchased_purges":5,"victory":true,"max_hp_per_floor":[80,80,80,80,80,80,80,80,80,80,80,80,80,80,80,80,80,80,80,80,80,80,80,80,80,80,80,80,80,80,80,80,80,67,67,67,67,67,67,67,67,67,67,69,69,71,71,73,73,73,73,73,73,73,73],"card_choices":[{"not_picked":["Flex","Perfected Strike"],"picked":"Clash","floor":1.0},{"not_picked":["Shrug It Off","True Grit"],"picked":"Flex","floor":4.0},{"not_picked":["Sword Boomerang","Twin Strike"],"picked":"Inflame","floor":6},{"not_picked":["Reckless Charge","Headbutt"],"picked":"Battle Trance","floor":8},{"not_picked":["Armaments","Entrench"],"picked":"Carnage","floor":10},{"not_picked":["Wild Strike","Heavy Blade"],"picked":"Offering","floor":11},{"not_picked":["Rampage","Thunderclap","True Grit"],"picked":"SKIP","floor":14},{"not_picked":["Double Tap","Offering"],"picked":"Demon Form","floor":16},{"not_picked":["Reckless Charge+1","Sword Boomerang"],"picked":"Armaments","floor":18},{"not_picked":["Reckless Charge","Disarm","Shrug It Off"],"picked":"SKIP","floor":19},{"not_picked":["Shockwave","Body Slam"],"picked":"Heavy Blade+1","floor":22},{"not_picked":["Iron Wave","Cleave","Battle Trance"],"picked":"SKIP","floor":24},{"not_picked":["Warcry","Dark Embrace","Evolve+1"],"picked":"SKIP","floor":25},{"not_picked":["Thunderclap","Power Through","Dark Embrace+1"],"picked":"SKIP","floor":27},{"not_picked":["Feel No Pain","Metallicize","Combust"],"picked":"SKIP","floor":28},{"not_picked":["Flex","Wild Strike+1","Anger+1"],"picked":"SKIP","floor":30},{"not_picked":["Wild Strike","Barricade"],"picked":"Ghostly Armor","floor":31},{"not_picked":["Double Tap","Brutality"],"picked":"Limit Break","floor":33},{"not_picked":["True Grit+1","Heavy Blade+1"],"picked":"Dual Wield+1","floor":35},{"not_picked":["Disarm","Havoc+1","Perfected Strike+1"],"picked":"SKIP","floor":37},{"not_picked":["Thunderclap+1","Rampage","Intimidate+1"],"picked":"SKIP","floor":38},{"not_picked":["Dark Embrace+1","Twin Strike","Clothesline"],"picked":"SKIP","floor":41},{"not_picked":["Thunderclap+1","True Grit"],"picked":"Brutality","floor":42},{"not_picked":["Uppercut","Dual Wield+1","Power Through"],"picked":"Singing Bowl","floor":44},{"not_picked":["Dropkick","Pommel Strike+1","True Grit"],"picked":"Singing Bowl","floor":46},{"not_picked":["Heavy Blade+1","Iron Wave+1"],"picked":"Flex+1","floor":47},{"not_picked":["Pommel Strike+1","Clash+1","Headbutt+1"],"picked":"Singing Bowl","floor":48},{"not_picked":["Power Through+1","Dual Wield"],"picked":"Spot Weakness+1","floor":54}],"player_experience":264801,"relics_obtained":[{"floor":6,"key":"Toy Ornithopter"},{"floor":8,"key":"Bag of Preparation"},{"floor":10,"key":"Bottled Lightning"},{"floor":24,"key":"Chemical X"},{"floor":26,"key":"testmod-Fortitude"},{"floor":27,"key":"TheBible"},{"floor":42,"key":"Leech"},{"floor":43,"key":"Tingsha"},{"floor":44,"key":"Singing Bowl"},{"floor":47,"key":"Cracked Core"},{"floor":47,"key":"Coffee Dripper"},{"floor":54,"key":"testmod-BlackFramedGlasses"}],"event_choices":[{"cards_removed":["Defend_R"],"damage_healed":0.0,"max_hp_gain":0.0,"max_hp_loss":0.0,"gold_gain":0.0,"event_name":"Living Wall","player_choice":"Forget","floor":2.0,"gold_loss":0.0,"damage_taken":0.0},{"damage_healed":0.0,"max_hp_gain":0.0,"max_hp_loss":0.0,"gold_gain":400.0,"event_name":"恩洛斯的盘子","player_choice":"Sell","floor":3.0,"relics_lost":["testmod-TestBox"],"gold_loss":0.0,"damage_taken":0.0},{"damage_healed":10,"gold_gain":0,"player_choice":"Full Heal","damage_taken":0,"max_hp_gain":0,"max_hp_loss":0,"event_name":"Wheel of Change","floor":5,"gold_loss":0},{"damage_healed":0,"gold_gain":0,"player_choice":"Read","damage_taken":0,"max_hp_gain":0,"max_hp_loss":0,"event_name":"The Library","floor":20,"gold_loss":0,"cards_obtained":["Blood for Blood"]},{"damage_healed":0,"gold_gain":0,"player_choice":"Fight","damage_taken":0,"max_hp_gain":0,"max_hp_loss":0,"event_name":"MindBloom","floor":44,"gold_loss":0},{"damage_healed":0,"gold_gain":0,"player_choice":"Fight","damage_taken":0,"max_hp_gain":0,"max_hp_loss":0,"event_name":"HidenRoomEvent","floor":47,"gold_loss":0}],"is_beta":false,"boss_relics":[{"not_picked":["Omamori","Self Forming Clay"],"picked":"hexamod:CandleOfCauterizing"},{"not_picked":[]},{"not_picked":["Darkstone Periapt","vexMod:BarristanHead"],"picked":"Du-Vu Doll"},{"not_picked":[]}],"items_purged_floors":[12,36,39,45,53],"is_endless":false,"potions_floor_spawned":[8,10,16,22,24,25,27,28,35,38,42,44],"ascension_level":1}}