{"host":"o3n4et6u1y1w2h5j","time":1611525740,"event":{"mods":["AchievementEnabler","BaseMod","Minty Spire (QoL Compilation)","StSLib"],"gold_per_floor":[119,139,154,172,152,186,186,42,42,42,61,72,72,82,82,177,177,192,41,59,74,91,91,101,101,101,120,120,120,136,36,36,131,131,146,146,78,97,50,78,95,95,95,95,114,129,0,15,15,15],"floor_reached":51,"language":"ENG","playtime":3275,"items_purged":["Strike_B","Defend_B"],"score":710,"play_id":"727edb11-a059-4690-a1f9-d7f2e4a8c91c","local_time":"20210124140220","is_ascension_mode":false,"campfire_choices":[{"data":"Consume","floor":7,"key":"SMITH"},{"data":"Chill","floor":10,"key":"SMITH"},{"floor":15,"key":"REST"},{"floor":23,"key":"REST"},{"data":"Biased Cognition","floor":25,"key":"SMITH"},{"floor":28,"key":"REST"},{"data":"Hologram","floor":32,"key":"SMITH"},{"floor":42,"key":"REST"},{"data":"Chaos","floor":44,"key":"SMITH"},{"data":"Seek","floor":49,"key":"SMITH"}],"circlet_count":0,"master_deck":["Strike_B","Strike_B","Strike_B","Defend_B","Defend_B","Zap","Dualcast","Capacitor","Ball Lightning","Cold Snap","Consume+1","Chill+1","Biased Cognition+1","Chaos+1","Static Discharge","Amplify","Cold Snap","BootSequence","Hologram+1","Gash","Storm","Seek+1","Ball Lightning+1","Dramatic Entrance","Master of Strategy","Blizzard","Heatsinks+1","Redo","Defragment+1","Conserve Battery"],"relics":["Cracked Core","NeowsBlessing","Ornamental Fan","CaptainsWheel","Inserter","OrangePellets","Bottled Tornado","Runic Dome","Torii","Toy Ornithopter","Red Mask"],"acts_visited":["Exordium","TheCity","TheBeyond"],"potions_floor_usage":[6,11,16,22,22,30,35],"damage_taken":[{"damage":0,"enemies":"Cultist","floor":1,"turns":1},{"damage":0,"enemies":"Jaw Worm","floor":2,"turns":1},{"damage":0,"enemies":"2 Louse","floor":3,"turns":1},{"damage":10,"enemies":"2 Fungi Beasts","floor":4,"turns":3},{"damage":24,"enemies":"Gremlin Nob","floor":6,"turns":4},{"damage":13,"enemies":"Exordium Thugs","floor":11,"turns":4},{"damage":0,"enemies":"Gremlin Gang","floor":12,"turns":4},{"damage":10,"enemies":"Looter","floor":14,"turns":2},{"damage":9,"enemies":"Hexaghost","floor":16,"turns":7},{"damage":8,"enemies":"Spheric Guardian","floor":18,"turns":4},{"damage":21,"enemies":"2 Thieves","floor":20,"turns":4},{"damage":15,"enemies":"Cultist and Chosen","floor":21,"turns":6},{"damage":13,"enemies":"Snake Plant","floor":22,"turns":3},{"damage":0,"enemies":"Centurion and Healer","floor":24,"turns":8},{"damage":11,"enemies":"Shelled Parasite and Fungi","floor":27,"turns":6},{"damage":0,"enemies":"Chosen and Byrds","floor":30,"turns":7},{"damage":0,"enemies":"Collector","floor":33,"turns":12},{"damage":0,"enemies":"3 Shapes","floor":35,"turns":4},{"damage":0,"enemies":"3 Darklings","floor":38,"turns":5},{"damage":34,"enemies":"Reptomancer","floor":40,"turns":6},{"damage":1,"enemies":"Jaw Worm Horde","floor":41,"turns":4},{"damage":0,"enemies":"4 Shapes","floor":45,"turns":4},{"damage":0,"enemies":"Transient","floor":46,"turns":5},{"damage":0,"enemies":"3 Darklings","floor":48,"turns":5},{"damage":16,"enemies":"Time Eater","floor":50,"turns":9}],"seed_played":"-2952341522803631994","potions_obtained":[{"floor":3,"key":"LiquidMemories"},{"floor":5,"key":"Ancient Potion"},{"floor":6,"key":"Energy Potion"},{"floor":11,"key":"GamblersBrew"},{"floor":12,"key":"Strength Potion"},{"floor":20,"key":"PowerPotion"},{"floor":22,"key":"AttackPotion"},{"floor":27,"key":"Fire Potion"},{"floor":30,"key":"ColorlessPotion"},{"floor":35,"key":"DistilledChaos"},{"floor":48,"key":"FairyPotion"}],"is_trial":false,"path_per_floor":["M","M","M","M","?","E","R","$","T","R","M","M","$","M","R","B",null,"M","$","M","M","M","R","M","R","T","M","R","?","M","$","R","B",null,"M","?","$","M","$","E","M","R","T","R","M","M","?","M","R","B",null],"character_chosen":"DEFECT","items_purchased":["Chill","OrangePellets","Blizzard","Redo"],"campfire_rested":4,"item_purchase_floors":[8,19,37,39],"current_hp_per_floor":[75,75,75,65,65,41,41,41,41,41,28,28,28,18,40,31,75,67,67,46,31,18,40,40,40,40,29,51,51,51,51,51,51,75,75,70,70,70,70,36,35,57,57,57,57,57,57,57,57,41],"gold":15,"neow_bonus":"THREE_ENEMY_KILL","is_daily":false,"chose_seed":false,"campfire_upgraded":6,"win_rate":0.0,"timestamp":1611525740,"path_taken":["M","?","M","M","?","E","R","$","T","R","?","M","?","M","R","BOSS","M","$","?","?","M","R","M","R","T","M","R","?","M","$","R","BOSS","M","?","$","M","?","E","M","R","T","R","M","?","?","M","R","BOSS"],"items_purchased_type":["Card","Relic","Card","Card"],"build_version":"2020-12-22","purchased_purges":2,"victory":true,"max_hp_per_floor":[75,75,75,75,75,75,75,75,75,75,75,75,75,75,75,75,75,75,75,75,75,75,75,75,75,75,75,75,75,75,75,75,75,75,75,75,75,75,75,75,75,75,75,75,75,75,75,75,75,75],"card_choices":[{"not_picked":["Sweeping Beam","Beam Cell"],"picked":"Capacitor","floor":1},{"not_picked":["Leap","Double Energy"],"picked":"Ball Lightning","floor":2},{"not_picked":["Redo","Barrage"],"picked":"Cold Snap","floor":3},{"not_picked":["Barrage","Conserve Battery"],"picked":"Consume","floor":4},{"not_picked":["Go for the Eyes","Reprogram","Hello World"],"picked":"SKIP","floor":6},{"not_picked":["Compile Driver","Ball Lightning"],"picked":"Biased Cognition","floor":11},{"not_picked":["Streamline","Aggregate"],"picked":"Chaos","floor":12},{"not_picked":["Steam","Tempest"],"picked":"Static Discharge","floor":14},{"not_picked":["Multi-Cast","Reboot"],"picked":"Amplify","floor":16},{"not_picked":["Beam Cell","Gash"],"picked":"Cold Snap","floor":18},{"not_picked":["Redo","Stack"],"picked":"BootSequence","floor":20},{"not_picked":["Go for the Eyes","Compile Driver"],"picked":"Hologram","floor":21},{"not_picked":["Compile Driver","Beam Cell","Coolheaded"],"picked":"SKIP","floor":22},{"not_picked":["Steam+1","Beam Cell","Force Field"],"picked":"SKIP","floor":24},{"not_picked":["Stack+1","Hologram"],"picked":"Gash","floor":27},{"not_picked":["Amplify","Steam"],"picked":"Storm","floor":30},{"not_picked":["Buffer","All For One"],"picked":"Seek","floor":33},{"not_picked":["Reinforced Body","Compile Driver"],"picked":"Ball Lightning+1","floor":35},{"not_picked":["Trip","Enlightenment"],"picked":"Dramatic Entrance","floor":36},{"not_picked":["Flash of Steel","Secret Technique"],"picked":"Master of Strategy","floor":36},{"not_picked":["Sweeping Beam","Chill+1"],"picked":"Heatsinks+1","floor":38},{"not_picked":["BootSequence+1","Cold Snap","Streamline+1"],"picked":"SKIP","floor":40},{"not_picked":["Cold Snap+1","Compile Driver","Heatsinks+1"],"picked":"SKIP","floor":41},{"not_picked":["Aggregate","Sweeping Beam","Cold Snap"],"picked":"SKIP","floor":45},{"not_picked":["Steam Power+1","Conserve Battery+1"],"picked":"Defragment+1","floor":46},{"not_picked":["Barrage","Leap+1"],"picked":"Conserve Battery","floor":48}],"player_experience":21620,"relics_obtained":[{"floor":6,"key":"Ornamental Fan"},{"floor":9,"key":"CaptainsWheel"},{"floor":26,"key":"Bottled Tornado"},{"floor":40,"key":"Torii"},{"floor":43,"key":"Toy Ornithopter"}],"event_choices":[{"damage_healed":0,"gold_gain":0,"player_choice":"Bought 1 Potion","damage_taken":0,"max_hp_gain":0,"max_hp_loss":0,"event_name":"The Woman in Blue","floor":5,"gold_loss":0},{"cards_removed":["Defend_B"],"damage_healed":0,"gold_gain":0,"player_choice":"Elegance","damage_taken":0,"max_hp_gain":0,"max_hp_loss":0,"event_name":"Back to Basics","floor":29,"gold_loss":0},{"damage_healed":0,"gold_gain":0,"player_choice":"Memory 2","damage_taken":5,"max_hp_gain":0,"max_hp_loss":0,"event_name":"SensoryStone","floor":36,"gold_loss":0},{"damage_healed":0,"gold_gain":0,"player_choice":"Paid","damage_taken":0,"relics_obtained":["Red Mask"],"max_hp_gain":0,"max_hp_loss":0,"event_name":"Tomb of Lord Red Mask","floor":47,"gold_loss":129}],"is_beta":false,"boss_relics":[{"not_picked":["Tiny House","Snecko Eye"],"picked":"Inserter"},{"not_picked":["Nuclear Battery","Velvet Choker"],"picked":"Runic Dome"}],"items_purged_floors":[8,31],"is_endless":false,"potions_floor_spawned":[3,6,11,12,20,22,27,30,35,41,48],"ascension_level":0}}