{"host":"mn5kbj4x7gv3jr0o","time":1611450796,"event":{"mods":["2.2 Compatiblity","A Magickal Journey","AchievementEnabler","Ascension Reborn","Ascension Unlocker","Aspiration","BaseMod","Bestiary","Better Altar","Better Note","Better Sensory Stone","Better Silent Start","Better Skull","Better Third Choice","Better Vampires","Better-Laid Plans","BetterRewards","CCEM","Colored Powertips","Colorless Booster Pack","Conjunction","Conspire","Curses Come First","Dota2Spire","Downfall","Emptier Cage","Energized Spire","Fox Events","GifTheSpireLib","Halation","HololiveMod","Hubris","Infinite Spire","Ironclad Rager","Jess\u0027s Bottle","Keyboard Shortcuts","Minty Spire (QoL Compilation)","Mirrors Mod","Poem Panic","Potion Indicator Mod","Potionbrewer","Puzzle Mod","Quarter Circle Forward PUNCH!","Quick Restart","Random Character Button","RatMod","Relic Sorter","Retaliation","Reworked Bosses","SCP261 Mod","SacredBarkPlus","Shop Mod","Small Relic Pack","Spicy Shops","Spikes Relics","StS++","StSLib","Stuff the Spire","The Blue Laboratory","Thieving Mod","Trackpad","Uncapped","UnlockEverythingMod","Useless Jewels Mod","Virulent Crown"],"gold_per_floor":[13,13,23,34,34,62,72,72,99,99,99,99,133,153,153,258,258,269,49,62,73,73,73,105,105,132,62,80,113,113,140,140,235,235,248,266,266,280,296,296,296,296,319,206,206,237,254,87,87,87,87],"floor_reached":50,"language":"ENG","playtime":4498,"items_purged":["Regret","hubris:Compulsion"],"score":738,"play_id":"2ca7ed53-739e-4013-abe1-8591099c2028","local_time":"20210123201316","is_ascension_mode":true,"campfire_choices":[{"data":"Gash","floor":8.0,"key":"SMITH"},{"data":"Scrape","floor":15.0,"key":"SMITH"},{"data":"Scrape","floor":23.0,"key":"SMITH"},{"data":"Seek","floor":32.0,"key":"SMITH"},{"floor":40.0,"key":"REST"},{"data":"Capacitor","floor":42.0,"key":"SMITH"},{"data":"Hologram","floor":45.0,"key":"SMITH"},{"data":"White Noise","floor":49,"key":"SMITH"}],"circlet_count":0,"master_deck":["Zap","Dualcast","Cold Snap","Ball Lightning","Cold Snap","Leap","Leap","Leap","Leap","Hologram+1","Scrape+1","Gash+1","Steam","Go for the Eyes","Machine Learning","Go for the Eyes+1","Double Energy","Turbo+1","StSpp:Pointer+1","Go for the Eyes","Seek+1","Gash+1","Capacitor+1","Multi-Cast","Steam Power+1","Gash+1","PlatinumSkin","Scrape+1","Rebound","White Noise+1","Decay","Ball Lightning","hubris:SpecializedCircuitry"],"relics":["FrozenCore","halation:Risk","halation:KoshaPiece","Dota2Spire:RefresherOrb","halation:VictoryRuler","Strawberry","StuffTheSpire:Mouthbags","StuffTheSpire:Mouthbags","hubris:TenFootPole","Rawhide","StuffTheSpire:RubySignet","CCEMRelics:SpiritsEdge","qcfpunch:Wrestler\u0027s_Cloak","hubris:Icosahedron","Bag of Preparation","CCEMRelics:DerglesHeadphones","hubris:ToyBattleship","StuffTheSpire:OldFever","aspiration:KaomsHeart"],"acts_visited":["Exordium","TheCity","TheBeyond"],"potions_floor_usage":[50,50],"damage_taken":[{"damage":0.0,"enemies":"Small Slimes","floor":1.0,"turns":2.0},{"damage":0.0,"enemies":"Jaw Worm","floor":3.0,"turns":3.0},{"damage":0.0,"enemies":"2 Louse","floor":4.0,"turns":3.0},{"damage":4.0,"enemies":"3 Sentries","floor":6.0,"turns":9.0},{"damage":4.0,"enemies":"Red Slaver","floor":7.0,"turns":3.0},{"damage":0.0,"enemies":"Gremlin Nob","floor":13.0,"turns":4.0},{"damage":0.0,"enemies":"Blue Slaver","floor":14.0,"turns":3.0},{"damage":0.0,"enemies":"Slime Boss","floor":16.0,"turns":9.0},{"damage":1.0,"enemies":"Chosen","floor":18.0,"turns":4.0},{"damage":4.0,"enemies":"conspire:FuzzyDice","floor":20.0,"turns":10.0},{"damage":0.0,"enemies":"Snecko","floor":21.0,"turns":6.0},{"damage":0.0,"enemies":"conspire:Head Lice","floor":24.0,"turns":7.0},{"damage":3.0,"enemies":"Centurion and Healer","floor":28.0,"turns":7.0},{"damage":0.0,"enemies":"Gremlin Leader","floor":29.0,"turns":5.0},{"damage":0.0,"enemies":"conspire:SneckoGhost","floor":31.0,"turns":5.0},{"damage":20.0,"enemies":"conspire:MysteriousRune","floor":33.0,"turns":9.0},{"damage":0.0,"enemies":"Orb Walker","floor":35.0,"turns":3.0},{"damage":0.0,"enemies":"3 Darklings","floor":36.0,"turns":5.0},{"damage":32.0,"enemies":"4 Shapes","floor":38.0,"turns":5.0},{"damage":19.0,"enemies":"Transient","floor":39.0,"turns":5.0},{"damage":12.0,"enemies":"Reptomancer","floor":46.0,"turns":5.0},{"damage":2.0,"enemies":"3 Darklings","floor":47.0,"turns":4.0},{"damage":184,"enemies":"bossMod:newAwakened","floor":50,"turns":9}],"seed_played":"-4205431175263163113","potions_obtained":[{"floor":3.0,"key":"SCP261:GirlTearsPotion"},{"floor":4.0,"key":"blueLaboratory:BottleOfVodka"},{"floor":16.0,"key":"blueLaboratory:BiasPotion"},{"floor":18.0,"key":"SkillPotion"},{"floor":20.0,"key":"potionbrewer:SplittingPotion"},{"floor":21.0,"key":"StSpp:SecondWindPotion"},{"floor":38.0,"key":"bronze:BurnAndBuffPotion"},{"floor":46.0,"key":"Fire Potion"}],"is_trial":false,"path_per_floor":["M","?","M","M","$","E","M","R","T","?","?","T","E","M","R","B",null,"M","$","M","M","?","R","E","?","T","$","M","E","?","E","R","B",null,"M","M","AVR","M","M","R","?","R","T","$","R","E","M","$","R","B"],"character_chosen":"DEFECT","items_purchased":["CCEMRelics:SpiritsEdge","Double Energy","Seek","PlatinumSkin","White Noise","aspiration:KaomsHeart"],"campfire_rested":1,"item_purchase_floors":[19,19,27,44,48,48],"current_hp_per_floor":[50,57,57,57,57,53,49,49,49,49,49,49,49,49,49,49,75,75,75,74,75,75,75,75,75,75,75,72,72,65,69,69,49,75,75,75,75,43,26,48,48,60,60,60,72,60,58,158,170,0,0],"gold":87,"neow_bonus":"DEFECT_STORMLORD","is_daily":false,"chose_seed":false,"campfire_upgraded":7,"win_rate":0.0,"timestamp":1611450796,"path_taken":["M","?","M","M","$","E","M","R","T","?","?","?","E","?","R","BOSS","M","$","M","M","?","R","E","?","T","$","M","E","?","E","R","BOSS","M","M","AVR","M","M","R","?","R","T","$","R","E","M","$","R","BOSS"],"items_purchased_type":["Relic","Card","Card","Card","Card","Relic"],"build_version":"2020-12-22","purchased_purges":2,"victory":false,"max_hp_per_floor":[68,75,75,75,75,75,75,75,75,75,75,75,75,75,75,75,75,75,75,75,75,75,75,75,75,75,75,75,75,75,75,75,75,75,75,75,75,75,75,75,75,75,75,75,75,75,75,175,175,175,175],"card_choices":[{"not_picked":["Ball Lightning","Redo"],"picked":"Gash","floor":1.0},{"not_picked":["Stack","conspire:SharedLibrary"],"picked":"Hologram","floor":3.0},{"not_picked":["Turbo","Doom and Gloom"],"picked":"Scrape","floor":4.0},{"not_picked":["Auto Shields","Stack"],"picked":"Steam","floor":6.0},{"not_picked":["Ball Lightning","Sunder","StSpp:Igniter"],"picked":"SKIP","floor":7.0},{"not_picked":["StuffTheSpire:SnapShoot","StuffTheSpire:Plugnplay"],"picked":"Go for the Eyes","floor":13.0},{"not_picked":["conspire:Rain","Streamline","Leap"],"picked":"SKIP","floor":14.0},{"not_picked":["ICR:Cyclone","StuffTheSpire:Purify"],"picked":"Machine Learning","floor":16.0},{"not_picked":["Glacier","StuffTheSpire:SnapShoot"],"picked":"Go for the Eyes+1","floor":18.0},{"not_picked":["Ball Lightning+1","Coolheaded"],"picked":"Turbo+1","floor":20.0},{"not_picked":["Sweeping Beam","Force Field"],"picked":"StSpp:Pointer+1","floor":21.0},{"not_picked":["hubris:PowerSurge","Defragment+1"],"picked":"Go for the Eyes","floor":24.0},{"not_picked":["Blizzard","Redo"],"picked":"Gash+1","floor":28.0},{"not_picked":["Lockon","Genetic Algorithm","Stack"],"picked":"SKIP","floor":29.0},{"not_picked":["Stack","Coolheaded+1"],"picked":"Capacitor","floor":31.0},{"not_picked":["hubris:SpecializedCircuitry","StSpp:Converter"],"picked":"Multi-Cast","floor":33.0},{"not_picked":["Chaos+1","Steam+1"],"picked":"Steam Power+1","floor":35.0},{"not_picked":["Steam Power","Stack+1","Conserve Battery"],"picked":"SKIP","floor":36.0},{"not_picked":["Consume","Streamline+1"],"picked":"Gash+1","floor":38.0},{"not_picked":["StuffTheSpire:LoadUp","Fusion","Conserve Battery"],"picked":"SKIP","floor":39.0},{"not_picked":["Turbo","Barrage+1"],"picked":"hubris:SpecializedCircuitry","floor":46.0},{"not_picked":["StuffTheSpire:LoadUp+1","Tempest+1"],"picked":"Rebound","floor":47.0}],"player_experience":137069,"relics_obtained":[{"floor":6.0,"key":"StuffTheSpire:Mouthbags"},{"floor":9.0,"key":"hubris:TenFootPole"},{"floor":12.0,"key":"Rawhide"},{"floor":13.0,"key":"StuffTheSpire:RubySignet"},{"floor":24.0,"key":"qcfpunch:Wrestler\u0027s_Cloak"},{"floor":26.0,"key":"Bag of Preparation"},{"floor":29.0,"key":"halation:KoshaPiece"},{"floor":31.0,"key":"halation:VictoryRuler"},{"floor":43.0,"key":"hubris:ToyBattleship"},{"floor":46.0,"key":"StuffTheSpire:OldFever"}],"event_choices":[{"damage_healed":0.0,"max_hp_gain":0.0,"max_hp_loss":0.0,"gold_gain":0.0,"event_name":"Big Fish","player_choice":"Box","floor":2.0,"gold_loss":0.0,"damage_taken":0.0,"relics_obtained":["Strawberry"],"cards_obtained":["Regret"]},{"damage_healed":0.0,"max_hp_gain":0.0,"max_hp_loss":0.0,"gold_gain":0.0,"event_name":"conspire:LoneGhost","player_choice":"Disagree","floor":10.0,"gold_loss":0.0,"damage_taken":0.0},{"cards_removed":["Double Energy"],"damage_healed":0.0,"max_hp_gain":0.0,"max_hp_loss":0.0,"gold_gain":0.0,"event_name":"betterNote:BetterNote","player_choice":"Give","floor":22.0,"gold_loss":0.0,"damage_taken":0.0,"cards_obtained":["None"]},{"damage_healed":0.0,"max_hp_gain":0.0,"max_hp_loss":0.0,"gold_gain":0.0,"event_name":"Cursed Tome","player_choice":"Obtained Book","floor":30.0,"gold_loss":0.0,"damage_taken":16.0}],"is_beta":false,"boss_relics":[{"not_picked":["Ectoplasm","trackpad:StolenKidneys"],"picked":"FrozenCore"},{"not_picked":["qcfpunch:Crimson_Sash","trackpad:Trackpad"],"picked":"Dota2Spire:RefresherOrb"}],"items_purged_floors":[19,37],"is_endless":false,"potions_floor_spawned":[3,4,16,18,20,21,38,46],"killed_by":"bossMod:newAwakened","ascension_level":0}}