{"host":"ebj6lkgm8suah319","time":1611501629,"event":{"mods":["2.2 Compatiblity","AchievementEnabler","BaseMod","Block Reminder","Colored Map","Colored Powertips","Minty Spire (QoL Compilation)","Quick Restart","Rare Cards Sparkle","Relic Stats","SuperFastMode"],"gold_per_floor":[111,186,186,36,36,66,66,97,97,112,122,140,171,189,189,189,189],"floor_reached":16,"language":"ENG","playtime":336,"items_purged":["Strike_R"],"score":332,"play_id":"acac4ba1-c9cd-4905-9bf6-e846e7366c90","local_time":"20210124102029","is_ascension_mode":true,"campfire_choices":[{"data":"Bash","floor":7.0,"key":"SMITH"},{"data":"Barricade","floor":15.0,"key":"SMITH"}],"circlet_count":0,"master_deck":["AscendersBane","Strike_R","Strike_R","Strike_R","Defend_R","Defend_R","Defend_R","Defend_R","Bash+1","Dropkick","Feel No Pain","Whirlwind","Carnage","Barricade+1","Pommel Strike"],"relics":["Burning Blood","NeowsBlessing","Anchor","Pantograph","Eternal Feather","Magic Flower"],"acts_visited":["Exordium"],"potions_floor_usage":[16],"damage_taken":[{"damage":0.0,"enemies":"2 Louse","floor":1.0,"turns":1.0},{"damage":0.0,"enemies":"Gremlin Nob","floor":6.0,"turns":1.0},{"damage":0.0,"enemies":"3 Sentries","floor":8.0,"turns":1.0},{"damage":0.0,"enemies":"Jaw Worm","floor":10.0,"turns":4.0},{"damage":10.0,"enemies":"Small Slimes","floor":11.0,"turns":3.0},{"damage":12.0,"enemies":"Exordium Wildlife","floor":12.0,"turns":3.0},{"damage":34.0,"enemies":"Gremlin Nob","floor":13.0,"turns":4.0},{"damage":3.0,"enemies":"Blue Slaver","floor":14.0,"turns":3.0},{"damage":79,"enemies":"The Guardian","floor":16,"turns":11}],"seed_played":"-9017394596640097294","potions_obtained":[{"floor":8.0,"key":"SpeedPotion"},{"floor":11.0,"key":"HeartOfIron"},{"floor":13.0,"key":"Weak Potion"}],"is_trial":false,"path_per_floor":["M","?","?","$","?","E","R","E","T","M","M","M","E","M","R","B"],"character_chosen":"IRONCLAD","items_purchased":["Feel No Pain"],"campfire_rested":0,"item_purchase_floors":[4],"current_hp_per_floor":[74,63,56,56,45,51,51,57,57,63,59,53,25,31,40,0,0],"gold":189,"neow_bonus":"THREE_ENEMY_KILL","is_daily":false,"chose_seed":false,"campfire_upgraded":2,"win_rate":0.0,"timestamp":1611501629,"path_taken":["M","?","?","?","?","E","R","E","T","M","?","M","E","M","R","BOSS"],"items_purchased_type":["Card"],"build_version":"2020-12-22","purchased_purges":1,"victory":false,"max_hp_per_floor":[75,75,75,75,75,75,75,75,75,75,75,75,75,75,75,75,75],"relic_stats":{"counters":[9,31],"Pantograph":35,"Magic Flower":[13],"Eternal Feather":9,"obtain_stats":[{"Anchor":6,"NeowsBlessing":0,"Pantograph":8,"Magic Flower":13,"Eternal Feather":9,"Burning Blood":0},{"Anchor":2,"NeowsBlessing":0,"Pantograph":3,"Magic Flower":7,"Eternal Feather":3,"Burning Blood":0},{"Anchor":2,"NeowsBlessing":0,"Pantograph":3,"Magic Flower":17,"Eternal Feather":3,"Burning Blood":0}],"Burning Blood":51},"card_choices":[{"not_picked":["Perfected Strike","Twin Strike"],"picked":"Dropkick","floor":1.0},{"not_picked":["Intimidate","Searing Blow"],"picked":"Whirlwind","floor":6.0},{"not_picked":["Cleave","Iron Wave","Rupture"],"picked":"SKIP","floor":8.0},{"not_picked":["Warcry","Perfected Strike"],"picked":"Carnage","floor":10.0},{"not_picked":["Cleave","Thunderclap","Second Wind"],"picked":"SKIP","floor":11.0},{"not_picked":["Wild Strike","Sword Boomerang","Twin Strike"],"picked":"SKIP","floor":12.0},{"not_picked":["Clash","Havoc"],"picked":"Barricade","floor":13.0},{"not_picked":["Metallicize","Sword Boomerang"],"picked":"Pommel Strike","floor":14.0}],"player_experience":63809,"relics_obtained":[{"floor":6.0,"key":"Anchor"},{"floor":8.0,"key":"Pantograph"},{"floor":9.0,"key":"Eternal Feather"},{"floor":13.0,"key":"Magic Flower"}],"event_choices":[{"damage_healed":0.0,"max_hp_gain":0.0,"max_hp_loss":0.0,"gold_gain":75.0,"event_name":"World of Goop","player_choice":"Gather Gold","floor":2.0,"gold_loss":0.0,"damage_taken":11.0},{"cards_removed":["Strike_R"],"damage_healed":0.0,"max_hp_gain":0.0,"max_hp_loss":0.0,"gold_gain":0.0,"event_name":"Golden Wing","player_choice":"Card Removal","floor":3.0,"gold_loss":0.0,"damage_taken":7.0},{"damage_healed":0.0,"max_hp_gain":0.0,"max_hp_loss":0.0,"gold_gain":0.0,"event_name":"Wheel of Change","player_choice":"Damaged","floor":5.0,"gold_loss":0.0,"damage_taken":11.0}],"is_beta":false,"boss_relics":[],"items_purged_floors":[4],"is_endless":false,"potions_floor_spawned":[8,11,13],"killed_by":"The Guardian","ascension_level":19}}