{"host":"zhec3g4cvsmevugl","time":1611506630,"event":{"mods":["BaseMod","BetterRewards","Minty Spire (QoL Compilation)","Relic Stats","Slay-I","StSLib"],"gold_per_floor":[114,289,289,304,29,29,59,59,134,134,164,179,209,224,224,324,324,339,354,369,369,384,384,414,429,429,459,184,184,134,149,149,249,249,264,279,294,294,309,309,309,324,324,374,404,404,404,425,425,425,425],"floor_reached":50,"language":"ENG","playtime":2832,"items_purged":[],"score":630,"play_id":"1c869cc8-dd1c-4da2-9bec-adb1a46dbb4c","local_time":"20210125004350","daily_mods":["Draft","Colorless Cards","Terminal"],"is_ascension_mode":false,"campfire_choices":[{"data":"Mind Blast","floor":6,"key":"SMITH"},{"data":"Endless Agony","floor":8,"key":"SMITH"},{"data":"Mind Blast","floor":10,"key":"SMITH"},{"data":"Bandage Up","floor":15,"key":"SMITH"},{"data":"Unload","floor":23,"key":"SMITH"},{"data":"Caltrops","floor":29,"key":"SMITH"},{"data":"PanicButton","floor":32,"key":"SMITH"},{"data":"Dramatic Entrance","floor":40,"key":"SMITH"},{"data":"Sadistic Nature","floor":46,"key":"SMITH"},{"data":"PiercingWail","floor":49,"key":"SMITH"}],"circlet_count":0,"master_deck":["Backflip","Quick Slash","PanicButton+1","Flying Knee","Endless Agony+1","PiercingWail","Dagger Spray","PiercingWail+1","Mind Blast+1","Backflip","Flying Knee","Acrobatics","Mind Blast+1","Caltrops+1","Dark Shackles","Doubt","Bandage Up+1","Bandage Up+1","Dark Shackles+1","Panacea+1","Deep Breath+1","Secret Technique+1","Unload+1","Bouncing Flask+1","Distraction+1","Deadly Poison+1","Writhe","Poisoned Stab+1","Eviscerate+1","Setup+1","Blind+1","Catalyst+1","Sadistic Nature+1","Dramatic Entrance+1","Deep Breath+1","Poisoned Stab","Apotheosis+1","Deflect+1","All Out Attack+1","Regret","Crippling Poison+1","Catalyst+1","Backflip+1"],"relics":["Ring of the Snake","Membership Card","Toxic Egg 2","Bottled Flame","Mercury Hourglass","Oddly Smooth Stone","Bag of Marbles","Philosopher\u0027s Stone","Boot","Darkstone Periapt","Blue Candle","Nunchaku","Pear","Turnip","Cursed Key","Pantograph","Torii","Bag of Preparation","TungstenRod"],"acts_visited":["Exordium","TheCity","TheBeyond"],"potions_floor_usage":[33,36,37],"damage_taken":[{"damage":0,"enemies":"Small Slimes","floor":1,"turns":2},{"damage":1,"enemies":"2 Louse","floor":4,"turns":2},{"damage":13,"enemies":"Lagavulin","floor":7,"turns":7},{"damage":4,"enemies":"3 Sentries","floor":11,"turns":4},{"damage":0,"enemies":"Jaw Worm","floor":12,"turns":1},{"damage":0,"enemies":"Gremlin Nob","floor":13,"turns":3},{"damage":0,"enemies":"Lots of Slimes","floor":14,"turns":2},{"damage":45,"enemies":"The Guardian","floor":16,"turns":8},{"damage":0,"enemies":"3 Byrds","floor":18,"turns":3},{"damage":6,"enemies":"Spheric Guardian","floor":19,"turns":2},{"damage":0,"enemies":"Centurion and Healer","floor":20,"turns":3},{"damage":0,"enemies":"Snake Plant","floor":22,"turns":1},{"damage":8,"enemies":"Book of Stabbing","floor":24,"turns":4},{"damage":0,"enemies":"3 Cultists","floor":25,"turns":3},{"damage":2,"enemies":"Gremlin Leader","floor":27,"turns":4},{"damage":0,"enemies":"Snecko","floor":31,"turns":1},{"damage":18,"enemies":"Collector","floor":33,"turns":5},{"damage":9,"enemies":"3 Shapes","floor":35,"turns":1},{"damage":0,"enemies":"3 Darklings","floor":36,"turns":1},{"damage":20,"enemies":"Writhing Mass","floor":37,"turns":4},{"damage":15,"enemies":"4 Shapes","floor":39,"turns":3},{"damage":0,"enemies":"Transient","floor":42,"turns":5},{"damage":0,"enemies":"Mind Bloom Boss Battle","floor":44,"turns":1},{"damage":1,"enemies":"Reptomancer","floor":45,"turns":2},{"damage":2,"enemies":"2 Orb Walkers","floor":48,"turns":2},{"damage":58,"enemies":"Awakened One","floor":50,"turns":6}],"seed_played":"-992185634128019100","potions_obtained":[{"floor":4,"key":"GamblersBrew"},{"floor":7,"key":"LiquidMemories"},{"floor":16,"key":"Swift Potion"},{"floor":18,"key":"Energy Potion"},{"floor":33,"key":"AttackPotion"},{"floor":39,"key":"Fire Potion"},{"floor":44,"key":"Strength Potion"}],"is_trial":false,"path_per_floor":["M","?","?","M","$","R","E","R","T","R","E","M","E","M","R","B",null,"M","M","M","?","M","R","E","M","T","E","$","R","?","M","R","B",null,"M","M","M","?","M","R","?","M","T","?","E","R","?","?","R","B"],"character_chosen":"THE_SILENT","items_purchased":["Membership Card","Toxic Egg 2","Pear","Turnip"],"campfire_rested":0,"item_purchase_floors":[5,5,28,28],"current_hp_per_floor":[68,67,66,65,64,63,50,50,50,50,56,56,56,55,54,12,52,51,45,49,48,47,46,38,44,43,42,51,50,49,48,47,35,45,36,36,28,28,19,19,33,32,37,36,35,34,33,31,31,0,0],"gold":425,"neow_bonus":"","is_daily":true,"chose_seed":false,"campfire_upgraded":10,"win_rate":0.0,"timestamp":1611506630,"path_taken":["M","?","?","M","?","R","E","R","T","R","E","M","E","?","R","BOSS","M","?","M","?","M","R","E","M","T","E","$","R","?","M","R","BOSS","M","M","?","?","M","R","?","M","T","?","E","R","?","?","R","BOSS"],"items_purchased_type":["Relic","Relic","Relic","Relic"],"build_version":"2020-12-22","purchased_purges":0,"victory":false,"max_hp_per_floor":[68,67,66,65,64,63,62,61,60,59,58,57,56,55,54,53,52,51,50,49,48,47,46,45,44,43,42,51,50,49,48,47,46,45,44,43,42,41,40,39,33,32,37,36,35,34,33,32,31,31,31],"relic_stats":{"Darkstone Periapt":6,"Torii":11,"counters":[26,79],"Blue Candle":[7],"Bag of Preparation":[4],"Boot":[13],"Cursed Key":1,"Mercury Hourglass":[325],"Nunchaku":[9],"Pantograph":0,"Turnip":[3],"obtain_stats":[{"Darkstone Periapt":24,"Pear":28,"Torii":44,"Blue Candle":26,"Oddly Smooth Stone":11,"Bag of Preparation":45,"Boot":21,"Cursed Key":34,"Mercury Hourglass":9,"Bottled Flame":7,"Nunchaku":27,"Pantograph":43,"Philosopher\u0027s Stone":17,"Turnip":28,"Bag of Marbles":13,"Membership Card":5,"Toxic Egg 2":5,"TungstenRod":48,"Ring of the Snake":0},{"Darkstone Periapt":13,"Pear":15,"Torii":23,"Blue Candle":14,"Oddly Smooth Stone":4,"Bag of Preparation":24,"Boot":11,"Cursed Key":17,"Mercury Hourglass":3,"Bottled Flame":3,"Nunchaku":15,"Pantograph":22,"Philosopher\u0027s Stone":8,"Turnip":15,"Bag of Marbles":6,"Membership Card":2,"Toxic Egg 2":2,"TungstenRod":25,"Ring of the Snake":0},{"Darkstone Periapt":41,"Pear":48,"Torii":69,"Blue Candle":44,"Oddly Smooth Stone":15,"Bag of Preparation":71,"Boot":36,"Cursed Key":54,"Mercury Hourglass":11,"Bottled Flame":11,"Nunchaku":48,"Pantograph":68,"Philosopher\u0027s Stone":29,"Turnip":48,"Bag of Marbles":19,"Membership Card":4,"Toxic Egg 2":4,"TungstenRod":73,"Ring of the Snake":0}],"TungstenRod":7,"Ring of the Snake":[52]},"card_choices":[{"not_picked":["Acrobatics","Slice"],"picked":"Backflip","floor":0},{"not_picked":["Prepared","Cloak And Dagger"],"picked":"Quick Slash","floor":0},{"not_picked":["Enlightenment","Underhanded Strike"],"picked":"PanicButton","floor":0},{"not_picked":["Trip","Impatience"],"picked":"Flying Knee","floor":0},{"not_picked":["Finesse","Catalyst"],"picked":"Endless Agony","floor":0},{"not_picked":["Finisher","Acrobatics"],"picked":"PiercingWail","floor":0},{"not_picked":["PiercingWail","Bane"],"picked":"Dagger Spray","floor":0},{"not_picked":["Prepared","Deadly Poison"],"picked":"PiercingWail","floor":0},{"not_picked":["Cloak And Dagger","Expertise"],"picked":"Quick Slash","floor":0},{"not_picked":["Cloak And Dagger","Quick Slash"],"picked":"Mind Blast","floor":0},{"not_picked":["Deadly Poison","Poisoned Stab"],"picked":"Backflip","floor":0},{"not_picked":["Dodge and Roll","Cloak And Dagger"],"picked":"Flying Knee","floor":0},{"not_picked":["Dodge and Roll","Underhanded Strike"],"picked":"Acrobatics","floor":0},{"not_picked":["Predator","Escape Plan"],"picked":"Mind Blast","floor":0},{"not_picked":["Cloak And Dagger","Flying Knee"],"picked":"Caltrops","floor":0},{"not_picked":["Bane","Poisoned Stab"],"picked":"Dark Shackles","floor":1},{"not_picked":["Sucker Punch","Outmaneuver"],"picked":"Bandage Up","floor":4},{"not_picked":["Crippling Poison+1","Sucker Punch"],"picked":"Bandage Up+1","floor":7},{"not_picked":["Acrobatics+1","Deadly Poison+1"],"picked":"Dark Shackles+1","floor":11},{"not_picked":["Prepared+1","Madness+1"],"picked":"Panacea+1","floor":12},{"not_picked":["Catalyst+1","Outmaneuver+1"],"picked":"Deep Breath+1","floor":13},{"not_picked":["Poisoned Stab","Crippling Poison+1"],"picked":"Secret Technique+1","floor":14},{"not_picked":["Secret Technique+1","Grand Finale"],"picked":"Unload","floor":16},{"not_picked":["Deflect+1","Escape Plan+1"],"picked":"Bouncing Flask+1","floor":18},{"not_picked":["Sucker Punch","Quick Slash+1"],"picked":"Distraction+1","floor":19},{"not_picked":["Deflect+1","Skewer"],"picked":"Deadly Poison+1","floor":20},{"not_picked":["Dagger Spray","Sucker Punch+1"],"picked":"Poisoned Stab+1","floor":22},{"not_picked":["Bullet Time+1","Expertise+1"],"picked":"Eviscerate+1","floor":24},{"not_picked":["PiercingWail+1","Slice"],"picked":"Setup+1","floor":25},{"not_picked":["Crippling Poison+1","Storm of Steel+1"],"picked":"Blind+1","floor":27},{"not_picked":["Prepared+1","Cloak And Dagger+1"],"picked":"Catalyst+1","floor":31},{"not_picked":["The Bomb+1","Adrenaline+1"],"picked":"Sadistic Nature","floor":33},{"not_picked":["Caltrops","Underhanded Strike"],"picked":"Dramatic Entrance","floor":35},{"not_picked":["Poisoned Stab","Caltrops"],"picked":"Deep Breath+1","floor":36},{"not_picked":["Dagger Throw","Heel Hook"],"picked":"Poisoned Stab","floor":37},{"not_picked":["Mind Blast","Panache"],"picked":"Apotheosis+1","floor":38},{"not_picked":["Underhanded Strike","Flying Knee"],"picked":"Deflect+1","floor":39},{"not_picked":["Blade Dance+1","Calculated Gamble+1"],"picked":"All Out Attack+1","floor":42},{"not_picked":["Prepared+1","Acrobatics+1"],"picked":"Crippling Poison+1","floor":44},{"not_picked":["Endless Agony+1","Accuracy"],"picked":"Catalyst+1","floor":45},{"not_picked":["Tactician+1","Dash+1"],"picked":"Backflip+1","floor":48}],"player_experience":226960,"relics_obtained":[{"floor":7,"key":"Bottled Flame"},{"floor":9,"key":"Mercury Hourglass"},{"floor":11,"key":"Oddly Smooth Stone"},{"floor":13,"key":"Bag of Marbles"},{"floor":24,"key":"Darkstone Periapt"},{"floor":26,"key":"Blue Candle"},{"floor":27,"key":"Nunchaku"},{"floor":43,"key":"Pantograph"},{"floor":44,"key":"Torii"},{"floor":45,"key":"Bag of Preparation"},{"floor":48,"key":"TungstenRod"}],"event_choices":[{"damage_healed":0,"gold_gain":175,"player_choice":"AGREE","damage_taken":0,"max_hp_gain":0,"max_hp_loss":0,"event_name":"Liars Game","floor":2,"gold_loss":0,"cards_obtained":["Doubt"]},{"damage_healed":0,"gold_gain":0,"player_choice":"Leave","damage_taken":0,"max_hp_gain":0,"max_hp_loss":0,"event_name":"The Cleric","floor":3,"gold_loss":0},{"damage_healed":0,"gold_gain":0,"player_choice":"Opened","damage_taken":0,"relics_obtained":["Boot"],"max_hp_gain":0,"max_hp_loss":0,"event_name":"The Mausoleum","floor":21,"gold_loss":0,"cards_obtained":["Writhe"]},{"damage_healed":0,"gold_gain":0,"player_choice":"Bet on Murderer","damage_taken":0,"max_hp_gain":0,"max_hp_loss":0,"event_name":"The Joust","floor":30,"gold_loss":50},{"damage_healed":0,"gold_gain":0,"player_choice":"Memory 1","damage_taken":0,"max_hp_gain":0,"max_hp_loss":0,"event_name":"SensoryStone","floor":38,"gold_loss":0},{"damage_healed":34,"gold_gain":0,"player_choice":"Heal","damage_taken":0,"max_hp_gain":0,"max_hp_loss":5,"event_name":"The Moai Head","floor":41,"gold_loss":0},{"damage_healed":0,"gold_gain":0,"player_choice":"Fight","damage_taken":0,"max_hp_gain":0,"max_hp_loss":0,"event_name":"MindBloom","floor":44,"gold_loss":0},{"cards_removed":["Quick Slash"],"damage_healed":0,"gold_gain":0,"player_choice":"Removed Attack","damage_taken":0,"max_hp_gain":0,"max_hp_loss":0,"event_name":"Falling","floor":47,"gold_loss":0},{"damage_healed":0,"gold_gain":0,"player_choice":"Fight","damage_taken":0,"max_hp_gain":0,"max_hp_loss":0,"event_name":"Mysterious Sphere","floor":48,"gold_loss":0}],"is_beta":false,"boss_relics":[{"not_picked":["Ring of the Serpent","Tiny House"],"picked":"Philosopher\u0027s Stone"},{"not_picked":["WristBlade","Busted Crown"],"picked":"Cursed Key"}],"items_purged_floors":[],"is_endless":false,"potions_floor_spawned":[4,7,16,18,20,27,33,39,44],"killed_by":"Awakened One","ascension_level":0}}