{"host":"jumrmhf584hajrnz","time":1611493421,"event":{"mods":["BaseMod","Duelist Mod","GifTheSpireLib","Minty Spire (QoL Compilation)","Quick Restart","Replay The Spire","StSLib"],"gold_per_floor":[143,143,167,179,196,224,240,274,274,289,299,356,356,374,374,446,446,457,482,482,501,501,501,534,544,544,574,587,587,614,631,631,710,710,728,728,513,525,537,565,565,594,617,629,71,97,97,97,97,97,97,97,97,8,39,39,39],"floor_reached":56,"language":"ENG","playtime":5443,"items_purged":["theDuelist:CurseAnubis"],"score":1914,"play_id":"0dff8361-c5ae-4e02-959c-fb30a663fe24","local_time":"20210124140340","is_ascension_mode":true,"campfire_choices":[{"floor":13,"key":"REST"},{"floor":15,"key":"RECALL"},{"floor":23,"key":"REST"},{"floor":29,"key":"REST"},{"floor":32,"key":"REST"},{"floor":49,"key":"REST"},{"floor":53,"key":"REST"}],"circlet_count":0,"master_deck":["theDuelist:NeoMagic","theDuelist:NeoMagic","theDuelist:DarkPaladin","theDuelist:MysticalElf","theDuelist:InjectionFairy","theDuelist:MillenniumGolem","theDuelist:InfernoFireBlast","theDuelist:InjectionFairy","theDuelist:RainbowOverdragon","theDuelist:GateGuardian","theDuelist:Sparks","theDuelist:RainbowDarkDragon+1","theDuelist:RainbowKuriboh","theDuelist:BlueDragonSummoner","theDuelist:TimeWizard","theDuelist:LightningDarts","theDuelist:MillenniumGolem","theDuelist:Sparks","theDuelist:WitchBlackRose","theDuelist:DarkMagician","theDuelist:DoomShaman","theDuelist:InjectionFairy","theDuelist:IrisEarthMother+1","theDuelist:LegendaryFlameLord","theDuelist:InjectionFairy","theDuelist:Sparks","theDuelist:ApprenticeIllusionMagician","theDuelist:LegendaryFlameLord","theDuelist:LegendaryFlameLord","theDuelist:InjectionFairy+1","Clumsy","theDuelist:MysticalElf","theDuelist:IrisEarthMother","theDuelist:StatueAnguishPattern","AscendersBane","theDuelist:InjectionFairy","theDuelist:CosmoBrain","theDuelist:RainbowOverdragon","Swift Strike","theDuelist:InjectionFairy","theDuelist:SpellShatteringArrow","theDuelist:GeminiElf+1","theDuelist:SpellShatteringArrow","theDuelist:Nameless:Magic:ObeliskTormentor","theDuelist:Nameless:Power:ForbiddenLance","theDuelist:Nameless:War:BlueEyes","theDuelist:ContractExodia","theDuelist:BlizzardWarrior","theDuelist:FrontierWiseman","theDuelist:InjectionFairy+1"],"relics":["theDuelist:MillenniumPuzzle","theDuelist:CardPoolRelic","theDuelist:CardPoolBasicRelic","theDuelist:BoosterPackPoolRelic","theDuelist:CardPoolAddRelic","theDuelist:CardPoolMinusRelic","theDuelist:CardPoolSaveRelic","theDuelist:CardPoolOptionsRelic","Replay:PocketPolymizer","Blood Vial","Akabeko","Eternal Feather","Fusion Hammer","Red Mask","Ring of Panic","Ring of Fury","Magic Flower","Centennial Puzzle","MealTicket","Quantum Egg","Sozu","Divine Protection","ReplayTheSpireMod:CursedCoin","Kunai","theDuelist:BoosterPackTrapEgg","Toy Ornithopter","Happy Flower","Runic Capacitor","ReplayTheSpireMod:Shallot","theDuelist:AeroRelic"],"acts_visited":["Exordium","TheCity","TheBeyond","TheEnding"],"potions_floor_usage":[8,8,12,16,19,24,33,55,56],"damage_taken":[{"damage":1,"enemies":"Small Slimes","floor":1,"turns":3},{"damage":1,"enemies":"Jaw Worm","floor":4,"turns":5},{"damage":8,"enemies":"Cultist","floor":5,"turns":5},{"damage":6,"enemies":"3 Sentries","floor":6,"turns":8},{"damage":8,"enemies":"2 Fungi Beasts","floor":7,"turns":4},{"damage":1,"enemies":"Lagavulin","floor":8,"turns":6},{"damage":0,"enemies":"Gremlin Gang","floor":10,"turns":5},{"damage":0,"enemies":"Looter","floor":11,"turns":3},{"damage":32,"enemies":"Gremlin Nob","floor":12,"turns":5},{"damage":3,"enemies":"2 Fungi Beasts","floor":14,"turns":3},{"damage":51,"enemies":"Fading Forest","floor":16,"turns":13},{"damage":7,"enemies":"2 Thieves","floor":18,"turns":4},{"damage":0,"enemies":"Masked Bandits","floor":19,"turns":2},{"damage":3,"enemies":"Spheric Guardian","floor":21,"turns":3},{"damage":10,"enemies":"Slavers","floor":24,"turns":3},{"damage":1,"enemies":"Centurion and Healer","floor":25,"turns":4},{"damage":3,"enemies":"Book of Stabbing","floor":27,"turns":3},{"damage":16,"enemies":"Snake Plant","floor":28,"turns":4},{"damage":2,"enemies":"Slavers","floor":30,"turns":3},{"damage":0,"enemies":"Chosen and Byrds","floor":31,"turns":2},{"damage":24,"enemies":"Automaton","floor":33,"turns":5},{"damage":1,"enemies":"3 Shapes","floor":35,"turns":3},{"damage":0,"enemies":"Orb Walker","floor":38,"turns":3},{"damage":0,"enemies":"Maw","floor":39,"turns":6},{"damage":0,"enemies":"Giant Head","floor":40,"turns":4},{"damage":0,"enemies":"R_Hoarder","floor":42,"turns":8},{"damage":6,"enemies":"Spire Growth","floor":44,"turns":4},{"damage":17,"enemies":"Giant Head","floor":46,"turns":7},{"damage":11,"enemies":"Donu and Deca","floor":50,"turns":5},{"damage":0,"enemies":"Replay:Hell Engine","floor":51,"turns":9},{"damage":44,"enemies":"Shield and Spear","floor":55,"turns":6},{"damage":107,"enemies":"The Heart","floor":56,"turns":5}],"seed_played":"-3950346189978710695","potions_obtained":[{"floor":1,"key":"theDuelist:FlamingBottle"},{"floor":4,"key":"Weak Potion"},{"floor":11,"key":"theDuelist:WaterBottle"},{"floor":14,"key":"LiquidMemories"},{"floor":16,"key":"AttackPotion"},{"floor":18,"key":"Dexterity Potion"},{"floor":19,"key":"FearPotion"},{"floor":27,"key":"SteroidPotion"},{"floor":28,"key":"theDuelist:FireBottle"},{"floor":33,"key":"Weak Potion"}],"is_trial":false,"path_per_floor":["M","?","T","M","M","E","M","E","T","M","M","?","R","M","R","B",null,"M","?","?","M","?","R","E","M","T","E","M","R","E","M","R","B",null,"M","?","$","M","M","E","?","E","T","M","$","E","?","?","R","B","B",null,"R","$","E","B"],"character_chosen":"THE_DUELIST","items_purchased":["Divine Protection","ReplayTheSpireMod:CursedCoin","theDuelist:ApprenticeIllusionMagician","Happy Flower","Runic Capacitor","theDuelist:InjectionFairy","theDuelist:SpellShatteringArrow","theDuelist:GeminiElf+1","theDuelist:FrontierWiseman"],"campfire_rested":6,"item_purchase_floors":[37,37,37,45,45,45,45,45,54],"current_hp_per_floor":[62,62,62,61,53,47,39,38,38,40,42,12,45,48,60,41,63,62,68,68,67,67,70,68,70,70,70,66,70,70,70,70,64,69,69,69,70,70,70,70,70,70,70,64,70,65,40,40,90,89,90,90,90,90,70,0,0],"gold":39,"neow_bonus":"THREE_CARDS","is_daily":false,"chose_seed":false,"campfire_upgraded":0,"win_rate":0.0,"timestamp":1611493420,"path_taken":["M","?","?","M","M","E","M","E","T","M","M","?","R","M","R","BOSS","M","?","?","?","?","R","E","M","T","E","M","R","E","M","R","BOSS","M","?","?","M","M","E","?","E","T","?","$","E","?","?","R","BOSS","BOSS","R","$","E","BOSS"],"items_purchased_type":["Relic","Relic","Card","Relic","Relic","Card","Card","Card","Card"],"build_version":"2020-12-22","purchased_purges":1,"victory":false,"max_hp_per_floor":[70,70,70,70,70,70,70,70,70,70,70,70,70,70,70,70,70,70,70,70,70,70,70,70,70,70,70,70,70,70,70,70,70,70,70,70,70,70,70,70,70,70,70,70,70,70,90,90,90,90,90,90,90,90,90,90,90],"card_choices":[{"not_picked":["theDuelist:CallAtlanteans","theDuelist:ThousandEyesIdol"],"picked":"theDuelist:TimeWizard","floor":0},{"not_picked":["theDuelist:ExodiaLL","theDuelist:Mudballman","theDuelist:LegendaryExodia","theDuelist:MagicalBlast"],"picked":"theDuelist:LegendaryFlameLord","floor":1},{"not_picked":["theDuelist:SangaThunder","theDuelist:AltarTribute","theDuelist:AncientElf","theDuelist:WhiteHowling"],"picked":"theDuelist:BlueDragonSummoner","floor":4},{"not_picked":["theDuelist:WhiteHowling","theDuelist:MagiciansRod","theDuelist:MindAir"],"picked":"theDuelist:StatueAnguishPattern","floor":5},{"not_picked":["theDuelist:BlueBloodedOni","theDuelist:GreenGraveOni","theDuelist:GreyGreedOni","theDuelist:RainbowOverdragon"],"picked":"theDuelist:RainbowKuriboh","floor":6},{"not_picked":["theDuelist:BlueDragonSummoner"],"picked":"theDuelist:LegendaryFlameLord","floor":7},{"not_picked":["theDuelist:BlueBloodedOni","theDuelist:GreenGraveOni","theDuelist:GreyGreedOni","theDuelist:RedHeadedOni"],"picked":"theDuelist:RainbowOverdragon","floor":8},{"not_picked":["theDuelist:SpellShatteringArrow","theDuelist:BlizzardWarrior","theDuelist:ThousandEyesIdol","theDuelist:FairyBox"],"picked":"theDuelist:WitchBlackRose","floor":10},{"not_picked":["theDuelist:Blockman","theDuelist:GraniteLoyalist","theDuelist:HammerShot","theDuelist:Mathematician"],"picked":"theDuelist:LightningDarts","floor":11},{"not_picked":["theDuelist:BlizzardWarrior","theDuelist:DarkMagician","theDuelist:Mudballman","theDuelist:LordD"],"picked":"theDuelist:InjectionFairy","floor":12},{"not_picked":["theDuelist:MagicalBlast","theDuelist:ContractExodia","theDuelist:GiantTrunade","theDuelist:GoblinSecret"],"picked":"theDuelist:InfernoFireBlast","floor":14},{"not_picked":["theDuelist:QueenDragunDjinn","theDuelist:VoidVanishment","theDuelist:GrandSpellbookTower","theDuelist:ThousandEyesRestrict"],"picked":"theDuelist:DarkPaladin","floor":16},{"not_picked":["theDuelist:WormKing","theDuelist:BlockGolem","theDuelist:EvilswarmHeliotrope","theDuelist:ReleaseFromStone"],"picked":"theDuelist:MillenniumGolem","floor":18},{"not_picked":["theDuelist:Fissure","theDuelist:LabyrinthWall+1","theDuelist:JamBreeding","theDuelist:MagicalStone"],"picked":"theDuelist:ReinforcementsArmy","floor":19},{"not_picked":["theDuelist:DarkMagician","theDuelist:SpiritHarp","theDuelist:GeminiElf","theDuelist:FogKing+1"],"picked":"theDuelist:InjectionFairy","floor":21},{"not_picked":["theDuelist:RainbowDarkDragon","theDuelist:RainbowMagician","theDuelist:RainbowKuriboh"],"picked":"theDuelist:IrisEarthMother","floor":24},{"not_picked":["theDuelist:SangaThunder","theDuelist:NeoMagic+1","theDuelist:DarkMagician","theDuelist:FogKing"],"picked":"theDuelist:InjectionFairy","floor":25},{"not_picked":["theDuelist:SpellShatteringArrow","theDuelist:SangaThunder","theDuelist:NeoMagic","theDuelist:ExodiaRA"],"picked":"theDuelist:InjectionFairy","floor":27},{"not_picked":["theDuelist:SangaEarth","theDuelist:BlizzardPrincess"],"picked":"theDuelist:GateGuardian","floor":28},{"not_picked":["theDuelist:ExodiaLA","theDuelist:InariFire","theDuelist:VoidExpansion","theDuelist:InfernoFireBlast"],"picked":"theDuelist:DoomShaman","floor":30},{"not_picked":["theDuelist:MudragonSwamp","theDuelist:GoldenApples","theDuelist:ScrapFactory","theDuelist:SphereKuriboh"],"picked":"theDuelist:MillenniumGolem","floor":31},{"not_picked":["theDuelist:VoidVanishment","theDuelist:GrandSpellbookTower","theDuelist:SwordsRevealing","theDuelist:ThousandEyesRestrict"],"picked":"theDuelist:IrisEarthMother+1","floor":33},{"not_picked":["theDuelist:BlizzardWarrior","theDuelist:SangaThunder","theDuelist:DarkMagician","theDuelist:CosmicHorrorGangiel"],"picked":"theDuelist:InjectionFairy+1","floor":35},{"not_picked":["theDuelist:SangaThunder","theDuelist:InjectionFairy","theDuelist:LordD","theDuelist:Illusionist+1"],"picked":"theDuelist:LegendaryFlameLord","floor":38},{"not_picked":["theDuelist:IrisEarthMother","theDuelist:RainbowMagician","theDuelist:RainbowKuriboh","theDuelist:RainbowOverdragon+1"],"picked":"theDuelist:RainbowDarkDragon+1","floor":39},{"not_picked":["theDuelist:FairyBox","theDuelist:NeoMagic","theDuelist:CallAtlanteans","theDuelist:PowerKaishin"],"picked":"theDuelist:InjectionFairy","floor":40},{"not_picked":["theDuelist:BlueBloodedOni","theDuelist:GreyGreedOni","theDuelist:PurplePainOni+1","theDuelist:RedHeadedOni"],"picked":"theDuelist:RainbowOverdragon","floor":42},{"not_picked":["Chrysalis","Finesse","Purity"],"picked":"Swift Strike","floor":44},{"not_picked":["theDuelist:SangaThunder+1","theDuelist:OnslaughtFireKings","theDuelist:SpiritHarp+1","theDuelist:LegendaryFlameLord+1"],"picked":"theDuelist:SpellShatteringArrow","floor":46},{"not_picked":["theDuelist:CallAtlanteans+1","theDuelist:BlueDragonSummoner+1","theDuelist:GeminiElf+1","theDuelist:VoidExpansion+1"],"picked":"theDuelist:InjectionFairy+1","floor":55}],"player_experience":1501997,"relics_obtained":[{"floor":6,"key":"Replay:PocketPolymizer"},{"floor":8,"key":"Blood Vial"},{"floor":9,"key":"Akabeko"},{"floor":12,"key":"Eternal Feather"},{"floor":19,"key":"Red Mask"},{"floor":22,"key":"Ring of Panic"},{"floor":22,"key":"Ring of Fury"},{"floor":24,"key":"Magic Flower"},{"floor":26,"key":"Centennial Puzzle"},{"floor":27,"key":"MealTicket"},{"floor":30,"key":"Quantum Egg"},{"floor":40,"key":"Kunai"},{"floor":42,"key":"theDuelist:BoosterPackTrapEgg"},{"floor":43,"key":"Toy Ornithopter"},{"floor":46,"key":"ReplayTheSpireMod:Shallot"},{"floor":55,"key":"theDuelist:AeroRelic"}],"event_choices":[{"damage_healed":0,"gold_gain":0,"player_choice":"Leave","duelist":true,"damage_taken":0,"max_hp_gain":0,"max_hp_loss":0,"event_name":"Relic Duplicator","floor":2,"gold_loss":0},{"damage_healed":0,"gold_gain":0,"player_choice":"Searched \u00271\u0027 times","damage_taken":0,"max_hp_gain":0,"max_hp_loss":0,"event_name":"Dead Adventurer","floor":12,"gold_loss":0},{"damage_healed":0,"gold_gain":0,"player_choice":"Fought Bandits","damage_taken":0,"max_hp_gain":0,"max_hp_loss":0,"event_name":"Masked Bandits","floor":19,"gold_loss":0},{"damage_healed":0,"gold_gain":0,"player_choice":"Got Potions","damage_taken":0,"max_hp_gain":0,"max_hp_loss":0,"event_name":"Lab","floor":36,"gold_loss":0},{"damage_healed":0,"gold_gain":0,"player_choice":"Worship - 20% roll at +12 Max HP","duelist":true,"damage_taken":0,"max_hp_gain":0,"max_hp_loss":0,"event_name":"Tomb of the Nameless","floor":41,"gold_loss":0},{"power_reward":4,"total_magic_score":123,"gold_gain":0,"duelist":true,"damage_taken":45,"relics_obtained":[],"points":14,"war_reward":4,"max_hp_gain":20,"max_hp_loss":0,"spent_points":{"magic":4,"greed":0,"war":4,"power":4,"hunger":2},"event_name":"Nameless Tomb","hunger_reward":2,"floor":47,"gold_loss":0,"magic_reward":4,"cards_obtained":["theDuelist:Nameless:Magic:ObeliskTormentor","theDuelist:Nameless:Power:ForbiddenLance","theDuelist:Nameless:War:BlueEyes"]},{"damage_healed":0,"gold_gain":0,"player_choice":"Ignored","damage_taken":0,"max_hp_gain":0,"max_hp_loss":0,"event_name":"The Moai Head","floor":48,"gold_loss":0}],"is_beta":false,"boss_relics":[{"not_picked":["Ring of Chaos","Astrolabe"],"picked":"Fusion Hammer"},{"not_picked":["Abe\u0027s Treasure","Electric Blood"],"picked":"Sozu"}],"items_purged_floors":[45],"is_endless":false,"potions_floor_spawned":[1,4,11,14,16,18,19,27,28,33,35,40,46,55],"killed_by":"The Heart","ascension_level":20}}