{"host":"reugk9pd1uotrglt","time":1611530666,"event":{"mods":["AchievementEnabler","BaseMod","BetterRewards","Colored Map","Custom Start","DeckTracker","Minty Spire (QoL Compilation)","Permanent Neow","Quick Restart","SuperFastMode"],"gold_per_floor":[117,134,43,53,66,66,97,97,97,110,139,139,154,75,75,148,148,161,174,64,77,87,122,122,132,158,176,15,27,56,74,74,149,149,171,192,192,1200,1200,1200,1213,1213,1213,1247,1259,748,761,77,77,77,77],"floor_reached":52,"language":"ENG","playtime":3062,"items_purged":[],"score":2000,"play_id":"a8e8c2f1-ffdd-4ed9-a7b8-3d2151770c79","local_time":"20210125002426","is_ascension_mode":true,"campfire_choices":[{"data":"Neutralize","floor":6.0,"key":"SMITH"},{"floor":12.0,"key":"REST"},{"floor":15.0,"key":"REST"},{"floor":24.0,"key":"REST"},{"data":"After Image","floor":32.0,"key":"SMITH"},{"data":"Noxious Fumes","floor":40,"key":"SMITH"},{"data":"After Image","floor":42,"key":"SMITH"},{"data":"A Thousand Cuts","floor":49,"key":"SMITH"}],"circlet_count":0,"master_deck":["AscendersBane","Survivor","Neutralize+1","Poisoned Stab+1","Quick Slash","Finesse","Backflip","Terror+1","Bouncing Flask","Blur","PiercingWail","Escape Plan","Heel Hook","Corpse Explosion","After Image+1","Blade Dance","A Thousand Cuts+1","Sucker Punch","Adrenaline","Noxious Fumes","Night Terror","Phantasmal Killer","Dagger Throw","Backflip","Noxious Fumes+1","Dodge and Roll","Blur","Blur","Catalyst","Quick Slash","After Image+1","Backflip","Well Laid Plans","After Image+1","Master of Strategy","Escape Plan","Noxious Fumes"],"relics":["Black Star","Centennial Puzzle","Mercury Hourglass","Omamori","Sundial","Oddly Smooth Stone","Pandora\u0027s Box","Paper Crane","Pen Nib","Bag of Marbles","Lee\u0027s Waffle","InkBottle","Toy Ornithopter","Calling Bell","CeramicFish","Mummified Hand","Unceasing Top","Spirit Poop","Blue Candle","Question Card","Gremlin Horn","DollysMirror","Happy Flower","Pantograph","Strawberry","Orrery"],"acts_visited":["Exordium","TheCity","TheBeyond"],"potions_floor_usage":[41,50,51],"damage_taken":[{"damage":0.0,"enemies":"Cultist","floor":1.0,"turns":4.0},{"damage":1.0,"enemies":"2 Louse","floor":2.0,"turns":3.0},{"damage":2.0,"enemies":"Jaw Worm","floor":4.0,"turns":4.0},{"damage":1.0,"enemies":"Red Slaver","floor":5.0,"turns":5.0},{"damage":30.0,"enemies":"3 Sentries","floor":7.0,"turns":7.0},{"damage":3.0,"enemies":"2 Fungi Beasts","floor":10.0,"turns":3.0},{"damage":19.0,"enemies":"Gremlin Nob","floor":11.0,"turns":4.0},{"damage":2.0,"enemies":"Large Slime","floor":13.0,"turns":6.0},{"damage":1.0,"enemies":"The Guardian","floor":16.0,"turns":12.0},{"damage":8.0,"enemies":"Spheric Guardian","floor":18.0,"turns":4.0},{"damage":18.0,"enemies":"2 Thieves","floor":19.0,"turns":2.0},{"damage":19.0,"enemies":"Snecko","floor":21.0,"turns":5.0},{"damage":0.0,"enemies":"Centurion and Healer","floor":22.0,"turns":7.0},{"damage":2.0,"enemies":"Book of Stabbing","floor":23.0,"turns":3.0},{"damage":3.0,"enemies":"Snake Plant","floor":25.0,"turns":4.0},{"damage":24.0,"enemies":"Snecko","floor":27.0,"turns":5.0},{"damage":3.0,"enemies":"Cultist and Chosen","floor":29.0,"turns":5.0},{"damage":17.0,"enemies":"Gremlin Leader","floor":30.0,"turns":6.0},{"damage":2.0,"enemies":"Snake Plant","floor":31.0,"turns":4.0},{"damage":52.0,"enemies":"Automaton","floor":33.0,"turns":11.0},{"damage":0,"enemies":"Orb Walker","floor":35,"turns":3},{"damage":7,"enemies":"3 Shapes","floor":36,"turns":4},{"damage":15,"enemies":"3 Darklings","floor":41,"turns":5},{"damage":0,"enemies":"Nemesis","floor":44,"turns":7},{"damage":5,"enemies":"Writhing Mass","floor":45,"turns":6},{"damage":0,"enemies":"Sphere and 2 Shapes","floor":47,"turns":3},{"damage":10,"enemies":"Donu and Deca","floor":50,"turns":8},{"damage":1,"enemies":"Awakened One","floor":51,"turns":13}],"seed_played":"-2848824018811369548","potions_obtained":[{"floor":2.0,"key":"PowerPotion"},{"floor":7.0,"key":"SkillPotion"},{"floor":10.0,"key":"LiquidBronze"},{"floor":13.0,"key":"SkillPotion"},{"floor":16.0,"key":"DuplicationPotion"},{"floor":18.0,"key":"SteroidPotion"},{"floor":22.0,"key":"Energy Potion"},{"floor":23.0,"key":"Fire Potion"},{"floor":31.0,"key":"AttackPotion"},{"floor":36,"key":"Regen Potion"},{"floor":44,"key":"Energy Potion"},{"floor":47,"key":"PowerPotion"}],"is_trial":false,"path_per_floor":["M","M","$","M","M","R","E","?","T","M","E","R","M","$","R","B",null,"M","M","?","M","M","E","R","M","T","M","$","M","E","M","R","B",null,"M","M","?","?","?","R","M","R","T","E","M","$","M","$","R","B","B",null],"character_chosen":"THE_SILENT","items_purchased":["Finesse","Heel Hook","Lee\u0027s Waffle","DollysMirror","Master of Strategy","Happy Flower","Pantograph","Escape Plan","Strawberry","Orrery"],"campfire_rested":3,"item_purchase_floors":[3,14,28,46,46,46,48,48,48,48],"current_hp_per_floor":[59,58,58,56,55,55,25,25,25,22,3,22,20,20,39,38,59,51,33,33,14,14,12,31,28,28,4,73,70,53,51,51,4,56,56,49,49,49,49,49,54,54,54,54,49,49,49,56,56,70,79],"gold":77,"neow_bonus":"BOSS_RELIC","is_daily":false,"chose_seed":false,"campfire_upgraded":5,"win_rate":0.0,"timestamp":1611530666,"path_taken":["M","?","?","M","M","R","E","?","T","?","E","R","M","$","R","BOSS","M","M","?","M","?","E","R","M","T","M","$","M","E","M","R","BOSS","M","M","?","?","?","R","M","R","T","E","M","$","M","$","R","BOSS","BOSS"],"items_purchased_type":["Card","Card","Relic","Relic","Card","Relic","Relic","Card","Relic","Relic"],"build_version":"2020-12-22","purchased_purges":0,"victory":true,"max_hp_per_floor":[66,66,66,66,66,66,66,66,66,66,66,66,66,66,66,66,66,66,66,66,66,66,66,66,66,66,66,73,73,73,73,73,73,73,73,73,73,73,73,73,73,73,73,73,73,73,73,80,80,80,80],"card_choices":[{"not_picked":["Slice","Flechettes"],"picked":"Poisoned Stab","floor":1.0},{"not_picked":["Outmaneuver","Deadly Poison"],"picked":"Quick Slash","floor":2.0},{"not_picked":["Concentrate","Footwork"],"picked":"Backflip","floor":4.0},{"not_picked":["Finisher","Slice"],"picked":"Terror","floor":5.0},{"not_picked":["Eviscerate","Slice"],"picked":"Bouncing Flask","floor":7.0},{"not_picked":["Finisher","Deadly Poison"],"picked":"Blur","floor":10.0},{"not_picked":["Leg Sweep","Burst"],"picked":"PiercingWail","floor":11.0},{"not_picked":["Slice","Dash"],"picked":"Escape Plan","floor":13.0},{"not_picked":["Phantasmal Killer","Bullet Time"],"picked":"Corpse Explosion","floor":16.0},{"not_picked":["Deflect","Bane"],"picked":"Backflip","floor":18.0},{"not_picked":["Sucker Punch","Blade Dance"],"picked":"Noxious Fumes","floor":19.0},{"not_picked":["Blade Dance","Acrobatics"],"picked":"Dodge and Roll","floor":21.0},{"not_picked":["Bane+1","Skewer","Eviscerate+1"],"picked":"SKIP","floor":22.0},{"not_picked":["Bane","Acrobatics"],"picked":"Blur","floor":23.0},{"not_picked":["Dagger Spray","Acrobatics"],"picked":"Blur","floor":25.0},{"not_picked":["Deadly Poison","Crippling Poison","Endless Agony+1"],"picked":"SKIP","floor":27.0},{"not_picked":["Masterful Stab","Crippling Poison"],"picked":"Catalyst","floor":29.0},{"not_picked":["Skewer","Predator"],"picked":"Quick Slash","floor":30.0},{"not_picked":["Crippling Poison","Flying Knee"],"picked":"After Image","floor":31.0},{"not_picked":["Backstab","Eviscerate+1"],"picked":"Backflip","floor":35},{"not_picked":["Flechettes+1","Flying Knee+1"],"picked":"Well Laid Plans","floor":36},{"not_picked":["Underhanded Strike","Blade Dance+1","Eviscerate"],"picked":"SKIP","floor":41},{"not_picked":["Acrobatics","Bane","Underhanded Strike+1"],"picked":"SKIP","floor":44},{"not_picked":["Dagger Throw","Riddle With Holes","Grand Finale","Cloak And Dagger"],"picked":"SKIP","floor":45},{"not_picked":["Riddle With Holes","Outmaneuver+1","Infinite Blades","Cloak And Dagger"],"picked":"SKIP","floor":47},{"not_picked":["Heel Hook","Dash","Predator"],"picked":"Noxious Fumes","floor":48}],"player_experience":1501708,"relics_obtained":[{"floor":7.0,"key":"Centennial Puzzle"},{"floor":7.0,"key":"Mercury Hourglass"},{"floor":9.0,"key":"Omamori"},{"floor":11.0,"key":"Sundial"},{"floor":11.0,"key":"Oddly Smooth Stone"},{"floor":23.0,"key":"Paper Crane"},{"floor":23.0,"key":"Pen Nib"},{"floor":26.0,"key":"Bag of Marbles"},{"floor":30.0,"key":"InkBottle"},{"floor":30.0,"key":"Toy Ornithopter"},{"floor":34,"key":"CeramicFish"},{"floor":34,"key":"Mummified Hand"},{"floor":34,"key":"Unceasing Top"},{"floor":43,"key":"Blue Candle"},{"floor":44,"key":"Question Card"},{"floor":44,"key":"Gremlin Horn"}],"event_choices":[{"damage_healed":0.0,"max_hp_gain":0.0,"max_hp_loss":0.0,"gold_gain":0.0,"event_name":"Upgrade Shrine","player_choice":"Upgraded","floor":8.0,"gold_loss":0.0,"damage_taken":0.0,"cards_upgraded":["Terror"]},{"cards_removed":["Terror"],"damage_healed":0.0,"max_hp_gain":0.0,"max_hp_loss":0.0,"gold_gain":0.0,"event_name":"Designer","player_choice":"Upgrade and Remove","floor":20.0,"gold_loss":110.0,"damage_taken":0.0,"cards_upgraded":["Poisoned Stab"]},{"damage_healed":0,"gold_gain":0,"player_choice":"Ignored","damage_taken":0,"max_hp_gain":0,"max_hp_loss":0,"event_name":"Tomb of Lord Red Mask","floor":37,"gold_loss":0},{"damage_healed":0,"gold_gain":999,"player_choice":"Gold","damage_taken":0,"max_hp_gain":0,"max_hp_loss":0,"event_name":"MindBloom","floor":38,"gold_loss":0,"cards_obtained":["Normality","Normality"]},{"cards_removed":["Normality"],"damage_healed":0,"gold_gain":0,"player_choice":"Offered Curse","damage_taken":0,"relics_obtained":["Spirit Poop"],"max_hp_gain":0,"max_hp_loss":0,"event_name":"Bonfire Elementals","floor":39,"gold_loss":0}],"is_beta":false,"boss_relics":[{"not_picked":["Cursed Key","Runic Pyramid"],"picked":"Pandora\u0027s Box"},{"not_picked":["SlaversCollar","Velvet Choker"],"picked":"Calling Bell"}],"items_purged_floors":[],"is_endless":false,"potions_floor_spawned":[2,7,10,13,16,18,21,22,23,31,36,44,47],"ascension_level":20}}