{"host":"hl2lcm3kcu0x5jvn","time":1611467354,"event":{"mods":["AchievementEnabler","BaseMod","Conspire","Downfall","Friendly Minions","Highlight Path","Hubris","Infinite Spire","Lobotomy","Minty Spire (QoL Compilation)","Replay The Spire","Shop Mod","StSLib","everything is the same but u backflip on backflip","vexMod"],"gold_per_floor":[99,99,180,195,210,225,300,200,215,230,73,96,127,142,165,165,165,165],"floor_reached":16,"language":"ENG","playtime":1023,"items_purged":[],"score":123,"play_id":"0c2fd660-0b82-4b85-b2da-3b8f12be7295","local_time":"20210124124914","daily_mods":["Specialized","Vintage","downfall:WorldOfGoo"],"is_ascension_mode":false,"campfire_choices":[{"floor":1,"key":"RECALL"},{"data":"hexamod:Sear","floor":8,"key":"SMITH"}],"circlet_count":0,"master_deck":["hexamod:Strike","hexamod:Strike","hexamod:Strike","hexamod:Strike","hexamod:Defend","hexamod:Defend","hexamod:Defend","hexamod:Defend","hexamod:Sear+1","hexamod:Float","hexamod:HeatShield","hexamod:HeatShield","hexamod:HeatShield","hexamod:HeatShield","hexamod:HeatShield","ReplayTheSpireMod:Splinters","hexamod:ThermalTransfer","hexamod:FirstSeal","hexamod:UnleashSpirits","hexamod:SecondSeal","hexamod:SecondSeal","ReplayTheSpireMod:Uncanny Aura"],"relics":["hexamod:SpiritBrand","hubris:TenFootPole","conspire:TopHat","PreservedInsect","MealTicket","infinitespire:WardingShard","downfall:HeartBlessingRed","Bag of Marbles","hexamod:BolsterEngine","Smiling Mask","Bag of Preparation","infinitespire:Beetle Shell","Bronze Scales"],"acts_visited":["Exordium"],"potions_floor_usage":[16,16,16],"damage_taken":[{"damage":0,"enemies":"Small Slimes","floor":4,"turns":4},{"damage":6,"enemies":"Jaw Worm","floor":5,"turns":3},{"damage":1,"enemies":"Cultist","floor":6,"turns":3},{"damage":26,"enemies":"Gremlin Gang","floor":9,"turns":7},{"damage":1,"enemies":"2 Fungi Beasts","floor":10,"turns":4},{"damage":2,"enemies":"downfall:FleeingMerchant","floor":11,"turns":4},{"damage":9,"enemies":"Blue Slaver","floor":12,"turns":3},{"damage":13,"enemies":"Lots of Slimes","floor":13,"turns":5},{"damage":10,"enemies":"Exordium Thugs","floor":14,"turns":3},{"damage":21,"enemies":"Large Slime","floor":15,"turns":6},{"damage":59,"enemies":"Fading Forest","floor":16,"turns":10}],"seed_played":"-992185634128019100","potions_obtained":[{"floor":5,"key":"LiquidMemories"},{"floor":6,"key":"hexamod:EctoCoolerPotion"},{"floor":13,"key":"Swift Potion"},{"floor":15,"key":"EssenceOfSteel"}],"is_trial":false,"path_per_floor":["R","?","?","M","M","M","T","R","M","M","$","M","M","M","M","B"],"character_chosen":"THE_SPIRIT","items_purchased":["hexamod:SecondSeal","ReplayTheSpireMod:Uncanny Aura"],"campfire_rested":0,"item_purchase_floors":[11,11],"current_hp_per_floor":[70,70,70,70,70,70,70,70,51,57,70,68,62,59,45,0,0,0],"gold":165,"neow_bonus":"","is_daily":true,"chose_seed":false,"campfire_upgraded":1,"win_rate":0.0,"timestamp":1611467354,"path_taken":["R","?","?","M","M","M","T","R","M","M","$","M","?","?","M","BOSS"],"items_purchased_type":["Card","Card"],"build_version":"2020-12-22","purchased_purges":0,"victory":false,"max_hp_per_floor":[70,70,70,70,70,70,70,70,70,70,70,70,70,70,70,70,70,70],"card_choices":[{"not_picked":["hexamod:InspiringFlames","hexamod:Firestarter"],"picked":"hexamod:ThermalTransfer","floor":3},{"not_picked":["hexamod:ThermalTransfer","hexamod:SpectersWail"],"picked":"hexamod:FirstSeal","floor":3},{"not_picked":["hexamod:PowerFromBeyond","hexamod:GhostLash"],"picked":"hexamod:UnleashSpirits","floor":11}],"player_experience":110651,"relics_obtained":[{"floor":3,"key":"hubris:TenFootPole"},{"floor":4,"key":"conspire:TopHat"},{"floor":5,"key":"PreservedInsect"},{"floor":6,"key":"MealTicket"},{"floor":7,"key":"infinitespire:WardingShard"},{"floor":9,"key":"Bag of Marbles"},{"floor":10,"key":"hexamod:BolsterEngine"},{"floor":12,"key":"Smiling Mask"},{"floor":13,"key":"Bag of Preparation"},{"floor":14,"key":"infinitespire:Beetle Shell"},{"floor":15,"key":"Bronze Scales"}],"event_choices":[{"damage_healed":0,"gold_gain":0,"player_choice":"Ignored","damage_taken":0,"max_hp_gain":0,"max_hp_loss":0,"event_name":"Shining Light","floor":2,"gold_loss":0}],"is_beta":false,"boss_relics":[],"items_purged_floors":[],"is_endless":false,"potions_floor_spawned":[5,6,13,14,15],"killed_by":"Fading Forest","ascension_level":0}}