{"host":"p7cjtxxrilhp4dw7","time":1611459456,"event":{"mods":["BaseMod","Block Reminder","Colored Map","Curses Come First","Highlight Path","Minty Spire (QoL Compilation)","Replay The Spire","StSLib","The Hierophant"],"gold_per_floor":[109,109,129,129,139,165,165,177,203,203,203,203,230,230,230,333,333,348,358,119,134,134,160,160,170,238,153,153,172,172,198,198,296,296,337,355,372,134,153,184,184,249,276,288,288,313,313,333,333,333],"floor_reached":51,"language":"ENG","playtime":3932,"items_purged":[],"score":1144,"play_id":"4b0312f7-c2e5-49a2-b854-adca1e51eb9e","local_time":"20210123203736","is_ascension_mode":true,"campfire_choices":[{"floor":7,"key":"REST"},{"data":"Wish","floor":10,"key":"SMITH"},{"floor":15,"key":"DIG"},{"data":"Scrawl","floor":24,"key":"SMITH"},{"floor":28,"key":"REST"},{"data":"WaveOfTheHand","floor":30,"key":"SMITH"},{"data":"TalkToTheHand","floor":30,"key":"SMITH"},{"floor":32,"key":"REST"},{"floor":41,"key":"REST"},{"data":"Wallop","floor":45,"key":"SMITH"},{"data":"Establishment","floor":45,"key":"SMITH"},{"floor":49,"key":"REST"}],"circlet_count":0,"master_deck":["Strike_P+1","Strike_P+1","Strike_P","Defend_P","Defend_P","Defend_P","Defend_P","Eruption+1","Vigilance","FlyingSleeves","ClearTheMind","Consecrate+1","Wish+1","FollowUp","TalkToTheHand+1","Protect+1","Scrawl+1","CurseOfTheBell","ReachHeaven","Wallop+1","WaveOfTheHand+1","EmptyFist","Evaluate+1","Meditate","Establishment+1","EmptyBody+1","Tantrum+1","Pain","Consecrate+1"],"relics":["PureWater","Akabeko","PreservedInsect","Replay:Mystery Machine","Replay:Towering Pillar of Hats","Ancient Tea Set","Iron Hammer","Calling Bell","Gremlin Food","Singing Bowl","Du-Vu Doll","MutagenicStrength","Replay:Bottled Flurry","Darkstone Periapt","Replay:Arrowhead","Smiling Mask","SacredBark","Snack Pack","CaptainsWheel","Blue Candle","Dream Catcher","Unceasing Top","WarpedTongs"],"acts_visited":["Exordium","TheCity","TheBeyond"],"potions_floor_usage":[16,20,33,36,50,50],"damage_taken":[{"damage":1,"enemies":"Cultist","floor":1,"turns":3},{"damage":0,"enemies":"2 Louse","floor":3,"turns":1},{"damage":0,"enemies":"Jaw Worm","floor":5,"turns":2},{"damage":18,"enemies":"Gremlin Nob","floor":6,"turns":5},{"damage":9,"enemies":"Exordium Wildlife","floor":8,"turns":4},{"damage":0,"enemies":"Lagavulin","floor":13,"turns":3},{"damage":0,"enemies":"Slime Boss","floor":16,"turns":3},{"damage":12,"enemies":"Shell Parasite","floor":18,"turns":2},{"damage":0,"enemies":"Chosen","floor":19,"turns":2},{"damage":0,"enemies":"Snecko","floor":21,"turns":4},{"damage":2,"enemies":"Slavers","floor":23,"turns":4},{"damage":7,"enemies":"Snake Plant","floor":25,"turns":4},{"damage":2,"enemies":"3 Cultists","floor":29,"turns":4},{"damage":13,"enemies":"Replay:Snechameleon","floor":31,"turns":5},{"damage":32,"enemies":"Automaton","floor":33,"turns":8},{"damage":14,"enemies":"3 Shapes","floor":35,"turns":4},{"damage":2,"enemies":"3 Darklings","floor":36,"turns":4},{"damage":0,"enemies":"Spire Growth","floor":37,"turns":3},{"damage":8,"enemies":"4 Shapes","floor":39,"turns":5},{"damage":3,"enemies":"Nemesis","floor":40,"turns":5},{"damage":12,"enemies":"R_Hoarder","floor":42,"turns":7},{"damage":2,"enemies":"Transient","floor":44,"turns":5},{"damage":19,"enemies":"Reptomancer","floor":46,"turns":5},{"damage":20,"enemies":"3 Darklings","floor":48,"turns":5},{"damage":13,"enemies":"Awakened One","floor":50,"turns":9}],"seed_played":"-8194835341297179206","potions_obtained":[{"floor":6,"key":"Milkshake"},{"floor":13,"key":"BottledMiracle"},{"floor":18,"key":"Reflective Coating"},{"floor":21,"key":"BlessingOfTheForge"},{"floor":31,"key":"Explosive Potion"},{"floor":35,"key":"FairyPotion"},{"floor":40,"key":"FearPotion"},{"floor":48,"key":"Dexterity Potion"}],"is_trial":false,"path_per_floor":["M","?","M","$","M","E","R","M","T","R","?","T","E","$","R_BF","B",null,"M","M","$","M","?","E","R","M","T","?","R","M","R","E","R","B",null,"M","M","M","$","M","E","R","E","T","M","R","E","?","M","R","B",null],"character_chosen":"WATCHER","items_purchased":["Wallop","WaveOfTheHand","Fruit Juice","Snack Pack"],"campfire_rested":5,"item_purchase_floors":[20,20,20,38],"current_hp_per_floor":[64,64,64,64,64,46,67,58,58,58,58,58,58,58,58,58,69,59,59,64,66,66,66,66,59,59,59,83,81,81,68,83,51,75,63,61,63,63,57,60,87,85,85,87,87,78,84,68,98,97],"gold":333,"neow_bonus":"RANDOM_COMMON_RELIC","is_daily":false,"chose_seed":false,"campfire_upgraded":6,"win_rate":0.0,"timestamp":1611459456,"path_taken":["M","?","M","?","?","E","R","M","T","R","?","?","E","?","R_BF","BOSS","M","M","$","M","?","E","R","M","T","?","R","M","R","E","R","BOSS","M","M","M","$","M","E","R","E","T","M","R","E","?","?","R","BOSS"],"items_purchased_type":["Card","Card","Potion","Relic"],"build_version":"2020-12-22","purchased_purges":0,"victory":true,"max_hp_per_floor":[72,72,72,72,72,72,72,72,72,72,72,72,72,72,72,72,72,74,74,79,81,81,83,83,83,83,83,83,83,83,83,83,83,83,85,85,87,87,89,91,91,93,93,93,93,95,101,103,103,103],"card_choices":[{"not_picked":["EmptyFist","FollowUp"],"picked":"FlyingSleeves","floor":1},{"not_picked":["Halt","FlyingSleeves"],"picked":"Consecrate","floor":3},{"not_picked":["Evaluate","Protect"],"picked":"Wish","floor":5},{"not_picked":["Protect","Halt"],"picked":"FollowUp","floor":6},{"not_picked":["Study","Evaluate"],"picked":"TalkToTheHand","floor":8},{"not_picked":["DeusExMachina","InnerPeace"],"picked":"Protect","floor":13},{"not_picked":["Wish","Vault"],"picked":"Scrawl","floor":16},{"not_picked":["ThirdEye","Worship","Indignation"],"picked":"Singing Bowl","floor":18},{"not_picked":["DeceiveReality+1","BattleHymn"],"picked":"ReachHeaven","floor":19},{"not_picked":["ReachHeaven","FlurryOfBlows","BattleHymn"],"picked":"Singing Bowl","floor":21},{"not_picked":["WreathOfFlame","Worship","Replay:AtTheReady"],"picked":"Singing Bowl","floor":23},{"not_picked":["BattleHymn+1","Replay:AllIn"],"picked":"EmptyFist","floor":25},{"not_picked":["FollowUp","Protect"],"picked":"Evaluate+1","floor":29},{"not_picked":["Wallop","ReachHeaven"],"picked":"Meditate","floor":31},{"not_picked":["DeusExMachina","ConjureBlade"],"picked":"Establishment","floor":33},{"not_picked":["Replay:ManipulateFuture+1","Study+1","CrushJoints"],"picked":"Singing Bowl","floor":35},{"not_picked":["CrushJoints","Prostrate"],"picked":"EmptyBody+1","floor":36},{"not_picked":["BattleHymn","Consecrate+1","EmptyBody+1"],"picked":"Singing Bowl","floor":37},{"not_picked":["WaveOfTheHand+1","EmptyFist+1","Wireheading"],"picked":"Singing Bowl","floor":39},{"not_picked":["LessonLearned","Crescendo","Adaptation+1"],"picked":"Singing Bowl","floor":40},{"not_picked":["CutThroughFate+1","SignatureMove+1","ThirdEye+1"],"picked":"Singing Bowl","floor":42},{"not_picked":["Consecrate+1","BowlingBash"],"picked":"Tantrum+1","floor":44},{"not_picked":["CutThroughFate+1","Study+1","EmptyBody"],"picked":"Singing Bowl","floor":46},{"not_picked":["ThirdEye","FlyingSleeves","Protect"],"picked":"Singing Bowl","floor":48},{"not_picked":["LikeWater+1","Protect"],"picked":"Consecrate+1","floor":49}],"player_experience":582341,"relics_obtained":[{"floor":6,"key":"PreservedInsect"},{"floor":9,"key":"Replay:Mystery Machine"},{"floor":12,"key":"Replay:Towering Pillar of Hats"},{"floor":13,"key":"Ancient Tea Set"},{"floor":15,"key":"Iron Hammer"},{"floor":17,"key":"Gremlin Food"},{"floor":17,"key":"Singing Bowl"},{"floor":17,"key":"Du-Vu Doll"},{"floor":23,"key":"Replay:Bottled Flurry"},{"floor":26,"key":"Darkstone Periapt"},{"floor":31,"key":"Smiling Mask"},{"floor":40,"key":"CaptainsWheel"},{"floor":42,"key":"Blue Candle"},{"floor":43,"key":"Dream Catcher"},{"floor":46,"key":"Unceasing Top"}],"event_choices":[{"damage_healed":0,"gold_gain":0,"cards_transformed":["Strike_P"],"player_choice":"Transformed","damage_taken":0,"max_hp_gain":0,"max_hp_loss":0,"event_name":"Transmorgrifier","floor":2,"gold_loss":0,"cards_obtained":["ClearTheMind"]},{"damage_healed":0,"gold_gain":0,"player_choice":"Grow","damage_taken":0,"max_hp_gain":0,"max_hp_loss":0,"event_name":"Living Wall","floor":11,"gold_loss":0,"cards_upgraded":["Eruption"]},{"damage_healed":0,"gold_gain":0,"player_choice":"Inject Mutagens","damage_taken":0,"relics_obtained":["MutagenicStrength"],"max_hp_gain":0,"max_hp_loss":0,"event_name":"Drug Dealer","floor":22,"gold_loss":0},{"damage_healed":0,"gold_gain":0,"player_choice":"Obtained Relic","damage_taken":0,"relics_obtained":["Replay:Arrowhead"],"max_hp_gain":0,"max_hp_loss":0,"event_name":"Addict","floor":27,"gold_loss":85},{"damage_healed":0,"gold_gain":0,"player_choice":"Rummage","damage_taken":0,"relics_obtained":["WarpedTongs"],"max_hp_gain":0,"max_hp_loss":0,"event_name":"Accursed Blacksmith","floor":47,"gold_loss":0,"cards_obtained":["Pain"]}],"is_beta":false,"boss_relics":[{"not_picked":["Kintsugi","Ectoplasm"],"picked":"Calling Bell"},{"not_picked":["Empty Cage","Busted Crown"],"picked":"SacredBark"}],"items_purged_floors":[],"is_endless":false,"potions_floor_spawned":[6,13,18,21,29,31,35,40,48],"ascension_level":7}}