{"host":"2q4w55ev63ot6isg","time":1611472562,"event":{"mods":["Aspiration","BaseMod","Downfall","Hubris","Marisa????????","Minty Spire (QoL Compilation)","Replay The Spire","StSLib","The Cursed","The Jungle","The Servant 0.9.4"],"gold_per_floor":[119,136,136,136,86,86,161,174,225,255,8,23,23,23,23,128,128,109,109,209,219,236,268,268,40,40,59,70,70,82,1,1,96,96,112,125,137,37,37,65,65,190,260,260,309,53,81,98,190,190],"floor_reached":51,"language":"ENG","playtime":2264,"items_purged":["downfall:Icky","Injury"],"score":848,"play_id":"b9750858-b5e1-45bd-9b32-530759ee86e7","local_time":"20210123231602","is_ascension_mode":true,"campfire_choices":[{"data":"Fission","floor":6.0,"key":"SMITH"},{"floor":13.0,"key":"REST"},{"data":"Zap","floor":15.0,"key":"SMITH"},{"floor":24.0,"key":"REST"},{"data":"Defragment","floor":41.0,"key":"SMITH"}],"circlet_count":0,"master_deck":["Strike_B+1","Strike_B+1","Defend_B+1","Defend_B+1","Defend_B+1","Defend_B+1","Zap+1","Dualcast","Fission+1","FTL","Chill","Undo","Defragment+1","Ball Lightning","Reboot","Time Bomb+1","CurseOfTheBell","CurseOfTheBell","hubris:DoWhile+1","Conserve Battery","BootSequence","Creative AI","Conserve Battery","Defragment+1","Electrodynamics","Conserve Battery+1","Lockon+1","Tempest+1","Defragment","Glacier+1","Streamline","ReplayTheSpireMod:Splinters","Hologram+1"],"relics":["Cracked Core","Ring of Hypnosis","Vajra","Replay:Mystery Machine","hubris:RGBLights","Replay:Bronze Core","downfall:ExtraCursedBell","Replay:Antivirus Software","Solar Panel","Durian","Ginger","Nunchaku","Counterbalance","Coffee Dripper","hubris:Icosahedron","Meat on the Bone","aspiration:StickyExplosives_weak","Eternal Feather","CatCart","hubris:MysteriousPyramids","ReplayTheSpireMod:TigerMarble","Replay:Wax Seal"],"acts_visited":["Exordium","TheCity","TheBeyond"],"potions_floor_usage":[50,50,50],"damage_taken":[{"damage":1.0,"enemies":"Jaw Worm","floor":1.0,"turns":5.0},{"damage":7.0,"enemies":"Small Slimes","floor":2.0,"turns":2.0},{"damage":7.0,"enemies":"2 Louse","floor":8.0,"turns":2.0},{"damage":14.0,"enemies":"Lagavulin","floor":10.0,"turns":8.0},{"damage":4.0,"enemies":"Red Slaver","floor":12.0,"turns":2.0},{"damage":6.0,"enemies":"The Guardian","floor":16.0,"turns":9.0},{"damage":8.0,"enemies":"2 Thieves","floor":18.0,"turns":5.0},{"damage":23.0,"enemies":"Shell Parasite","floor":21.0,"turns":6.0},{"damage":10.0,"enemies":"Centurion and Healer","floor":22.0,"turns":8.0},{"damage":52.0,"enemies":"Book of Stabbing","floor":23.0,"turns":9.0},{"damage":18.0,"enemies":"Snake Plant","floor":27.0,"turns":5.0},{"damage":21.0,"enemies":"Snecko","floor":28.0,"turns":7.0},{"damage":4.0,"enemies":"Centurion and Healer","floor":30.0,"turns":7.0},{"damage":25.0,"enemies":"Collector","floor":33.0,"turns":10.0},{"damage":1.0,"enemies":"3 Shapes","floor":35.0,"turns":6.0},{"damage":2.0,"enemies":"3 Darklings","floor":36.0,"turns":4.0},{"damage":3.0,"enemies":"Maw","floor":37.0,"turns":8.0},{"damage":12.0,"enemies":"Giant Head","floor":40.0,"turns":7.0},{"damage":7.0,"enemies":"Nemesis","floor":42.0,"turns":5.0},{"damage":0.0,"enemies":"Orin","floor":45.0,"turns":8.0},{"damage":26.0,"enemies":"R_Hoarder","floor":47.0,"turns":6.0},{"damage":0.0,"enemies":"4 Shapes","floor":48.0,"turns":5.0},{"damage":43,"enemies":"Awakened One","floor":50,"turns":9}],"seed_played":"-3500725740384753959","potions_obtained":[{"floor":10.0,"key":"Elixir"},{"floor":12.0,"key":"FairyPotion"},{"floor":16.0,"key":"FocusPotion"},{"floor":22.0,"key":"BlessingOfTheForge"},{"floor":23.0,"key":"Swift Potion"},{"floor":30.0,"key":"Strength Potion"},{"floor":40.0,"key":"Flashbang"},{"floor":47.0,"key":"PotionOfCapacity"},{"floor":48,"key":"Block Potion"}],"is_trial":false,"path_per_floor":["M","M","?","?","?","R","?","M","T","E","$","M","R","?","R","B",null,"M","?","?","M","M","E","R","$","T","M","M","?","M","$","R","B",null,"M","M","M","$","?","E","R","E","T","?","?","$","E","M","R","B",null],"character_chosen":"DEFECT","items_purchased":["hubris:RGBLights","Nunchaku","Defragment","hubris:MysteriousPyramids"],"campfire_rested":2,"item_purchase_floors":[11,25,31,46],"current_hp_per_floor":[74,67,60,60,60,60,53,46,46,32,32,28,50,50,50,44,75,67,67,72,53,51,24,48,48,48,42,31,31,31,31,55,46,80,80,80,80,80,80,68,68,65,65,65,75,75,55,59,77,50],"gold":190,"neow_bonus":"ONE_RANDOM_RARE_CARD","is_daily":false,"chose_seed":false,"campfire_upgraded":3,"win_rate":0.0,"timestamp":1611472562,"path_taken":["M","M","?","?","?","R","?","?","T","E","$","M","R","?","R","BOSS","M","?","?","M","M","E","R","?","T","M","?","?","M","$","R","BOSS","M","M","M","$","?","E","R","E","T","?","?","$","E","M","R","BOSS"],"items_purchased_type":["Relic","Relic","Card","Relic"],"build_version":"2020-12-22","purchased_purges":2,"victory":true,"max_hp_per_floor":[75,75,75,75,75,75,75,75,75,75,75,75,75,75,75,75,75,75,75,80,80,80,80,80,80,80,80,80,80,80,80,80,80,80,80,80,80,80,80,80,80,80,80,80,80,80,80,80,80,80],"card_choices":[{"not_picked":["Barrage","Hologram"],"picked":"FTL","floor":1.0},{"not_picked":["BasicCrystalCard","Compile Driver"],"picked":"Chill","floor":2.0},{"not_picked":["Panic Button","White Noise"],"picked":"Undo","floor":8.0},{"not_picked":["ReplaySort","Auto Shields"],"picked":"Defragment","floor":10.0},{"not_picked":["Rip and Tear","Rebound"],"picked":"Ball Lightning","floor":12.0},{"not_picked":["Biased Cognition","Meteor Strike"],"picked":"Reboot","floor":16.0},{"not_picked":["Heatsinks","ReplaySolidLightProjector"],"picked":"Time Bomb+1","floor":18.0},{"not_picked":["Leap+1","Cold Snap+1"],"picked":"Conserve Battery","floor":21.0},{"not_picked":["ReplayTheSpireMod:Repulse","Compile Driver"],"picked":"BootSequence","floor":22.0},{"not_picked":["Reprogram","Turbo+1"],"picked":"Creative AI","floor":23.0},{"not_picked":["ReplayGash","Turbo","Barrage"],"picked":"SKIP","floor":27.0},{"not_picked":["Coolheaded","Turbo","Reprogram"],"picked":"SKIP","floor":28.0},{"not_picked":["BasicCrystalCard","Skim+1"],"picked":"Conserve Battery","floor":30.0},{"not_picked":["ReplayTheSpireMod:Fabricate Wheel","Buffer"],"picked":"Electrodynamics","floor":33.0},{"not_picked":["Panic Button","BasicCrystalCard+1"],"picked":"Conserve Battery+1","floor":35.0},{"not_picked":["Rebound","Coolheaded+1"],"picked":"Lockon+1","floor":36.0},{"not_picked":["Recycle+1","Chaos"],"picked":"Tempest+1","floor":37.0},{"not_picked":["Conserve Battery","Cold Snap+1","Reprogram"],"picked":"SKIP","floor":40.0},{"not_picked":["Coolheaded+1","Skim","Panic Button"],"picked":"SKIP","floor":42.0},{"not_picked":["Meteor Strike","Sweeping Beam+1"],"picked":"Defragment","floor":45.0},{"not_picked":["Sunder","Conserve Battery"],"picked":"Glacier+1","floor":47.0},{"not_picked":["ReplayTheSpireMod:System Scan","Conserve Battery+1"],"picked":"Streamline","floor":48},{"not_picked":["Genetic Algorithm","Compile Driver"],"picked":"Hologram+1","floor":49}],"player_experience":155286,"relics_obtained":[{"floor":4.0,"key":"Ring of Hypnosis"},{"floor":9.0,"key":"Vajra"},{"floor":10.0,"key":"Replay:Mystery Machine"},{"floor":20.0,"key":"Replay:Antivirus Software"},{"floor":20.0,"key":"Solar Panel"},{"floor":20.0,"key":"Durian"},{"floor":23.0,"key":"Ginger"},{"floor":26.0,"key":"Counterbalance"},{"floor":40.0,"key":"Meat on the Bone"},{"floor":42.0,"key":"aspiration:StickyExplosives_weak"},{"floor":43.0,"key":"Eternal Feather"},{"floor":45.0,"key":"CatCart"},{"floor":47.0,"key":"ReplayTheSpireMod:TigerMarble"},{"floor":49,"key":"Replay:Wax Seal"}],"event_choices":[{"cards_removed":["Strike_B"],"damage_healed":0.0,"max_hp_gain":0.0,"max_hp_loss":0.0,"gold_gain":0.0,"event_name":"Golden Wing","player_choice":"Card Removal","floor":3.0,"gold_loss":0.0,"damage_taken":7.0},{"cards_removed":["Voices"],"damage_healed":0.0,"max_hp_gain":0.0,"max_hp_loss":0.0,"gold_gain":0.0,"event_name":"The Cleric","player_choice":"Card Removal","floor":5.0,"gold_loss":50.0,"damage_taken":0.0},{"damage_healed":0.0,"max_hp_gain":0.0,"max_hp_loss":0.0,"gold_gain":75.0,"event_name":"FaceTrader","player_choice":"Touch","floor":7.0,"gold_loss":0.0,"damage_taken":7.0},{"damage_healed":0.0,"max_hp_gain":0.0,"max_hp_loss":0.0,"gold_gain":0.0,"event_name":"Back to Basics","player_choice":"Simplicity","floor":19.0,"gold_loss":0.0,"damage_taken":0.0,"cards_upgraded":["Strike_B","Strike_B","Strike_B","Defend_B","Defend_B","Defend_B","Defend_B"]},{"cards_removed":["Strike_B"],"damage_healed":0.0,"max_hp_gain":0.0,"max_hp_loss":0.0,"gold_gain":0.0,"event_name":"Falling","player_choice":"Removed Attack","floor":44.0,"gold_loss":0.0,"damage_taken":0.0},{"damage_healed":0.0,"max_hp_gain":0.0,"max_hp_loss":0.0,"gold_gain":0.0,"event_name":"OrinTheCat","player_choice":"Fight","floor":45.0,"gold_loss":0.0,"damage_taken":0.0}],"is_beta":false,"boss_relics":[{"not_picked":["aspiration:ServantSkillbook","Astrolabe"],"picked":"Replay:Bronze Core"},{"not_picked":["hubris:RunicObelisk","SlaversCollar"],"picked":"Coffee Dripper"}],"items_purged_floors":[25,38],"is_endless":false,"potions_floor_spawned":[10,12,16,22,23,30,40,47,48],"ascension_level":2}}