{"host":"eokjym56iqyxzv2o","time":1611495513,"event":{"mods":["Act Like it!","BaseMod","Gensokyo","Koishi","Marisa£®ÏF”Í°°ƒß¿Ì…≥£©","Minty Spire (QoL Compilation)","Reimu£®≤©¿ˆ¡È√Œ£©","Remilia£®¿Ÿ√◊¿Ú—«£©","Replay The Spire","StSLib","Youmu£®ªÍ∆«—˝√Œ£©"],"gold_per_floor":[109,18,18,29,47,80,100,100,146,146,146,69,69,69],"floor_reached":13,"language":"ZHS","playtime":330,"items_purged":[],"score":206,"play_id":"6eb5f483-d225-4e02-8fca-9eaffb7aab4d","local_time":"20210124213833","is_ascension_mode":true,"campfire_choices":[{"data":"LearningPray:ReiMu","floor":8,"key":"SMITH"},{"data":"PrepareRite:ReiMu","floor":11,"key":"SMITH"}],"circlet_count":0,"master_deck":["AscendersBane","Strike_Lin:ReiMu","Strike_Lin:ReiMu","Strike_Lin:ReiMu","Strike_Lin:ReiMu","Defend_Lin:ReiMu","Defend_Lin:ReiMu","Defend_Lin:ReiMu","Defend_Lin:ReiMu","NB:ReiMu","Stagnation:ReiMu","FantasyMoon:ReiMu","AirManeuver:ReiMu","PrepareRite:ReiMu+1","LearningPray:ReiMu+1","Gensokyo:BlemishedSteel"],"relics":["FlyPower:ReiMu","NeowsBlessing","Happy Flower","Garlic","Mango"],"acts_visited":["Gensokyo:Gensokyo"],"potions_floor_usage":[],"damage_taken":[{"damage":0,"enemies":"Gensokyo:3_Fairies","floor":1,"turns":2},{"damage":0,"enemies":"Gensokyo:2_Kodama","floor":4,"turns":1},{"damage":0,"enemies":"Gensokyo:Python","floor":5,"turns":1},{"damage":0,"enemies":"Gensokyo:Mamizou","floor":6,"turns":13},{"damage":3,"enemies":"Gensokyo:LivingMonolith","floor":7,"turns":7},{"damage":4,"enemies":"Gensokyo:Cirno","floor":13,"turns":3}],"seed_played":"1698089242845915303","potions_obtained":[{"floor":6,"key":"Dexterity Potion"},{"floor":7,"key":"Block Potion"}],"is_trial":false,"path_per_floor":["M","$","?","M","M","E","M","R","T","?","R","COS","E"],"character_chosen":"REIMU","items_purchased":["AirManeuver:ReiMu","AirStrike:ReiMu"],"campfire_rested":0,"item_purchase_floors":[2,2],"current_hp_per_floor":[54,54,54,54,54,54,51,51,51,37,37,37,33,33],"gold":69,"neow_bonus":"THREE_ENEMY_KILL","is_daily":false,"chose_seed":false,"campfire_upgraded":2,"win_rate":0.0,"timestamp":1611495513,"path_taken":["M","?","?","?","M","E","?","R","T","?","R","COS","E"],"items_purchased_type":["Card","Card"],"build_version":"2020-12-22","purchased_purges":0,"victory":false,"max_hp_per_floor":[60,60,60,60,60,60,60,60,60,74,74,74,74,74],"card_choices":[{"not_picked":["Amulet:ReiMu","FineLineFantasy:ReiMu"],"picked":"FantasyMoon:ReiMu","floor":1},{"not_picked":["InherentArray:ReiMu","OrbThrow:ReiMu"],"picked":"PrepareRite:ReiMu","floor":4},{"not_picked":["AlertArray:ReiMu","EmergencyTakeOff:ReiMu","SpreadBorder2:ReiMu"],"picked":"SKIP","floor":5},{"not_picked":["KamiSacrifice:ReiMu","TightArray:ReiMu"],"picked":"LearningPray:ReiMu","floor":6},{"not_picked":["CollectionFlower2:ReiMu","Enchanting:ReiMu","MikOfLucky:ReiMu"],"picked":"SKIP","floor":7}],"player_experience":1176849,"relics_obtained":[{"floor":6,"key":"Garlic"}],"event_choices":[],"is_beta":false,"boss_relics":[],"items_purged_floors":[],"is_endless":false,"potions_floor_spawned":[6,7],"killed_by":"Gensokyo:Cirno","ascension_level":20}}