{"host":"1vqon1dbpr5c1qll","time":1611491572,"event":{"mods":["2.2 Compatiblity","AchievementEnabler","BaseMod","BetterRewards","Colored Map","DeckTracker","Hermit","Highlight Path","Lobotomy","Minty Spire (QoL Compilation)","Permanent Neow","Quick Restart","Random Character Button","Replay The Spire","StSLib","SuperFastMode","The Cursed","The Servant 0.9.4","everything is the same but u backflip on backflip"],"gold_per_floor":[114,114,114,129,71,71,101,101,176,176,206,221,251,266,266,366,366,381,396,411,411,426,426,456,483,495,537,149,149,199,214,214,314,314,329,344,359,359,374,404,404,17,17,47,93,108,138,153,153,161],"floor_reached":51,"language":"KOR","playtime":3982,"items_purged":[],"score":1447,"play_id":"421905da-09be-40f9-80ff-fa5b614cb9f7","local_time":"20210124213252","daily_mods":["Draft","Colorless Cards","Terminal"],"is_ascension_mode":false,"campfire_choices":[{"data":"Replay:Anticipation","floor":6.0,"key":"SMITH"},{"floor":8.0,"key":"REST"},{"data":"ReplayTheSpireMod:Brewmster","floor":10.0,"key":"SMITH"},{"floor":15.0,"key":"REST"},{"floor":23.0,"key":"REST"},{"floor":29.0,"key":"REST"},{"floor":32.0,"key":"REST"},{"floor":41.0,"key":"REST"},{"floor":49.0,"key":"DIG"}],"circlet_count":0,"master_deck":["ClearTheMind","Prostrate","ReplayTheSpireMod:Trickstab+1","Panacea","ReplayTheSpireMod:Trickstab","Good Instincts","Consecrate","PathToVictory","Protect","EmptyFist+1","EmptyFist","EmptyFist","Prostrate","Replay:Anticipation+1","EmptyBody","Specialist","Hallucinations","Consecrate+1","WheelKick+1","ReplayTheSpireMod:Brewmster+1","Crescendo","FlyingSleeves","Evaluate","Panacea","Replay:LoomingThreat","BowlingBash+1","Prostrate+1","Prostrate","RitualDagger+1","Protect+1","FlurryOfBlows","CarveReality","ReplayTheSpireMod:Brewmster+1","Bandage Up","Meditate+1","Mind Blast","Master of Strategy","FlyingSleeves","WindmillStrike+1","Parasite","Halt+1","Evaluate+1","CutThroughFate+1","Pot Of Greed","Pot Of Greed","Pot Of Greed","Pot Of Greed","Bandage Up","MentalFortress","Finesse+1","Panacea+1"],"relics":["PureWater","Ring of Hypnosis","Ring of Searing","Divine Protection","Matryoshka","PreservedInsect","Gremlin Food","SacredBark","MawBank","ReplayTheSpireMod:Ninjato","Iron Hammer","Dream Catcher","Snack Pack","DollysMirror","Ring of Chaos","Toy Ornithopter","Happy Flower","Grinning Jar","Letter Opener","Darkstone Periapt","Art of War","Pocketwatch","Damaru","Replay:Bandana"],"acts_visited":["Exordium","TheCity","TheBeyond"],"potions_floor_usage":[50,50,50,50,50,50,50,50,50],"damage_taken":[{"damage":0.0,"enemies":"Small Slimes","floor":1.0,"turns":6.0},{"damage":10.0,"enemies":"2 Louse","floor":4.0,"turns":3.0},{"damage":21.0,"enemies":"Gremlin Nob","floor":7.0,"turns":5.0},{"damage":11.0,"enemies":"3 Sentries","floor":11.0,"turns":6.0},{"damage":0.0,"enemies":"Jaw Worm","floor":12.0,"turns":1.0},{"damage":2.0,"enemies":"Lagavulin","floor":13.0,"turns":3.0},{"damage":0.0,"enemies":"Lots of Slimes","floor":14.0,"turns":2.0},{"damage":42.0,"enemies":"Fading Forest","floor":16.0,"turns":11.0},{"damage":7.0,"enemies":"3 Byrds","floor":18.0,"turns":4.0},{"damage":5.0,"enemies":"Chosen","floor":19.0,"turns":3.0},{"damage":5.0,"enemies":"Centurion and Healer","floor":20.0,"turns":5.0},{"damage":0.0,"enemies":"Snake Plant","floor":22.0,"turns":2.0},{"damage":2.0,"enemies":"Gremlin Leader","floor":24.0,"turns":3.0},{"damage":7.0,"enemies":"Cultist and Chosen","floor":25.0,"turns":4.0},{"damage":2.0,"enemies":"Replay:Snechameleon","floor":27.0,"turns":3.0},{"damage":3.0,"enemies":"Centurion and Healer","floor":31.0,"turns":3.0},{"damage":15.0,"enemies":"Pondfish","floor":33.0,"turns":5.0},{"damage":7.0,"enemies":"3 Darklings","floor":35.0,"turns":4.0},{"damage":0.0,"enemies":"Orb Walker","floor":36.0,"turns":2.0},{"damage":13.0,"enemies":"Maw","floor":37.0,"turns":4.0},{"damage":2.0,"enemies":"Writhing Mass","floor":39.0,"turns":3.0},{"damage":12.0,"enemies":"Giant Head","floor":40.0,"turns":5.0},{"damage":2.0,"enemies":"Nemesis","floor":44.0,"turns":3.0},{"damage":2.0,"enemies":"2 Orb Walkers","floor":45.0,"turns":3.0},{"damage":6.0,"enemies":"Jaw Worm Horde","floor":46.0,"turns":3.0},{"damage":7.0,"enemies":"Giant Head","floor":47.0,"turns":4.0},{"damage":5.0,"enemies":"Spire Growth","floor":48.0,"turns":3.0},{"damage":40,"enemies":"Time Eater","floor":50,"turns":8}],"seed_played":"-992185634128019100","potions_obtained":[{"floor":4.0,"key":"Milkshake"},{"floor":11.0,"key":"SkillPotion"},{"floor":13.0,"key":"FearPotion"},{"floor":18.0,"key":"Fire Potion"},{"floor":24.0,"key":"Languid Potion"},{"floor":25.0,"key":"Ancient Potion"},{"floor":35.0,"key":"StancePotion"},{"floor":36.0,"key":"SneckoOil"},{"floor":37.0,"key":"PowerPotion"},{"floor":48.0,"key":"GamblersBrew"}],"is_trial":false,"path_per_floor":["M","?","?","M","$","R","E","R","T","R","E","M","E","M","R","B",null,"M","M","M","?","M","R","E","M","T","E","$","R","?","M","R","B",null,"M","M","M","?","M","E","R","$","T","E","?","M","E","M","R_BF","B",null],"character_chosen":"WATCHER","items_purchased":["WheelKick+1","Snack Pack","DollysMirror","Happy Flower","Grinning Jar","Bandage Up"],"campfire_rested":6,"item_purchase_floors":[5,28,28,42,42,42],"current_hp_per_floor":[70,69,68,58,58,58,37,56,56,56,45,45,43,43,56,41,54,47,42,37,31,31,45,43,36,36,34,34,42,41,38,39,31,37,32,35,28,28,26,27,30,29,28,27,26,25,24,21,21,21],"gold":161,"neow_bonus":"","is_daily":true,"chose_seed":false,"campfire_upgraded":2,"win_rate":0.0,"timestamp":1611491572,"path_taken":["M","?","?","M","?","R","E","R","T","R","E","M","E","?","R","BOSS","M","?","M","?","M","R","E","M","T","E","$","R","?","M","R","BOSS","M","M","?","?","M","E","R","$","T","E","?","M","E","M","R_BF","BOSS"],"items_purchased_type":["Card","Relic","Relic","Relic","Relic","Card"],"build_version":"2020-12-22","purchased_purges":0,"victory":true,"max_hp_per_floor":[70,69,68,67,66,65,64,63,62,61,60,59,58,57,56,55,54,53,52,51,50,49,48,47,46,45,44,43,42,41,40,39,38,37,36,35,34,33,32,31,30,29,28,27,26,25,24,23,22,21],"card_choices":[{"not_picked":["EmptyFist","Protect"],"picked":"ClearTheMind","floor":0.0},{"not_picked":["Evaluate","EmptyBody"],"picked":"Prostrate","floor":0.0},{"not_picked":["InnerPeace","Halt"],"picked":"ReplayTheSpireMod:Trickstab","floor":0.0},{"not_picked":["SashWhip","PanicButton"],"picked":"Panacea","floor":0.0},{"not_picked":["Adaptation","Flash of Steel"],"picked":"ReplayTheSpireMod:Trickstab","floor":0.0},{"not_picked":["SashWhip","Evaluate"],"picked":"Good Instincts","floor":0.0},{"not_picked":["CutThroughFate","Protect"],"picked":"Consecrate","floor":0.0},{"not_picked":["Prostrate","JustLucky"],"picked":"PathToVictory","floor":0.0},{"not_picked":["CutThroughFate","Replay:Vibes"],"picked":"Protect","floor":0.0},{"not_picked":["CrushJoints","Indignation"],"picked":"EmptyFist","floor":0.0},{"not_picked":["Replay:AtTheReady","Replay:ManipulateFuture"],"picked":"EmptyFist","floor":0.0},{"not_picked":["Replay:ManipulateFuture","Evaluate"],"picked":"EmptyFist","floor":0.0},{"not_picked":["FlurryOfBlows","Replay:BluntJabs"],"picked":"Prostrate","floor":0.0},{"not_picked":["Impatience","Wireheading"],"picked":"Replay:Anticipation","floor":0.0},{"not_picked":["ForeignInfluence","FlyingSleeves"],"picked":"EmptyBody","floor":0.0},{"not_picked":["FollowUp","Replay:BluntJabs"],"picked":"Specialist","floor":1.0},{"not_picked":["EmptyBody","Madness"],"picked":"Consecrate","floor":4.0},{"not_picked":["Adaptation","Consecrate"],"picked":"ReplayTheSpireMod:Brewmster","floor":7.0},{"not_picked":["Sanctity","CarveReality"],"picked":"Crescendo","floor":11.0},{"not_picked":["ThirdEye","Evaluate"],"picked":"FlyingSleeves","floor":12.0},{"not_picked":["Secret Weapon","FollowUp"],"picked":"Evaluate","floor":13.0},{"not_picked":["FollowUp","Enlightenment"],"picked":"Panacea","floor":14.0},{"not_picked":["Crow Ritual","Secret Weapon"],"picked":"Replay:LoomingThreat","floor":16.0},{"not_picked":["EmptyBody","Replay:BluntJabs"],"picked":"BowlingBash+1","floor":18.0},{"not_picked":["Replay:Vibes","Collect"],"picked":"Prostrate+1","floor":19.0},{"not_picked":["ThirdEye","Study+1"],"picked":"Prostrate","floor":20.0},{"not_picked":["Worship","EmptyBody"],"picked":"Protect+1","floor":22.0},{"not_picked":["Deep Breath","SandsOfTime","Replay:Anticipation+1"],"picked":"SKIP","floor":24.0},{"not_picked":["InnerPeace","Weave"],"picked":"FlurryOfBlows","floor":25.0},{"not_picked":["Alpha","PanicButton"],"picked":"CarveReality","floor":27.0},{"not_picked":["CutThroughFate","WheelKick"],"picked":"Bandage Up","floor":29.0},{"not_picked":["Consecrate","JustLucky+1"],"picked":"Meditate+1","floor":31.0},{"not_picked":["Worship","Protect"],"picked":"Mind Blast","floor":32.0},{"not_picked":["Replay:LoomingThreat","Chrysalis"],"picked":"Master of Strategy","floor":33.0},{"not_picked":["Panacea","LikeWater"],"picked":"FlyingSleeves","floor":35.0},{"not_picked":["Replay:AtTheReady","Collect+1","WindmillStrike"],"picked":"SKIP","floor":36.0},{"not_picked":["Replay:AtTheReady","Collect+1"],"picked":"WindmillStrike","floor":36.0},{"not_picked":["CutThroughFate","PathToVictory","BattleHymn"],"picked":"SKIP","floor":37.0},{"not_picked":["FollowUp+1","JustLucky+1"],"picked":"Halt+1","floor":39.0},{"not_picked":["Study+1","Replay:AtTheReady"],"picked":"Evaluate+1","floor":40.0},{"not_picked":["Blasphemy","PanicButton"],"picked":"CutThroughFate+1","floor":41.0},{"not_picked":["Violence","CutThroughFate+1"],"picked":"MentalFortress","floor":44.0},{"not_picked":["EmptyFist+1","ThirdEye+1"],"picked":"Finesse+1","floor":46.0},{"not_picked":["Swivel","Replay:Bootleg Shield Generator+1"],"picked":"Panacea+1","floor":47.0},{"not_picked":["CutThroughFate+1","JustLucky","Impatience"],"picked":"SKIP","floor":48.0}],"player_experience":964152,"relics_obtained":[{"floor":2.0,"key":"Ring of Hypnosis"},{"floor":2.0,"key":"Ring of Searing"},{"floor":7.0,"key":"Divine Protection"},{"floor":9.0,"key":"Matryoshka"},{"floor":11.0,"key":"PreservedInsect"},{"floor":13.0,"key":"Gremlin Food"},{"floor":24.0,"key":"MawBank"},{"floor":26.0,"key":"ReplayTheSpireMod:Ninjato"},{"floor":26.0,"key":"Iron Hammer"},{"floor":27.0,"key":"Dream Catcher"},{"floor":40.0,"key":"Toy Ornithopter"},{"floor":43.0,"key":"Letter Opener"},{"floor":43.0,"key":"Darkstone Periapt"},{"floor":44.0,"key":"Art of War"},{"floor":45.0,"key":"Pocketwatch"},{"floor":47.0,"key":"Damaru"},{"floor":49.0,"key":"Replay:Bandana"}],"event_choices":[{"damage_healed":0.0,"max_hp_gain":0.0,"max_hp_loss":0.0,"gold_gain":0.0,"event_name":"Liars Game","player_choice":"Ignored","floor":3.0,"gold_loss":0.0,"damage_taken":0.0},{"damage_healed":0.0,"max_hp_gain":0.0,"max_hp_loss":0.0,"gold_gain":0.0,"event_name":"Nest","player_choice":"Joined the Cult","floor":21.0,"gold_loss":0.0,"damage_taken":6.0,"cards_obtained":["RitualDagger"]},{"damage_healed":0.0,"max_hp_gain":0.0,"max_hp_loss":0.0,"gold_gain":100.0,"event_name":"The Joust","player_choice":"Bet on Murderer","floor":30.0,"gold_loss":50.0,"damage_taken":0.0},{"damage_healed":0.0,"max_hp_gain":0.0,"max_hp_loss":0.0,"gold_gain":0.0,"event_name":"Tomb of Lord Red Mask","player_choice":"Ignored","floor":38.0,"gold_loss":0.0,"damage_taken":0.0},{"damage_healed":0.0,"max_hp_gain":0.0,"max_hp_loss":0.0,"gold_gain":0.0,"event_name":"Mysterious Sphere","player_choice":"Fight","floor":45.0,"gold_loss":0.0,"damage_taken":0.0}],"is_beta":false,"boss_relics":[{"not_picked":["Abe\u0027s Treasure","Snecko Heart"],"picked":"SacredBark"},{"not_picked":["Velvet Choker","ReplayTheSpireMod:DimensionalGlitch"],"picked":"Ring of Chaos"}],"items_purged_floors":[],"is_endless":false,"potions_floor_spawned":[4,11,13,18,20,24,25,35,36,37,48],"ascension_level":0}}