{"host":"d54lcqy5t45er8jx","time":1611503924,"event":{"mods":["2.2 Compatiblity","BaseMod","CapriCore","Defuse TimeMaze Blight","Hermit","Hubris","Infinite Spire","Marisa£¨Ùöéë¡¡Øª×âÞÞ£©","Minty Spire (QoL Compilation)","Rare Cards Sparkle","Relic Stats","StSLib","The Animator","The Cursed","The Immortal","The Servant 0.9.4","WarShipGirlsR/??á´Ò³R mod"],"gold_per_floor":[114,114,114,128,53,84,84,117,117,117,129,157,173,185,185,262,262,279,279,297,316,316,316,348,348,348,377,377,412,424,435,435,509,509,509,143,143,143],"floor_reached":37,"language":"ENG","playtime":1888,"items_purged":["Gash","Gash","Streamline"],"score":1465,"play_id":"5d86f002-b7b0-4a04-9143-b7bc26db6c89","local_time":"20210125005844","daily_mods":["SealedDeck","Insanity","Heirloom","DeadlyEvents","Elite Swarm","Uncertain Future"],"is_ascension_mode":true,"campfire_choices":[{"data":"hubris:PowerSurge","floor":7,"key":"SMITH"},{"data":"Defragment","floor":10,"key":"SMITH"},{"data":"Heatsinks","floor":15,"key":"SMITH"},{"data":"Creative AI","floor":23,"key":"SMITH"},{"data":"Redo","floor":25,"key":"SMITH"},{"data":"Darkness","floor":32,"key":"SMITH"},{"data":"Darkness","floor":35,"key":"SMITH"}],"circlet_count":0,"master_deck":["AscendersBane","Cold Snap","Sweeping Beam","Redo+1","Beam Cell","Coolheaded","Stack","Streamline","Compile Driver","Hologram","Defragment+1","Stack","Cold Snap","Rebound","Barrage","Hologram","Ball Lightning","Compile Driver","Stack","Redo","Conserve Battery","Beam Cell","Beam Cell","Heatsinks+1","FTL","Static Discharge","Hologram","Conserve Battery","Chill","Ball Lightning","Heatsinks","Hologram","Chill","Undo","Compile Driver","Cold Snap","Rebound","Barrage","Stack","Ball Lightning","Steam","Streamline","Darkness+1","Coolheaded","Hologram","Compile Driver","Redo","Darkness+1","Coolheaded","Cold Snap","White Noise","hubris:PowerSurge+1","Tempest","Turbo","Stack","Glacier","Loop","Creative AI+1","Electrodynamics","Tempest","Thunder Strike","White Noise","Tempest","Rainbow","Coolheaded","Leap+1","Double Energy","Echo Form","Seek","Creative AI+1","Fusion","Biased Cognition+1","hubris:PowerSurge+1","Master of Strategy"],"relics":["Cracked Core","CaptainsWheel","hubris:Spice","Happy Flower","Turnip","HornCleat","DataDisk","hubris:HollowSoul","hubris:BottledHeart","Bottled Tornado","Frozen Egg 2","Matryoshka","infinitespire:WardingShard","Black Star"],"acts_visited":["Exordium","TheCity","TheEnding"],"potions_floor_usage":[13,24,27,27,30,37],"damage_taken":[{"damage":0,"enemies":"2 Louse","floor":1,"turns":2},{"damage":9,"enemies":"Jaw Worm","floor":4,"turns":2},{"damage":0,"enemies":"Gremlin Nob","floor":6,"turns":4},{"damage":0,"enemies":"Lagavulin","floor":8,"turns":4},{"damage":0,"enemies":"Small Slimes","floor":11,"turns":2},{"damage":0,"enemies":"Gremlin Nob","floor":12,"turns":3},{"damage":0,"enemies":"Looter","floor":13,"turns":2},{"damage":0,"enemies":"Large Slime","floor":14,"turns":2},{"damage":8,"enemies":"The Guardian","floor":16,"turns":9},{"damage":0,"enemies":"Chosen","floor":18,"turns":3},{"damage":0,"enemies":"Spheric Guardian","floor":20,"turns":2},{"damage":0,"enemies":"Cultist and Chosen","floor":21,"turns":4},{"damage":0,"enemies":"Gremlin Leader","floor":24,"turns":7},{"damage":0,"enemies":"Slavers","floor":27,"turns":6},{"damage":0,"enemies":"Nightmare","floor":29,"turns":5},{"damage":0,"enemies":"3 Cultists","floor":30,"turns":4},{"damage":0,"enemies":"Snake Plant","floor":31,"turns":6},{"damage":0,"enemies":"hubris:MusketHawk","floor":33,"turns":7},{"damage":6,"enemies":"Shield and Spear","floor":37,"turns":2}],"seed_played":"6273976700551965509","potions_obtained":[{"floor":8,"key":"SkillPotion"},{"floor":11,"key":"DistilledChaos"},{"floor":13,"key":"Fruit Juice"},{"floor":20,"key":"SpeedPotion"},{"floor":24,"key":"Dexterity Potion"},{"floor":27,"key":"SkillPotion"},{"floor":31,"key":"PotionOfCapacity"},{"floor":33,"key":"PowerPotion"}],"is_trial":true,"path_per_floor":["M","?","?","M","$","E","R","E","T","R","M","E","M","M","R","B",null,"M","?","M","M","?","R","E","R","T","E","AVR","NM","M","M","R","B",null,"R","$","E"],"character_chosen":"DEFECT","items_purchased":["hubris:PowerSurge+1","Master of Strategy"],"campfire_rested":0,"item_purchase_floors":[36,36],"current_hp_per_floor":[64,72,65,56,56,56,56,56,56,56,56,56,61,61,61,53,76,76,76,76,76,1,1,1,1,1,1,1,1,1,1,1,1,1,1,1,0,0],"gold":143,"neow_bonus":"","is_daily":false,"chose_seed":false,"campfire_upgraded":7,"win_rate":0.0,"timestamp":1611503924,"path_taken":["M","?","?","M","$","E","R","E","T","R","M","E","M","?","R","BOSS","M","?","M","M","?","R","E","R","T","E","AVR","NM","?","M","R","BOSS","R","$","E"],"items_purchased_type":["Card","Card"],"build_version":"2020-12-22","purchased_purges":3,"victory":false,"max_hp_per_floor":[71,79,79,79,79,79,79,79,79,79,79,79,84,84,84,84,84,84,84,84,84,1,1,1,1,1,1,1,1,1,1,1,1,1,1,1,1,1],"relic_stats":{"Happy Flower":[24],"counters":[19,81],"Turnip":[6],"Black Star":0,"obtain_stats":[{"Happy Flower":6,"hubris:HollowSoul":17,"Bottled Tornado":24,"Frozen Egg 2":26,"CaptainsWheel":0,"DataDisk":12,"HornCleat":9,"Matryoshka":27,"infinitespire:WardingShard":28,"hubris:Spice":2,"hubris:BottledHeart":22,"Turnip":8,"Black Star":34,"Cracked Core":0},{"Happy Flower":3,"hubris:HollowSoul":9,"Bottled Tornado":13,"Frozen Egg 2":13,"CaptainsWheel":0,"DataDisk":6,"HornCleat":4,"Matryoshka":14,"infinitespire:WardingShard":14,"hubris:Spice":1,"hubris:BottledHeart":12,"Turnip":4,"Black Star":18,"Cracked Core":0},{"Happy Flower":8,"hubris:HollowSoul":30,"Bottled Tornado":46,"Frozen Egg 2":46,"CaptainsWheel":0,"DataDisk":17,"HornCleat":12,"Matryoshka":52,"infinitespire:WardingShard":52,"hubris:Spice":2,"hubris:BottledHeart":39,"Turnip":12,"Black Star":74,"Cracked Core":0}]},"card_choices":[{"not_picked":["Rebound","Cold Snap","Sweeping Beam"],"picked":"SKIP","floor":1},{"not_picked":["Beam Cell","Sunder"],"picked":"Loop","floor":4},{"not_picked":["Rainbow","Machine Learning"],"picked":"Creative AI","floor":6},{"not_picked":["Core Surge","Hyperbeam"],"picked":"Electrodynamics","floor":8},{"not_picked":["Conserve Battery","Beam Cell"],"picked":"Tempest","floor":11},{"not_picked":["All For One","Creative AI"],"picked":"Thunder Strike","floor":12},{"not_picked":["Ball Lightning","Stack"],"picked":"White Noise","floor":13},{"not_picked":["Stack","Redo"],"picked":"Tempest","floor":14},{"not_picked":["Thunder Strike","hubris:Prefetch"],"picked":"Rainbow","floor":16},{"not_picked":["Conserve Battery","Redo"],"picked":"Coolheaded","floor":18},{"not_picked":["Fusion","Stack"],"picked":"Leap+1","floor":20},{"not_picked":["Capacitor","Glacier"],"picked":"Double Energy","floor":21},{"not_picked":["hubris:SpecializedCircuitry","Rainbow"],"picked":"Echo Form","floor":24},{"not_picked":["Thunder Strike","Hyperbeam"],"picked":"Seek","floor":27},{"not_picked":["Thunder Strike","Multi-Cast"],"picked":"Creative AI+1","floor":29},{"not_picked":["Redo","Beam Cell+1"],"picked":"Fusion","floor":30},{"not_picked":["Conserve Battery","Leap+1","Ball Lightning"],"picked":"SKIP","floor":31},{"not_picked":["Thunder Strike","Rainbow"],"picked":"Biased Cognition+1","floor":33}],"player_experience":903870,"relics_obtained":[{"floor":2,"key":"hubris:Spice"},{"floor":6,"key":"Happy Flower"},{"floor":8,"key":"Turnip"},{"floor":9,"key":"HornCleat"},{"floor":12,"key":"DataDisk"},{"floor":24,"key":"Bottled Tornado"},{"floor":26,"key":"Frozen Egg 2"},{"floor":27,"key":"Matryoshka"},{"floor":29,"key":"hubris:Spice"}],"event_choices":[{"cards_removed":["Streamline"],"damage_healed":0,"gold_gain":0,"player_choice":"Card Removal","damage_taken":7,"max_hp_gain":0,"max_hp_loss":0,"event_name":"Golden Wing","floor":3,"gold_loss":0},{"cards_removed":["Barrage"],"damage_healed":0,"gold_gain":0,"player_choice":"Elegance","damage_taken":0,"max_hp_gain":0,"max_hp_loss":0,"event_name":"Back to Basics","floor":19,"gold_loss":0}],"is_beta":false,"boss_relics":[{"not_picked":["Snecko Eye","hubris:Stopwatch"],"picked":"hubris:HollowSoul"},{"not_picked":["hubris:Backtick","hubris:RunicObelisk"],"picked":"Black Star"}],"items_purged_floors":[5,28,36],"is_endless":true,"potions_floor_spawned":[8,11,13,20,24,27,31,33],"killed_by":"Shield and Spear","ascension_level":20}}