{"host":"Jinnai","time":1611517334,"event":{"mods":["BaseMod","Bestiary","Block Reminder","Colored Map","Colored Powertips","Highlight Path","Minty Spire (QoL Compilation)","Quick Restart","Relic Stats","StSLib"],"gold_per_floor":[110,121,131,147,67,67,94,104,104,104,118,130,130,27,27,103,103,122,135,185,85,85,85,119,119,119,119,146,21,33,110,110,186,236,247,259,109,109,109,109],"floor_reached":39,"language":"ENG","playtime":1374,"items_purged":["Strike_G","Strike_G","Strike_G","Strike_G"],"score":842,"play_id":"d5d577af-0fce-4e9f-b01b-b787ef6f2292","local_time":"20210124144214","is_ascension_mode":true,"campfire_choices":[{"data":"Skewer","floor":6,"key":"SMITH"},{"data":"Blade Dance","floor":13,"key":"SMITH"},{"floor":15,"key":"REST"},{"data":"Blade Dance","floor":23,"key":"SMITH"},{"floor":25,"key":"REST"},{"floor":32,"key":"REST"}],"circlet_count":0,"master_deck":["AscendersBane","Defend_G+1","Defend_G","Defend_G","Defend_G","Defend_G","Survivor","Neutralize","Skewer+1","Terror","Blade Dance+1","Blade Dance","Escape Plan","Blade Dance+1","Prepared","Cloak And Dagger","A Thousand Cuts","Footwork+1","Slice","Backflip","Accuracy","Phantasmal Killer","Well Laid Plans","Cloak And Dagger+1"],"relics":["Ring of the Snake","Art of War","Pear","WristBlade","Pantograph","Matryoshka","Boot","Paper Crane","Tiny House"],"acts_visited":["Exordium","TheCity","TheBeyond"],"potions_floor_usage":[4,8,16,19,24,33,33,39,39,39,39],"damage_taken":[{"damage":0,"enemies":"Small Slimes","floor":1,"turns":4},{"damage":0,"enemies":"Cultist","floor":2,"turns":3},{"damage":6,"enemies":"2 Louse","floor":3,"turns":2},{"damage":21,"enemies":"Exordium Thugs","floor":4,"turns":4},{"damage":8,"enemies":"Gremlin Nob","floor":7,"turns":3},{"damage":10,"enemies":"Lots of Slimes","floor":8,"turns":5},{"damage":9,"enemies":"3 Louse","floor":11,"turns":3},{"damage":13,"enemies":"Large Slime","floor":12,"turns":4},{"damage":28,"enemies":"Slime Boss","floor":16,"turns":10},{"damage":21,"enemies":"Shell Parasite","floor":18,"turns":2},{"damage":0,"enemies":"Spheric Guardian","floor":19,"turns":4},{"damage":21,"enemies":"Slavers","floor":24,"turns":5},{"damage":29,"enemies":"Book of Stabbing","floor":28,"turns":4},{"damage":14,"enemies":"Snake Plant","floor":30,"turns":4},{"damage":21,"enemies":"Champ","floor":33,"turns":9},{"damage":18,"enemies":"Orb Walker","floor":35,"turns":3},{"damage":20,"enemies":"3 Darklings","floor":36,"turns":3},{"damage":43,"enemies":"Maw","floor":39,"turns":4}],"seed_played":"7123315949034638068","potions_obtained":[{"floor":1,"key":"Poison Potion"},{"floor":3,"key":"Swift Potion"},{"floor":7,"key":"Regen Potion"},{"floor":11,"key":"Regen Potion"},{"floor":16,"key":"PowerPotion"},{"floor":19,"key":"Dexterity Potion"},{"floor":30,"key":"Weak Potion"},{"floor":34,"key":"Strength Potion"},{"floor":35,"key":"EntropicBrew"}],"is_trial":false,"path_per_floor":["M","M","M","M","$","R","E","M","T","?","M","M","R","$","R","B",null,"M","M","?","$","?","R","E","R","T","?","E","$","M","T","R","B",null,"M","M","$","?","M"],"character_chosen":"THE_SILENT","items_purchased":["EssenceOfSteel","Cloak And Dagger"],"campfire_rested":3,"item_purchase_floors":[5,14],"current_hp_per_floor":[65,65,59,38,38,38,30,34,44,44,35,22,22,22,46,33,70,49,49,49,49,49,49,28,52,52,52,23,23,9,9,33,37,76,58,38,38,38,0,0],"gold":109,"neow_bonus":"TEN_PERCENT_HP_BONUS","is_daily":false,"chose_seed":false,"campfire_upgraded":3,"win_rate":0.0,"timestamp":1611517334,"path_taken":["M","M","M","M","$","R","E","M","T","?","?","M","R","?","R","BOSS","M","M","?","$","?","R","E","R","T","?","E","$","M","?","R","BOSS","M","M","$","?","M"],"items_purchased_type":["Potion","Card"],"build_version":"2020-12-18","purchased_purges":4,"victory":false,"max_hp_per_floor":[72,72,72,72,72,72,72,72,82,82,82,82,82,82,82,82,82,82,82,82,82,82,82,82,82,82,82,82,82,82,82,82,82,87,87,87,87,87,87,87],"relic_stats":{"counters":[18,76],"Pantograph":25,"Art of War":[4],"Boot":[9],"obtain_stats":[{"Pear":9,"Matryoshka":26,"Tiny House":34,"WristBlade":17,"Pantograph":24,"Art of War":7,"Paper Crane":31,"Boot":31,"Ring of the Snake":0},{"Pear":6,"Matryoshka":12,"Tiny House":15,"WristBlade":9,"Pantograph":12,"Art of War":5,"Paper Crane":14,"Boot":14,"Ring of the Snake":0},{"Pear":21,"Matryoshka":49,"Tiny House":66,"WristBlade":38,"Pantograph":49,"Art of War":16,"Paper Crane":57,"Boot":57,"Ring of the Snake":0}],"Ring of the Snake":[36]},"card_choices":[{"not_picked":["Leg Sweep","Caltrops"],"picked":"Skewer","floor":1},{"not_picked":["Reflex","Deflect"],"picked":"Terror","floor":2},{"not_picked":["Terror","Escape Plan"],"picked":"Blade Dance","floor":3},{"not_picked":["Endless Agony","Dagger Throw"],"picked":"Blade Dance","floor":4},{"not_picked":["Masterful Stab","Outmaneuver"],"picked":"Escape Plan","floor":7},{"not_picked":["Deflect","Infinite Blades"],"picked":"Blade Dance","floor":8},{"not_picked":["PiercingWail","Tactician"],"picked":"Prepared","floor":11},{"not_picked":["Deadly Poison","Underhanded Strike","Riddle With Holes"],"picked":"SKIP","floor":12},{"not_picked":["Malaise","After Image"],"picked":"A Thousand Cuts","floor":16},{"not_picked":["Acrobatics+1","Bouncing Flask"],"picked":"Footwork+1","floor":18},{"not_picked":["Skewer","Distraction"],"picked":"Slice","floor":19},{"not_picked":["Terror+1","Quick Slash+1"],"picked":"Backflip","floor":24},{"not_picked":["Poisoned Stab","Endless Agony"],"picked":"Accuracy","floor":28},{"not_picked":["Backstab","Flechettes","Setup+1"],"picked":"SKIP","floor":30},{"not_picked":["Corpse Explosion","Grand Finale"],"picked":"Phantasmal Killer","floor":33},{"not_picked":["Sucker Punch+1","Bouncing Flask"],"picked":"Well Laid Plans","floor":34},{"not_picked":["Heel Hook","Dodge and Roll"],"picked":"Cloak And Dagger+1","floor":35},{"not_picked":["Masterful Stab","Skewer+1","Cloak And Dagger"],"picked":"SKIP","floor":36}],"player_experience":1552297,"relics_obtained":[{"floor":7,"key":"Art of War"},{"floor":9,"key":"Pear"},{"floor":24,"key":"Pantograph"},{"floor":26,"key":"Matryoshka"},{"floor":31,"key":"Boot"},{"floor":31,"key":"Paper Crane"}],"event_choices":[{"cards_removed":["Strike_G"],"damage_healed":0,"gold_gain":0,"player_choice":"Purged","damage_taken":0,"max_hp_gain":0,"max_hp_loss":0,"event_name":"Purifier","floor":10,"gold_loss":0},{"damage_healed":0,"gold_gain":50,"player_choice":"Stole From Cult","damage_taken":0,"max_hp_gain":0,"max_hp_loss":0,"event_name":"Nest","floor":20,"gold_loss":0},{"damage_healed":0,"gold_gain":0,"player_choice":"Ignored","damage_taken":0,"max_hp_gain":0,"max_hp_loss":0,"event_name":"The Mausoleum","floor":22,"gold_loss":0},{"damage_healed":0,"gold_gain":0,"player_choice":"Ignored","damage_taken":0,"max_hp_gain":0,"max_hp_loss":0,"event_name":"Vampires","floor":27,"gold_loss":0},{"damage_healed":0,"gold_gain":0,"player_choice":"0 cards matched","damage_taken":0,"max_hp_gain":0,"max_hp_loss":0,"event_name":"Match and Keep!","floor":38,"gold_loss":0,"cards_obtained":[]}],"is_beta":true,"boss_relics":[{"not_picked":["HoveringKite","Velvet Choker"],"picked":"WristBlade"},{"not_picked":["Snecko Eye","Coffee Dripper"],"picked":"Tiny House"}],"items_purged_floors":[14,21,29,37],"is_endless":false,"potions_floor_spawned":[1,3,7,11,16,19,30,35],"killed_by":"Maw","ascension_level":19}}