{"host":"y1oqg7uy0jc6f5mb","time":1611476711,"event":{"mods":["BaseMod","Better Altar","Better Match","Better Note","Better Sensory Stone","Better Skull","Better Third Choice","BetterRewards","Block Reminder","Colored Map","Colored Powertips","Custom Start","DeckTracker","Displayed Cursed Tome","Highlight Path","Ironclad Rager","Minty Spire (QoL Compilation)","Permanent Neow","Quick Restart","Relic Sorter","Relic Stats","Shop Mod","StSLib"],"gold_per_floor":[113,123,73,92,92,92,120,120,120,120,295,13,42,53,53,152,152,169,188,203,478,495,495,530,260,260,285,40,40,51,67,237,335,335,346,356,373,45,45,71,71,97,97,113,3,16,32,50,50,50],"floor_reached":51,"language":"ENG","playtime":5387,"items_purged":["Doubt","Regret","Strike_B","Strike_B"],"score":1124,"play_id":"118584ea-bfd2-41a8-b9bc-7a2d4b54607b","local_time":"20210124162511","is_ascension_mode":true,"campfire_choices":[{"data":"Coolheaded","floor":6.0,"key":"SMITH"},{"data":"Dualcast","floor":8.0,"key":"SMITH"},{"data":"Zap","floor":10.0,"key":"SMITH"},{"floor":15.0,"key":"REST"},{"data":"Jack Of All Trades","floor":23.0,"key":"SMITH"},{"floor":29.0,"key":"REST"},{"data":"Chaos","floor":32.0,"key":"SMITH"},{"data":"Double Energy","floor":41.0,"key":"SMITH"},{"data":"Double Energy","floor":49.0,"key":"SMITH"}],"circlet_count":0,"master_deck":["Strike_B","Defend_B","Defend_B","Defend_B","Defend_B","Zap+1","Dualcast+1","Self Repair+1","Beam Cell","Steam Power","Coolheaded+1","Lockon","Jack Of All Trades+1","Force Field","Biased Cognition+1","Conserve Battery","Melter","Glacier","Hologram","Sweeping Beam","Creative AI+1","Auto Shields+1","Sunder+1","Force Field+1","Skim","Blizzard+1","Recycle+1","Echo Form+1","Buffer+1","The Bomb","Chaos+1","Hologram","Tempest","Stack","Electrodynamics+1","Double Energy+1","Conserve Battery","Defragment+1","Capacitor+1","Double Energy+1","Madness","Madness","Undo","Heatsinks+1","Double Energy+1","Tempest+1"],"relics":["Cracked Core","Frozen Egg 2","Peace Pipe","Prayer Wheel","Dream Catcher","Inserter","Bird Faced Urn","Pear","Gremlin Horn","Membership Card","SacredBark","Dead Branch","Juzu Bracelet","Happy Flower"],"acts_visited":["Exordium","TheCity","TheBeyond"],"potions_floor_usage":[50,50],"damage_taken":[{"damage":5.0,"enemies":"Small Slimes","floor":1.0,"turns":3.0},{"damage":10.0,"enemies":"Jaw Worm","floor":2.0,"turns":4.0},{"damage":1.0,"enemies":"Cultist","floor":4.0,"turns":3.0},{"damage":38.0,"enemies":"3 Sentries","floor":7.0,"turns":10.0},{"damage":20.0,"enemies":"Lagavulin","floor":13.0,"turns":6.0},{"damage":3.0,"enemies":"Gremlin Gang","floor":14.0,"turns":4.0},{"damage":4.0,"enemies":"The Guardian","floor":16.0,"turns":12.0},{"damage":23.0,"enemies":"2 Thieves","floor":18.0,"turns":5.0},{"damage":5.0,"enemies":"Shell Parasite","floor":19.0,"turns":7.0},{"damage":13.0,"enemies":"Cultist and Chosen","floor":20.0,"turns":8.0},{"damage":20.0,"enemies":"Snake Plant","floor":22.0,"turns":9.0},{"damage":1.0,"enemies":"Book of Stabbing","floor":24.0,"turns":8.0},{"damage":71.0,"enemies":"Gremlin Leader","floor":27.0,"turns":9.0},{"damage":33.0,"enemies":"Snecko","floor":30.0,"turns":7.0},{"damage":17.0,"enemies":"Shelled Parasite and Fungi","floor":31.0,"turns":5.0},{"damage":40.0,"enemies":"Automaton","floor":33.0,"turns":15.0},{"damage":14.0,"enemies":"Orb Walker","floor":35.0,"turns":5.0},{"damage":0.0,"enemies":"3 Shapes","floor":36.0,"turns":3.0},{"damage":21.0,"enemies":"3 Darklings","floor":37.0,"turns":5.0},{"damage":38.0,"enemies":"Reptomancer","floor":40.0,"turns":5.0},{"damage":0.0,"enemies":"Nemesis","floor":42.0,"turns":7.0},{"damage":15.0,"enemies":"Maw","floor":44.0,"turns":7.0},{"damage":22.0,"enemies":"4 Shapes","floor":46.0,"turns":3.0},{"damage":6.0,"enemies":"Sphere and 2 Shapes","floor":47.0,"turns":3.0},{"damage":16.0,"enemies":"3 Darklings","floor":48.0,"turns":6.0},{"damage":48,"enemies":"Time Eater","floor":50,"turns":10}],"seed_played":"3456456618794180728","potions_obtained":[{"floor":4.0,"key":"LiquidMemories"},{"floor":13.0,"key":"Fire Potion"},{"floor":16.0,"key":"Fire Potion"},{"floor":19.0,"key":"EssenceOfDarkness"},{"floor":22.0,"key":"PowerPotion"},{"floor":27.0,"key":"DistilledChaos"},{"floor":33.0,"key":"ColorlessPotion"},{"floor":36.0,"key":"Weak Potion"},{"floor":42.0,"key":"EssenceOfSteel"},{"floor":44.0,"key":"DistilledChaos"},{"floor":47.0,"key":"Weak Potion"},{"floor":48.0,"key":"LiquidMemories"}],"is_trial":false,"path_per_floor":["M","M","?","M","?","R","E","R","T","R","?","$","E","M","R","B",null,"M","M","M","?","M","R","E","$","T","E","$","R","M","M","R","B",null,"M","M","M","$","?","E","R","E","T","M","$","M","M","M","R","B",null],"character_chosen":"DEFECT","items_purchased":["Frozen Egg 2","Self Repair+1","Beam Cell","Steam Power","Biased Cognition+1","Conserve Battery","Magnetism+1","Membership Card","The Bomb","Capacitor+1","Double Energy","Dead Branch","Regen Potion","Heatsinks+1"],"campfire_rested":2,"item_purchase_floors":[0,0,0,0,12,12,25,28,28,38,38,38,38,45],"current_hp_per_floor":[66,66,66,75,75,75,47,47,47,47,47,47,37,44,66,72,75,62,67,64,64,54,54,63,63,73,36,36,61,56,59,59,51,85,85,85,84,84,73,57,57,85,85,85,85,79,83,85,85,85],"gold":50,"neow_bonus":"","is_daily":false,"chose_seed":false,"campfire_upgraded":7,"win_rate":0.0,"timestamp":1611476711,"path_taken":["M","M","?","M","?","R","E","R","T","R","?","$","E","?","R","BOSS","M","M","M","?","M","R","E","$","T","E","?","R","?","M","R","BOSS","M","M","?","$","?","E","R","E","T","M","$","M","M","M","R","BOSS"],"items_purchased_type":["Relic","Card","Card","Card","Card","Card","Card","Relic","Card","Card","Card","Relic","Potion","Card"],"build_version":"2020-12-22","purchased_purges":4,"victory":true,"max_hp_per_floor":[75,75,75,75,75,75,75,75,75,75,75,75,75,75,75,75,75,75,75,75,75,75,75,75,75,85,85,85,85,85,85,85,85,85,85,85,85,85,85,85,85,85,85,85,85,85,85,85,85,85],"relic_stats":{"Peace Pipe":0,"Dream Catcher":2,"Inserter":[59],"Gremlin Horn":[17,17],"Happy Flower":[22],"counters":[55,333],"Bird Faced Urn":[195],"Dead Branch":[44],"Prayer Wheel":14,"Juzu Bracelet":0,"obtain_stats":[{"Tiny House":17,"Gremlin Horn":27,"SacredBark":34,"Bag of Preparation":12,"Juzu Bracelet":40,"Whetstone":24,"Boot":5,"Dream Catcher":13,"Matryoshka":7,"Pantograph":22,"Tiny Chest":31,"Prayer Wheel":9,"Cracked Core":0,"InkBottle":8,"Potion Belt":28,"MerchantsRug":28,"Inserter":17,"Pear":26,"Happy Flower":14,"Dead Branch":38,"Oddly Smooth Stone":26,"The Courier":9,"Omamori":28,"Frozen Egg 2":0,"MawBank":9,"White Beast Statue":26,"Cables":28,"Peace Pipe":7,"Anchor":11,"Bottled Flame":26,"Shuriken":9,"Bronze Scales":0,"Bird Faced Urn":24,"Coffee Dripper":17,"Membership Card":28},{"Tiny House":8,"Gremlin Horn":42,"SacredBark":45,"Bag of Preparation":21,"Juzu Bracelet":49,"Whetstone":11,"Boot":18,"Dream Catcher":34,"Matryoshka":4,"Pantograph":10,"Tiny Chest":14,"Prayer Wheel":33,"Cracked Core":0,"InkBottle":20,"Potion Belt":12,"MerchantsRug":12,"Inserter":36,"Pear":41,"Happy Flower":22,"Dead Branch":48,"Oddly Smooth Stone":11,"The Courier":4,"Omamori":12,"Frozen Egg 2":29,"MawBank":4,"White Beast Statue":11,"Cables":12,"Peace Pipe":33,"Anchor":5,"Bottled Flame":27,"Shuriken":20,"Bronze Scales":15,"Bird Faced Urn":41,"Coffee Dripper":23,"Membership Card":42},{"Tiny House":41,"Gremlin Horn":252,"SacredBark":279,"Bag of Preparation":121,"Juzu Bracelet":297,"Whetstone":57,"Boot":101,"Dream Catcher":190,"Matryoshka":16,"Pantograph":51,"Tiny Chest":80,"Prayer Wheel":184,"Cracked Core":0,"InkBottle":112,"Potion Belt":64,"MerchantsRug":64,"Inserter":206,"Pear":243,"Happy Flower":125,"Dead Branch":292,"Oddly Smooth Stone":57,"The Courier":16,"Omamori":64,"Frozen Egg 2":164,"MawBank":16,"White Beast Statue":57,"Cables":64,"Peace Pipe":184,"Anchor":20,"Bottled Flame":155,"Shuriken":112,"Bronze Scales":94,"Bird Faced Urn":243,"Coffee Dripper":133,"Membership Card":252}]},"card_choices":[{"not_picked":["Reinforced Body","Leap"],"picked":"Coolheaded","floor":1.0},{"not_picked":["Rebound","Barrage","Steam"],"picked":"SKIP","floor":2.0},{"not_picked":["Gash","Leap"],"picked":"Lockon","floor":4.0},{"not_picked":["Madness","Violence"],"picked":"Jack Of All Trades","floor":5.0},{"not_picked":["Barrage","Stack"],"picked":"Force Field","floor":7.0},{"not_picked":["Storm+1","Leap"],"picked":"Melter","floor":13.0},{"not_picked":["Stack","Conserve Battery"],"picked":"Glacier","floor":14.0},{"not_picked":["Reprogram","Compile Driver"],"picked":"Hologram","floor":14.0},{"not_picked":["Rip and Tear","Streamline"],"picked":"Sweeping Beam","floor":15.0},{"not_picked":["Amplify","Biased Cognition+1"],"picked":"Creative AI+1","floor":16.0},{"not_picked":["Sweeping Beam","Force Field"],"picked":"Auto Shields+1","floor":18.0},{"not_picked":["Streamline","Rebound","Sunder+1"],"picked":"SKIP","floor":18.0},{"not_picked":["Streamline","Rebound"],"picked":"Sunder+1","floor":18.0},{"not_picked":["Redo","Lockon"],"picked":"Force Field+1","floor":19.0},{"not_picked":["Sunder","Coolheaded","Sweeping Beam+1"],"picked":"SKIP","floor":19.0},{"not_picked":["BootSequence","Cold Snap+1"],"picked":"Skim","floor":20.0},{"not_picked":["Barrage","Beam Cell","Ball Lightning"],"picked":"SKIP","floor":20.0},{"not_picked":["Turbo","Steam Power"],"picked":"Blizzard+1","floor":22.0},{"not_picked":["Ball Lightning","Force Field"],"picked":"Recycle+1","floor":22.0},{"not_picked":["Coolheaded+1","Defragment+1"],"picked":"Echo Form+1","floor":24.0},{"not_picked":["Beam Cell","Steam"],"picked":"Buffer+1","floor":27.0},{"not_picked":["Sweeping Beam","Loop+1"],"picked":"Chaos","floor":30.0},{"not_picked":["Skim","Gash"],"picked":"Hologram","floor":30.0},{"not_picked":["Doom and Gloom","Hologram"],"picked":"Tempest","floor":31.0},{"not_picked":["Leap","Rebound"],"picked":"Stack","floor":31.0},{"not_picked":["Creative AI+1","Hyperbeam"],"picked":"Electrodynamics+1","floor":33.0},{"not_picked":["Steam+1","Melter"],"picked":"Double Energy+1","floor":35.0},{"not_picked":["Rip and Tear","Redo","Genetic Algorithm"],"picked":"SKIP","floor":35.0},{"not_picked":["Rip and Tear","Redo","Genetic Algorithm"],"picked":"SKIP","floor":35.0},{"not_picked":["Beam Cell+1","Stack"],"picked":"Conserve Battery","floor":36.0},{"not_picked":["Stack","Steam Power","Rebound+1"],"picked":"SKIP","floor":36.0},{"not_picked":["Coolheaded+1","Compile Driver"],"picked":"Defragment+1","floor":37.0},{"not_picked":["Barrage","Leap","Sunder+1"],"picked":"SKIP","floor":37.0},{"not_picked":["Rebound+1","Hello World+1"],"picked":"Undo","floor":40.0},{"not_picked":["Doom and Gloom+1","Turbo+1","Double Energy"],"picked":"SKIP","floor":42.0},{"not_picked":["Ball Lightning","Scrape","Go for the Eyes"],"picked":"SKIP","floor":44.0},{"not_picked":["Melter+1","Barrage","Sweeping Beam+1"],"picked":"SKIP","floor":44.0},{"not_picked":["Rip and Tear+1","Hyperbeam","Cold Snap"],"picked":"SKIP","floor":46.0},{"not_picked":["Conserve Battery","Consume+1","Coolheaded+1"],"picked":"SKIP","floor":46.0},{"not_picked":["Rip and Tear+1","Hyperbeam","Cold Snap"],"picked":"SKIP","floor":46.0},{"not_picked":["Conserve Battery","Consume+1","Coolheaded+1"],"picked":"SKIP","floor":46.0},{"not_picked":["Coolheaded+1","Conserve Battery+1"],"picked":"Double Energy","floor":47.0},{"not_picked":["Static Discharge+1","Gash+1"],"picked":"Tempest+1","floor":47.0},{"not_picked":["Steam+1","Gash","Skim"],"picked":"SKIP","floor":48.0},{"not_picked":["Beam Cell","Cold Snap+1","Rebound"],"picked":"SKIP","floor":48.0}],"player_experience":166551,"relics_obtained":[{"floor":7.0,"key":"Peace Pipe"},{"floor":9.0,"key":"Prayer Wheel"},{"floor":13.0,"key":"Dream Catcher"},{"floor":24.0,"key":"Bird Faced Urn"},{"floor":26.0,"key":"Pear"},{"floor":27.0,"key":"Gremlin Horn"},{"floor":40.0,"key":"Juzu Bracelet"},{"floor":42.0,"key":"Happy Flower"}],"event_choices":[{"cards_removed":["Strike_B"],"damage_healed":0.0,"max_hp_gain":0.0,"max_hp_loss":0.0,"gold_gain":0.0,"event_name":"The Cleric","player_choice":"Card Removal","floor":3.0,"gold_loss":50.0,"damage_taken":0.0},{"damage_healed":0.0,"max_hp_gain":0.0,"max_hp_loss":0.0,"gold_gain":1.0,"event_name":"betterStone:BetterStone","player_choice":"1","floor":5.0,"gold_loss":0.0,"damage_taken":0.0},{"damage_healed":0.0,"max_hp_gain":0.0,"max_hp_loss":0.0,"gold_gain":175.0,"event_name":"betterThird:BetterSerpent","player_choice":"AGREE","floor":11.0,"gold_loss":0.0,"damage_taken":120.0},{"damage_healed":0.0,"max_hp_gain":0.0,"max_hp_loss":0.0,"gold_gain":275.0,"event_name":"Golden Shrine","player_choice":"Desecrate","floor":21.0,"gold_loss":0.0,"damage_taken":0.0,"cards_obtained":["Regret"]},{"damage_healed":0.0,"max_hp_gain":0.0,"max_hp_loss":0.0,"gold_gain":0.0,"event_name":"Winding Halls","player_choice":"Embrace Madness","floor":39.0,"gold_loss":0.0,"damage_taken":11.0,"cards_obtained":["Madness","Madness"]}],"is_beta":false,"boss_relics":[{"not_picked":["Empty Cage","Cursed Key"],"picked":"Inserter"},{"not_picked":["Runic Pyramid","Coffee Dripper"],"picked":"SacredBark"}],"items_purged_floors":[12,25,38,45],"is_endless":false,"potions_floor_spawned":[4,13,16,19,22,27,33,36,42,44,47,48],"ascension_level":3}}