{"host":"ooe12lh8pgcirntb","time":1611475030,"event":{"mods":["AchievementEnabler","Act Like it!","BaseMod","Beaked The Cultist","ChefMod","Colored Map","Colored Powertips","Downfall","Minty Spire (QoL Compilation)","StSLib","The Animator","The Bug Knight","The Disciple","The Hierophant","The Problem Sleuth"],"gold_per_floor":[110,134,196,371,471,471,471,471,498,498,508,508,50,76,76,178,178,188,188,388,400,432,432,463,483,483,508,524,543,543,553,553,553,553],"floor_reached":33,"language":"ENG","playtime":10446,"items_purged":[],"score":377,"play_id":"aa98e462-c909-4b27-9d82-7006ee76b4cd","local_time":"20210124025710","is_ascension_mode":false,"campfire_choices":[{"data":"animator:DwarfShaman","floor":6,"key":"SMITH"},{"data":"animator:Ainz","floor":10,"key":"SMITH"},{"data":"animator:Mitsurugi","floor":12,"key":"SMITH"},{"data":"animator:Demiurge","floor":15,"key":"SMITH"},{"floor":23,"key":"REST"},{"floor":30,"key":"REST"},{"floor":32,"key":"REST"}],"circlet_count":0,"master_deck":["animator:Strike_GoblinSlayer+1","animator:Defend_GoblinSlayer+1","animator:Strike+1","animator:Strike+1","animator:Strike","animator:Defend","animator:Defend+1","animator:Defend","animator:LizardPriest+1","animator:DwarfShaman+1","animator:CrowleyEusford+1","animator:Mitsurugi+1","Doubt","downfall:Haunted","downfall:Haunted","downfall:Bewildered","animator:Ainz+1","Parasite","downfall:Aged","animator:HinaKagiyama+1","animator:Curse_Dizziness","animator:Darkness","animator:Demiurge+1","animator:PandorasActor","animator:CowGirl","animator:SwordMaiden","animator:Shalltear+1","animator:Kaijin","animator:CowGirl+1","animator:Mikaela","animator:Witch","animator:Mitsuba","animator:HighElfArcher","animator:Chris+1"],"relics":["animator:LivingPicture","animator:TheMissingPiece","NeowsBlessing","Du-Vu Doll","Vajra","Slimebound:StickyStick","champ:Barbells","beaked:MawFillet","Darkstone Periapt","Boot","Whetstone"],"acts_visited":["Exordium","TheCity"],"potions_floor_usage":[16,18],"damage_taken":[{"damage":0,"enemies":"2 Louse","floor":1,"turns":1},{"damage":0,"enemies":"Jaw Worm","floor":2,"turns":1},{"damage":0,"enemies":"Small Slimes","floor":11,"turns":1},{"damage":3,"enemies":"3 Louse","floor":14,"turns":2},{"damage":37,"enemies":"The Guardian","floor":16,"turns":9},{"damage":1,"enemies":"3 Byrds","floor":18,"turns":5},{"damage":12,"enemies":"2 Thieves","floor":21,"turns":2},{"damage":36,"enemies":"Slavers","floor":22,"turns":6},{"damage":8,"enemies":"Centurion and Healer","floor":24,"turns":5},{"damage":2,"enemies":"Shelled Parasite and Fungi","floor":25,"turns":5},{"damage":21,"enemies":"Book of Stabbing","floor":27,"turns":5},{"damage":6,"enemies":"Cultist and Chosen","floor":28,"turns":5},{"damage":0,"enemies":"3 Cultists","floor":29,"turns":4},{"damage":3,"enemies":"Snecko","floor":31,"turns":4},{"damage":59,"enemies":"Automaton","floor":33,"turns":6}],"seed_played":"742810631393170512","potions_obtained":[{"floor":11,"key":"SkillPotion"},{"floor":16,"key":"Fruit Juice"},{"floor":21,"key":"LiquidMemories"},{"floor":28,"key":"DistilledChaos"},{"floor":29,"key":"Regen Potion"}],"is_trial":false,"path_per_floor":["M","M","?","?","?","R","?","?","T","R","M","R","$","M","R","B",null,"M","?","?","M","E","R","M","M","T","E","M","M","R","M","R","B"],"character_chosen":"THE_ANIMATOR","items_purchased":["Slimebound:StickyStick","champ:Barbells","animator:Darkness","animator:Demiurge","animator:PandorasActor"],"campfire_rested":3,"item_purchase_floors":[13,13,13,13,13],"current_hp_per_floor":[66,66,66,66,71,71,71,57,57,57,57,57,57,54,54,18,72,76,76,76,64,28,51,43,41,41,20,14,15,38,36,59,0,0],"gold":553,"neow_bonus":"THREE_ENEMY_KILL","is_daily":false,"chose_seed":false,"campfire_upgraded":4,"win_rate":0.0,"timestamp":1611475030,"path_taken":["M","M","?","?","?","R","?","?","T","R","M","R","$","M","R","BOSS","M","?","?","?","E","R","M","M","T","E","M","M","R","M","R","BOSS"],"items_purchased_type":["Relic","Relic","Card","Card","Card"],"build_version":"2020-12-22","purchased_purges":0,"victory":false,"max_hp_per_floor":[66,66,66,66,71,71,71,71,71,71,71,71,71,71,71,72,72,77,77,77,77,77,77,77,77,77,77,77,78,78,79,79,79,79],"card_choices":[{"not_picked":["animator:Hakurou","animator:Shalltear"],"picked":"animator:CrowleyEusford","floor":1},{"not_picked":["animator:Hakurou","animator:Millim"],"picked":"animator:Mitsurugi","floor":2},{"not_picked":["animator:NarberalGamma","animator:Millim","animator:Tatsumaki"],"picked":"SKIP","floor":11},{"not_picked":["animator:LizardPriest","animator:GuildGirl"],"picked":"animator:CowGirl","floor":14},{"not_picked":["animator:Guren","animator:Father"],"picked":"animator:SwordMaiden","floor":16},{"not_picked":["animator:PandorasActor+1","animator:Hakurou"],"picked":"animator:Shalltear+1","floor":18},{"not_picked":["animator:PandorasActor","animator:Hakurou+1"],"picked":"animator:CowGirl","floor":21},{"not_picked":["animator:ElricEdward","animator:HiiragiShinya"],"picked":"animator:Mikaela","floor":22},{"not_picked":["animator:LizardPriest","animator:CowGirl"],"picked":"animator:Witch","floor":24},{"not_picked":["animator:NarberalGamma","animator:Yoichi","animator:Mikaela"],"picked":"SKIP","floor":25},{"not_picked":["animator:Priestess","animator:Rimuru"],"picked":"animator:Mitsuba","floor":27},{"not_picked":["animator:Cocytus","animator:ElricEdward","animator:Tatsumaki+1"],"picked":"SKIP","floor":28},{"not_picked":["animator:GuildGirl","animator:DwarfShaman"],"picked":"animator:HighElfArcher","floor":29},{"not_picked":["animator:Sloth","animator:Kazuma"],"picked":"animator:Chris+1","floor":31}],"player_experience":693439,"relics_obtained":[{"floor":9,"key":"Vajra"},{"floor":22,"key":"Darkstone Periapt"},{"floor":26,"key":"Boot"},{"floor":27,"key":"Whetstone"}],"event_choices":[{"damage_healed":0,"gold_gain":62,"player_choice":"Gained Gold","damage_taken":0,"max_hp_gain":0,"max_hp_loss":0,"event_name":"Golden Wing","floor":3,"gold_loss":0},{"damage_healed":0,"gold_gain":175,"player_choice":"AGREE","damage_taken":0,"max_hp_gain":0,"max_hp_loss":0,"event_name":"Liars Game","floor":4,"gold_loss":0,"cards_obtained":["Doubt"]},{"damage_healed":0,"gold_gain":0,"player_choice":"Entered Light","damage_taken":14,"max_hp_gain":0,"max_hp_loss":0,"event_name":"Shining Light","floor":8,"gold_loss":0,"cards_upgraded":["animator:HinaKagiyama","animator:CrowleyEusford"]},{"damage_healed":0,"gold_gain":0,"player_choice":"Read","damage_taken":0,"max_hp_gain":0,"max_hp_loss":0,"event_name":"The Library","floor":19,"gold_loss":0,"cards_obtained":["animator:Kaijin"]},{"damage_healed":0,"gold_gain":200,"player_choice":"Gold","damage_taken":0,"max_hp_gain":0,"max_hp_loss":0,"event_name":"Wheel of Change","floor":20,"gold_loss":0}],"is_beta":false,"boss_relics":[{"not_picked":["Fusion Hammer","Ectoplasm"],"picked":"beaked:MawFillet"}],"items_purged_floors":[],"is_endless":false,"potions_floor_spawned":[11,16,21,28,29],"killed_by":"Automaton","ascension_level":0}}