{"host":"x4d6lk1isuf99bn5","time":1611467386,"event":{"mods":["ATMod(∞¢Ë™Mod)","Act Like it!","Alarm Clock","BaseMod","Challenge The Spire","Colored Powertips","Defuse TimeMaze Blight","Energized Spire","Gensokyo","Marisa£®ÏF”Í°°ƒß¿Ì…≥£©","Minty Spire (QoL Compilation)","Quick Restart","Reimu£®≤©¿ˆ¡È√Œ£©","Remilia£®¿Ÿ√◊¿Ú—«£©","Replay The Spire","Shop Mod","StSLib","The Bladedancer","The Marked","Yakumo Yukari mod","°æ“≈ŒÔø®≈∆°øREMEMod","ÛÙª÷∏ƒœ"],"gold_per_floor":[670,168,280,394,517,529,541,553,675,819,975,987,899,180,311,475,628,784],"floor_reached":19,"language":"ZHS","playtime":1121,"items_purged":["Strike_RM","CeilingFear+1","BloodAndWine+1"],"score":2565,"play_id":"358efb3c-498e-46cf-9fbb-1d8b1a39c0e9","local_time":"20210124134946","daily_mods":["challengethespire:Bronze Difficulty","challengethespire:Boss Rush","Uncertain Future"],"is_ascension_mode":false,"campfire_choices":[{"data":"RedMoon","floor":8,"key":"SMITH"}],"circlet_count":0,"master_deck":["Strike_RM+1","Strike_RM+1","Strike_RM","Defend_RM","Defend_RM","Defend_RM","Defend_RM","RedMoon+1","ScarletShoot","AT_LightSaberMaster+1","DeusExMachina+1","RedNightlessCastle+1","AfternoonTea+1","CeilingFear+1","MastersStateliness+1","MastersStateliness+1","BloodySeventeenLaser+1","EternalNight+1","UnstableMagic+1","UnstableMagic+1","UnstableMagic+1","UnstableMagic+1","HeartBreak+1"],"relics":["ScarletHat","The Courier","Molten Egg 2","Toxic Egg 2","Frozen Egg 2","AT_ATBox","REME_ComplimentaryCards","Medical Kit","Replay:Wax Seal","Lee\u0027s Waffle","AT_ForceNature","Meat on the Bone","MawBank","Vajra","Replay:Grab Bag","SlaversCollar","energizedSpire:DeadBattery","REME_LowDesire","ReplayTheSpireMod:TigerMarble","Bag of Preparation","Replay:Bandana","Replay:Rubber Ducky","AT_GuinsooRageblade","Sozu","Guide Book","Blue Doll","RuthlessExorcism:ReiMu","Nunchaku","Lizard Tail","Ginger","AT_LudenTempest","Boot","Replay:Arrowhead"],"acts_visited":["Exordium"],"potions_floor_usage":[10],"damage_taken":[{"damage":11.0,"enemies":"Hexaghost","floor":3.0,"turns":10.0},{"damage":0.0,"enemies":"Slime Boss","floor":4.0,"turns":7.0},{"damage":0.0,"enemies":"The Guardian","floor":5.0,"turns":10.0},{"damage":14,"enemies":"Champ","floor":9,"turns":7},{"damage":22,"enemies":"Collector","floor":10,"turns":7},{"damage":13,"enemies":"Automaton","floor":11,"turns":8},{"damage":19,"enemies":"Awakened One","floor":15,"turns":10},{"damage":43,"enemies":"Time Eater","floor":16,"turns":12},{"damage":23,"enemies":"Donu and Deca","floor":17,"turns":8},{"damage":76,"enemies":"The Heart","floor":18,"turns":9}],"seed_played":"8686868602754376300","potions_obtained":[{"floor":3.0,"key":"Explosive Potion"},{"floor":5.0,"key":"Adrenaline Potion"}],"is_trial":true,"path_per_floor":["$","$","M","M","M","T","$","R","M","M","M","T","$","$","M","M","M","M",null],"character_chosen":"REMILIA","items_purchased":["Medical Kit","Replay:Wax Seal","RedNightlessCastle+1","AfternoonTea+1","Lee\u0027s Waffle","AT_ForceNature","CeilingFear+1","Guide Book","Blue Doll","RuthlessExorcism:ReiMu","Nunchaku","Lizard Tail"],"campfire_rested":0,"item_purchase_floors":[1,1,1,1,2,2,2,14,14,14,14,14],"current_hp_per_floor":[75,82,77,81,82,82,82,82,77,66,65,65,65,65,62,48,48,49],"gold":784,"neow_bonus":"","is_daily":false,"chose_seed":false,"campfire_upgraded":1,"win_rate":0.0,"timestamp":1611467386,"path_taken":["$","$","M","M","M","T","$","R","M","M","M","T","$","$","M","M","M","M"],"items_purchased_type":["Relic","Relic","Card","Card","Relic","Relic","Card","Relic","Relic","Relic","Relic","Relic"],"build_version":"2020-12-22","purchased_purges":3,"victory":true,"max_hp_per_floor":[75,82,82,82,82,82,82,82,82,82,82,82,82,82,82,82,82,82],"card_choices":[],"player_experience":92950,"relics_obtained":[{"floor":3.0,"key":"Meat on the Bone"},{"floor":4.0,"key":"MawBank"},{"floor":5.0,"key":"Vajra"},{"floor":6.0,"key":"ReplayTheSpireMod:TigerMarble"},{"floor":6.0,"key":"Bag of Preparation"},{"floor":9,"key":"Replay:Bandana"},{"floor":10,"key":"Replay:Rubber Ducky"},{"floor":11,"key":"AT_GuinsooRageblade"},{"floor":15,"key":"Ginger"},{"floor":16,"key":"AT_LudenTempest"},{"floor":17,"key":"Boot"},{"floor":18,"key":"Replay:Arrowhead"}],"event_choices":[],"is_beta":false,"boss_relics":[{"not_picked":["REME_ChargedStone","energizedSpire:EnergizedDie"],"picked":"Replay:Grab Bag"},{"not_picked":["energizedSpire:HugeHouse","energizedSpire:StickyHand"],"picked":"SlaversCollar"},{"not_picked":["Fusion Hammer","Coffee Dripper"],"picked":"energizedSpire:DeadBattery"},{"not_picked":["REME_DemonsWealth","Calling Bell"],"picked":"REME_LowDesire"},{"not_picked":["Abe\u0027s Treasure","Replay:Wanted Poster"],"picked":"Sozu"}],"items_purged_floors":[1,2,13],"is_endless":false,"potions_floor_spawned":[3,5,15,16,18],"ascension_level":0}}