{"host":"pfna4jpnbj44b3d3","time":1611480093,"event":{"mods":["2.2 Compatiblity","AchievementEnabler","AlwaysNeverKeys","Ascension Reborn","Ascension Unlocker","Aspiration","BaseMod","Bestiary","Better Altar","Better Match","Better Sensory Stone","Better Silent Start","Better Skull","Better Third Choice","Better Vampires","Better-Laid Plans","BetterRewards","Block Reminder","CCEM","CapriCore","Colored Map","Colored Powertips","Communication Mod","Conspire","Curses Come First","Defective Defect","Disable Question Mark Monsters","Displayed Cursed Tome","Downfall-Rebalance","Emptier Cage","Energized Spire","Friendly Minions","FruityMod","GifTheSpireLib","Googly Eyes","Gremlin Skip","Halation","HexUI Lib","Highlight Path","Hubris","Infinite Spire","Jedi Mod","Keyboard Shortcuts","Minty Spire (QoL Compilation)","MonsterHotkey","Permanent Neow","Quarter Circle Forward PUNCH!","Quick Restart","Random Character Button","Random Character Mod","Rare Cards Sparkle","RatMod","Relic Sorter","Relic Stats","Replay The Spire","Reworked Bosses","RumiaBox-????????","SCP261 Mod","SacredBarkPlus","Shop Mod","Small Relic Pack","Spicy Shops","Spikes Relics","Spire Arcade","StSLib","Stuff the Spire","SuperFastMode","Synergy Search","The Blue Laboratory","The IronCluck","The Jungle","Trackpad","Uncapped","UnlockEverythingMod","Virulent Crown","Waifu the Spire","WarShipGirlsR/????R mod","egg","everything is the same but u backflip on backflip","slay the spire mod where everything is the same but ironclad has a cowboy hat","vexMod"],"gold_per_floor":[110,122,122,122,141,174,189,222,293,307,321,90,104,133,133,230,230,247,247,265,280,300,333,333,367,367,367,385,385,403,106,106,201,201,218,231,231,249,269,269,292,292,292,307,15,29,60,77,77,77,77,77,78,106,106],"floor_reached":56,"language":"ENG","playtime":6670,"items_purged":["StuffTheSpire:CuriosityCurse","rmod:strick","rmod:strick","Parasite"],"score":1520,"play_id":"0a2f131d-e95c-46c1-8197-6481a30329dc","local_time":"20210124012133","is_ascension_mode":false,"campfire_choices":[{"floor":15.0,"key":"REST"},{"floor":24.0,"key":"REST"},{"data":"rmod:expedition","floor":32.0,"key":"SMITH"},{"data":"rmod:expedition+1","floor":32.0,"key":"SMITH"},{"data":"rmod:expedition","floor":40.0,"key":"SMITH"},{"data":"rmod:expedition+1","floor":40.0,"key":"SMITH"},{"data":"rmod:expedition+2","floor":42.0,"key":"SMITH"},{"data":"rmod:diamondstrike","floor":42.0,"key":"SMITH"},{"data":"rmod:circuitoustactics","floor":49.0,"key":"SMITH"},{"data":"rmod:ridicule","floor":49.0,"key":"SMITH"},{"data":"rmod:expedition+2","floor":52.0,"key":"SMITH"},{"data":"rmod:secretscript","floor":52.0,"key":"SMITH"}],"circlet_count":0,"master_deck":["rmod:strick","rmod:defend+1","rmod:defend+1","rmod:defend+1","rmod:defend+1","rmod:basicallowance","rmod:maingunfire","rmod:fletcherpendant","rmod:openingtorpedo","rmod:aviationdawn","rmod:steelsupply","rmod:circuitoustactics","rmod:fletcherpendant","rmod:diamondstrike","rmod:fuelsupply","rmod:secretscript+1","rmod:goodsister","rmod:expedition+3","rmod:ridicule+1","rmod:unsinkable","rmod:unsinkable","rmod:ridicule","rmod:acesubmarine","rmod:aluminumsupply+1","rmod:luckystar","rmod:diamondstrike+1","rmod:aviationdawn","rmod:ammunitionsupply","rmod:ammunitionsupply+1","rmod:luckystar+1","rmod:firesupport+1","rmod:firesupport+1","rmod:chargemoney","rmod:fletcherpendant+1","rmod:openingtorpedo+1","rmod:luckystar+1","rmod:fletcherpendant+1","rmod:maintain+1","rmod:expedition+3","rmod:fletcherpendant","rmod:fletcherpendant","rmod:maintain+1","rmod:circuitoustactics+1","rmod:sl+1"],"relics":["rmod:firstchargereward","hubris:Towel","SpikesRelics:ToyHorsey","Prayer Wheel","MerchantsRug","ReplayTheSpireMod:TigerMarble","Happy Flower","halation:PromiseList","CCEMRelics:TinyMinotavrHorn","Torii","Singing Bowl","Philosopher\u0027s Stone","infinitespire:Cupcake","StuffTheSpire:RunicHypercube","Bag of Marbles","aspiration:FetidBarrel","StuffTheSpire:BottledEssence","Unceasing Top","SSSystem"],"acts_visited":["Exordium","TheCity","TheBeyond","TheEnding"],"potions_floor_usage":[55],"damage_taken":[{"damage":0.0,"enemies":"Cultist","floor":1.0,"turns":3.0},{"damage":3.0,"enemies":"Small Slimes","floor":2.0,"turns":3.0},{"damage":5.0,"enemies":"Jaw Worm","floor":5.0,"turns":2.0},{"damage":36.0,"enemies":"3 Sentries","floor":6.0,"turns":8.0},{"damage":0.0,"enemies":"Gremlin Gang","floor":7.0,"turns":4.0},{"damage":30.0,"enemies":"Gremlin Nob","floor":8.0,"turns":4.0},{"damage":0.0,"enemies":"3 Louse","floor":10.0,"turns":1.0},{"damage":0.0,"enemies":"Blue Slaver","floor":11.0,"turns":2.0},{"damage":8.0,"enemies":"Lots of Slimes","floor":13.0,"turns":3.0},{"damage":0.0,"enemies":"Lagavulin","floor":14.0,"turns":5.0},{"damage":0.0,"enemies":"Slime Boss","floor":16.0,"turns":8.0},{"damage":6.0,"enemies":"2 Thieves","floor":18.0,"turns":4.0},{"damage":6.0,"enemies":"Spheric Guardian","floor":20.0,"turns":3.0},{"damage":0.0,"enemies":"3 Cultists","floor":21.0,"turns":2.0},{"damage":0.0,"enemies":"Cultist and Chosen","floor":22.0,"turns":4.0},{"damage":40.0,"enemies":"Slavers","floor":23.0,"turns":3.0},{"damage":0.0,"enemies":"conspire:Head Lice","floor":25.0,"turns":3.0},{"damage":0.0,"enemies":"Centurion and Healer","floor":28.0,"turns":1.0},{"damage":0.0,"enemies":"Snake Plant","floor":30.0,"turns":1.0},{"damage":44.0,"enemies":"bossMod:newChamp","floor":33.0,"turns":7.0},{"damage":0.0,"enemies":"3 Shapes","floor":35.0,"turns":1.0},{"damage":0.0,"enemies":"3 Darklings","floor":36.0,"turns":2.0},{"damage":19.0,"enemies":"Maw","floor":38.0,"turns":4.0},{"damage":0.0,"enemies":"Writhing Mass","floor":39.0,"turns":2.0},{"damage":0.0,"enemies":"Spire Growth","floor":44.0,"turns":2.0},{"damage":9.0,"enemies":"4 Shapes","floor":46.0,"turns":1.0},{"damage":41.0,"enemies":"Nemesis","floor":47.0,"turns":3.0},{"damage":0.0,"enemies":"Transient","floor":48.0,"turns":5.0},{"damage":0.0,"enemies":"bossMod:newAwakened","floor":50.0,"turns":5.0},{"damage":0.0,"enemies":"Shield and Spear","floor":54.0,"turns":1.0},{"damage":9,"enemies":"The Heart","floor":55,"turns":4}],"seed_played":"-8800014519379164173","potions_obtained":[{"floor":2.0,"key":"Regen Potion"},{"floor":6.0,"key":"Dexterity Potion"},{"floor":7.0,"key":"jedi:StrikingPotion"},{"floor":16.0,"key":"blueLaboratory:BottleOfRum"},{"floor":25.0,"key":"SCP261:GirlTearsPotion"},{"floor":33.0,"key":"Energy Potion"},{"floor":38.0,"key":"blueLaboratory:EmptyBottle"},{"floor":48.0,"key":"jedi:StrikingPotion"}],"is_trial":false,"path_per_floor":["M","M","?","?","M","E","M","E","T","M","M","$","M","E","R","B",null,"M","?","M","M","M","E","R","E","T","?","M","T","M","$","R","B",null,"M","M","AVR","M","M","R","T","R","T","M","$","M","E","M","R","B",null,"R","$","E","B",null],"character_chosen":"PRAEFECT","items_purchased":["MerchantsRug","rmod:expedition","Lee\u0027s Waffle","Singing Bowl","StuffTheSpire:BottledEssence","rmod:fletcherpendant","Unceasing Top"],"campfire_rested":2,"item_purchase_floors":[12,12,31,31,45,45,53],"current_hp_per_floor":[75,72,72,72,67,46,46,16,16,16,16,16,8,8,30,34,75,69,34,28,28,28,8,30,30,30,21,21,21,21,82,82,40,84,84,86,100,83,85,85,85,85,85,89,89,103,64,64,64,64,109,109,109,109,100],"gold":106,"neow_bonus":"REMOVE_CARD","is_daily":false,"chose_seed":false,"campfire_upgraded":10,"win_rate":0.0,"timestamp":1611480093,"path_taken":["M","M","?","?","M","E","M","E","T","M","M","$","M","E","R","BOSS","M","?","M","?","M","E","R","E","T","?","M","?","?","$","R","BOSS","M","?","AVR","M","M","R","?","R","T","M","$","M","E","M","R","BOSS","R","$","E","BOSS"],"items_purchased_type":["Relic","Card","Relic","Relic","Relic","Card","Relic"],"build_version":"2020-12-22","purchased_purges":4,"victory":true,"max_hp_per_floor":[75,75,75,75,75,75,75,75,75,75,75,75,75,75,75,75,75,75,75,75,75,75,75,75,75,75,75,75,75,75,82,82,84,84,84,86,100,102,104,104,104,104,104,108,105,107,109,109,109,109,109,109,109,109,109],"relic_stats":{"Happy Flower":[18],"Torii":0,"Singing Bowl":16,"counters":[31,101],"Prayer Wheel":32,"obtain_stats":[{"Torii":26,"Singing Bowl":31,"SSSystem":54,"Mango":37,"StuffTheSpire:BottledEssence":45,"SpikesRelics:ToyHorsey":6,"trackpad:WritersBlock":47,"Prayer Wheel":8,"Philosopher\u0027s Stone":34,"halation:PromiseList":19,"Replay:Bottled Eggs":9,"MerchantsRug":12,"Lee\u0027s Waffle":31,"Happy Flower":19,"StuffTheSpire:RunicHypercube":34,"aspiration:FetidBarrel":43,"Replay:Grab Bag":34,"hubris:Towel":3,"Question Card":25,"Replay:Arrowhead":29,"halation:LoveArrow":17,"PlanX":4,"CCEMRelics:TinyMinotavrHorn":23,"rmod:firstchargereward":0,"ReplayTheSpireMod:TigerMarble":14,"Bag of Marbles":41,"Unceasing Top":53,"infinitespire:Cupcake":34},{"Torii":17,"Singing Bowl":19,"SSSystem":30,"Mango":22,"StuffTheSpire:BottledEssence":25,"SpikesRelics:ToyHorsey":4,"trackpad:WritersBlock":27,"Prayer Wheel":6,"Philosopher\u0027s Stone":20,"halation:PromiseList":12,"Replay:Bottled Eggs":6,"MerchantsRug":8,"Lee\u0027s Waffle":19,"Happy Flower":12,"StuffTheSpire:RunicHypercube":20,"aspiration:FetidBarrel":24,"Replay:Grab Bag":20,"hubris:Towel":2,"Question Card":17,"Replay:Arrowhead":18,"halation:LoveArrow":11,"PlanX":2,"CCEMRelics:TinyMinotavrHorn":16,"rmod:firstchargereward":0,"ReplayTheSpireMod:TigerMarble":10,"Bag of Marbles":24,"Unceasing Top":29,"infinitespire:Cupcake":20},{"Torii":62,"Singing Bowl":64,"SSSystem":97,"Mango":74,"StuffTheSpire:BottledEssence":82,"SpikesRelics:ToyHorsey":16,"trackpad:WritersBlock":86,"Prayer Wheel":24,"Philosopher\u0027s Stone":71,"halation:PromiseList":47,"Replay:Bottled Eggs":24,"MerchantsRug":27,"Lee\u0027s Waffle":64,"Happy Flower":47,"StuffTheSpire:RunicHypercube":71,"aspiration:FetidBarrel":80,"Replay:Grab Bag":71,"hubris:Towel":6,"Question Card":62,"Replay:Arrowhead":63,"halation:LoveArrow":43,"PlanX":6,"CCEMRelics:TinyMinotavrHorn":59,"rmod:firstchargereward":0,"ReplayTheSpireMod:TigerMarble":35,"Bag of Marbles":80,"Unceasing Top":96,"infinitespire:Cupcake":71}],"Unceasing Top":[5]},"card_choices":[{"not_picked":["rmod:luckystar","rmod:supportescort"],"picked":"rmod:fletcherpendant","floor":1.0},{"not_picked":["rmod:generalist","rmod:goodfighter"],"picked":"rmod:openingtorpedo","floor":2.0},{"not_picked":["rmod:steelsupply","rmod:unsinkable"],"picked":"rmod:aviationdawn","floor":5.0},{"not_picked":["rmod:unsinkable","rmod:lonelyqueen"],"picked":"rmod:steelsupply","floor":6.0},{"not_picked":["rmod:fuelsupply","rmod:guardianhero"],"picked":"rmod:circuitoustactics","floor":7.0},{"not_picked":["rmod:supportescort","rmod:unsinkable"],"picked":"rmod:fletcherpendant","floor":8.0},{"not_picked":["rmod:ammunitionsupply","rmod:combined"],"picked":"rmod:diamondstrike","floor":10.0},{"not_picked":["rmod:combined","rmod:intelligenceanalysis"],"picked":"rmod:fuelsupply","floor":10.0},{"not_picked":["rmod:supportescort","rmod:circuitoustactics"],"picked":"rmod:secretscript","floor":11.0},{"not_picked":["rmod:fuelsupply","rmod:ring"],"picked":"rmod:goodsister","floor":11.0},{"not_picked":["rmod:fuelsupply","rmod:ring"],"picked":"rmod:ridicule","floor":13.0},{"not_picked":["rmod:steelsupply","rmod:smokecover"],"picked":"rmod:unsinkable","floor":13.0},{"not_picked":["rmod:luckystar","rmod:intelligenceanalysis"],"picked":"rmod:unsinkable","floor":14.0},{"not_picked":["rmod:timeschanged","rmod:seals"],"picked":"rmod:ridicule","floor":16.0},{"not_picked":["rmod:heivgo","rmod:capitalist"],"picked":"rmod:acesubmarine","floor":18.0},{"not_picked":["rmod:bulid","rmod:shuttlebombing"],"picked":"rmod:aluminumsupply+1","floor":18.0},{"not_picked":["rmod:unsinkable","rmod:intelligenceanalysis"],"picked":"rmod:luckystar","floor":20.0},{"not_picked":["rmod:victimresponsibility","rmod:tearstotiara+1","rmod:seals"],"picked":"SKIP","floor":20.0},{"not_picked":["rmod:smokecover+1","rmod:intelligenceanalysis"],"picked":"rmod:diamondstrike","floor":21.0},{"not_picked":["rmod:supportescort","rmod:lonelyqueen","rmod:fuelsupply"],"picked":"SKIP","floor":21.0},{"not_picked":["rmod:unsinkable","rmod:intelligenceanalysis"],"picked":"rmod:aviationdawn","floor":22.0},{"not_picked":["rmod:luckystar","rmod:smokecover+1"],"picked":"rmod:ammunitionsupply","floor":22.0},{"not_picked":["rmod:intelligenceanalysis","rmod:fletcher"],"picked":"rmod:ammunitionsupply+1","floor":23.0},{"not_picked":["rmod:tearstotiara","rmod:bulid"],"picked":"rmod:luckystar+1","floor":25.0},{"not_picked":["rmod:unsinkable","rmod:combined","rmod:steelsupply"],"picked":"rmod:firesupport+1","floor":28.0},{"not_picked":["rmod:victimresponsibility","rmod:combined","rmod:robin"],"picked":"rmod:firesupport+1","floor":28.0},{"not_picked":["rmod:gendarmerie","rmod:goodfighter","rmod:lonelyqueen"],"picked":"rmod:chargemoney","floor":30.0},{"not_picked":["rmod:diamondstrike","rmod:sl","rmod:spoils"],"picked":"rmod:fletcherpendant+1","floor":30.0},{"not_picked":["rmod:abidefaith","rmod:desperatesituation","rmod:timeschanged","rmod:acesubmarine"],"picked":"Singing Bowl","floor":33.0},{"not_picked":["rmod:aluminumsupply","rmod:steelsupply+1","rmod:diamondstrike"],"picked":"rmod:openingtorpedo+1","floor":35.0},{"not_picked":["rmod:fletcher","rmod:steelsupply","rmod:supportescort+1"],"picked":"rmod:luckystar+1","floor":35.0},{"not_picked":["rmod:launchingtorpedo+1","rmod:bulid+1","rmod:combined","rmod:unsinkable"],"picked":"Singing Bowl","floor":36.0},{"not_picked":["rmod:combined","rmod:smokecover+1","rmod:generalist+1"],"picked":"rmod:fletcherpendant+1","floor":36.0},{"not_picked":["rmod:acesubmarine","rmod:generalist+1","rmod:launchingtorpedo","rmod:firesupport"],"picked":"Singing Bowl","floor":38.0},{"not_picked":["rmod:victimresponsibility","rmod:diamondstrike","rmod:spoils+1"],"picked":"rmod:maintain+1","floor":38.0},{"not_picked":["rmod:circuitoustactics+1","rmod:salvage","rmod:bulid+1"],"picked":"rmod:expedition","floor":39.0},{"not_picked":["rmod:firesupport+1","rmod:circuitoustactics+1","rmod:diamondstrike","rmod:highspeedmaneuver"],"picked":"Singing Bowl","floor":39.0},{"not_picked":["rmod:luckystar","rmod:ring+1","rmod:firesupport+1","rmod:ammunitionsupply"],"picked":"Singing Bowl","floor":44.0},{"not_picked":["rmod:supportescort+1","rmod:supriseattacks","rmod:robin+1","rmod:heivgo+1"],"picked":"Singing Bowl","floor":44.0},{"not_picked":["rmod:firesupport+1","rmod:aluminumsupply","rmod:smokecover+1","rmod:tearstotiara"],"picked":"Singing Bowl","floor":46.0},{"not_picked":["rmod:steelsupply","rmod:salvage+1","rmod:generalist"],"picked":"rmod:fletcherpendant","floor":46.0},{"not_picked":["rmod:openingtorpedo+1","rmod:tearstotiara","rmod:victimresponsibility+1","rmod:combined+1"],"picked":"Singing Bowl","floor":47.0},{"not_picked":["rmod:luckystar+1","rmod:tearstotiara+1","rmod:acesubmarine"],"picked":"rmod:maintain+1","floor":48.0},{"not_picked":["rmod:victimresponsibility+1","rmod:guardianhero+1","rmod:supportescort+1"],"picked":"rmod:circuitoustactics","floor":48.0},{"not_picked":["rmod:aggressivemary+1","rmod:heivgo"],"picked":"rmod:sl+1","floor":54}],"player_experience":303858,"relics_obtained":[{"floor":6.0,"key":"SpikesRelics:ToyHorsey"},{"floor":8.0,"key":"Prayer Wheel"},{"floor":9.0,"key":"Replay:Bottled Eggs"},{"floor":14.0,"key":"ReplayTheSpireMod:TigerMarble"},{"floor":23.0,"key":"CCEMRelics:TinyMinotavrHorn"},{"floor":25.0,"key":"Question Card"},{"floor":26.0,"key":"Torii"},{"floor":29.0,"key":"Replay:Arrowhead"},{"floor":41.0,"key":"Bag of Marbles"},{"floor":43.0,"key":"aspiration:FetidBarrel"},{"floor":47.0,"key":"trackpad:WritersBlock"},{"floor":54,"key":"SSSystem"}],"event_choices":[{"damage_healed":0.0,"max_hp_gain":0.0,"max_hp_loss":0.0,"gold_gain":0.0,"event_name":"betterSkull:BetterSkull","player_choice":"RE RE ","floor":19.0,"gold_loss":0.0,"damage_taken":39.0,"cards_upgraded":[],"relics_obtained":["Happy Flower","halation:PromiseList"]},{"damage_healed":0.0,"max_hp_gain":0.0,"max_hp_loss":0.0,"gold_gain":0.0,"event_name":"Cursed Tome","player_choice":"Stopped","floor":27.0,"gold_loss":0.0,"damage_taken":9.0}],"is_beta":false,"boss_relics":[{"not_picked":["energizedSpire:StickyHand","Replay:Bronze Core"],"picked":"halation:LoveArrow"},{"not_picked":["Sozu","energizedSpire:RedRose"],"picked":"Replay:Grab Bag"},{"not_picked":["trackpad:Trackpad","Fusion Hammer"],"picked":"Philosopher\u0027s Stone"},{"not_picked":["Replay:Fungal Core","vexMod:EndlessSickness"],"picked":"infinitespire:Cupcake"},{"not_picked":["EasyGame_NEW","Kintsugi"],"picked":"StuffTheSpire:RunicHypercube"}],"items_purged_floors":[12,31,37,45],"is_endless":false,"potions_floor_spawned":[2,6,7,16,25,28,30,33,36,38,48],"ascension_level":0}}