{"host":"b1dzdo8uo7e6jx8g","time":1611495527,"event":{"mods":["AchievementEnabler","BaseMod","BetterRewards","Colored Map","Downfall","Highlight Path","Minty Spire (QoL Compilation)","StSLib","The Bug Knight"],"gold_per_floor":[131,131,143,193,143,143,193,228,255,255,289,343,355,397,409,556,568,630,79,88,88,88,88,116,116,116,116,163,183,218,317,317,450,500,537,72,72,91,91,91,148,198,224,156,208,208,283,328,328,328,328,328,40,84,84,84],"floor_reached":55,"language":"ENG","playtime":1758,"items_purged":[],"score":984,"play_id":"cbf7bac1-97b2-48ac-8e77-4443647cdc46","local_time":"20210124143847","is_ascension_mode":false,"campfire_choices":[{"data":"Backstab","floor":6,"key":"SMITH"},{"data":"Accuracy","floor":10,"key":"SMITH"},{"floor":15,"key":"REST"},{"data":"Malaise","floor":23,"key":"SMITH"},{"floor":25,"key":"RECALL"},{"data":"Neutralize","floor":27,"key":"SMITH"},{"data":"Blade Dance","floor":32,"key":"SMITH"},{"data":"Phantasmal Killer","floor":40,"key":"SMITH"},{"floor":46,"key":"REST"},{"floor":49,"key":"REST"},{"data":"Accuracy","floor":52,"key":"SMITH"}],"circlet_count":0,"master_deck":["Strike_G","Strike_G+1","Strike_G","Strike_G","Strike_G","Defend_G","Defend_G","Defend_G","Defend_G","Survivor","Neutralize+1","HandOfGreed+1","Accuracy+1","Dagger Throw","Quick Slash","Backstab+1","Blade Dance+1","Malaise+1","Corpse Explosion","Slice","Slice","Phantasmal Killer+1","Backstab+1","Trip","Blade Dance","Accuracy+1","PiercingWail","Malaise"],"relics":["Ring of the Snake","CeramicFish","MawBank","Akabeko","WristBlade","Strange Spoon","Blue Candle","Anchor","Lantern","PreservedInsect","Ninja Scroll","Centennial Puzzle","Tiny House","DollysMirror","Shuriken","Potion Belt","Bronze Scales","Pear","Bird Faced Urn","Lizard Tail","Ornamental Fan"],"acts_visited":["Exordium","TheCity","TheBeyond","TheEnding"],"potions_floor_usage":[24,30,33,33,50,50],"damage_taken":[{"damage":0,"enemies":"2 Louse","floor":1,"turns":2},{"damage":0,"enemies":"Cultist","floor":3,"turns":3},{"damage":0,"enemies":"Small Slimes","floor":7,"turns":3},{"damage":0,"enemies":"3 Louse","floor":8,"turns":2},{"damage":8,"enemies":"HollowMod:MossKnight","floor":11,"turns":3},{"damage":12,"enemies":"2 Fungi Beasts","floor":12,"turns":3},{"damage":35,"enemies":"The Guardian","floor":16,"turns":11},{"damage":5,"enemies":"Chosen","floor":18,"turns":4},{"damage":4,"enemies":"Gremlin Leader","floor":24,"turns":4},{"damage":0,"enemies":"3 Byrds","floor":28,"turns":2},{"damage":0,"enemies":"Shelled Parasite and Fungi","floor":29,"turns":1},{"damage":0,"enemies":"Book of Stabbing","floor":30,"turns":2},{"damage":44,"enemies":"Champ","floor":33,"turns":10},{"damage":0,"enemies":"Orb Walker","floor":35,"turns":1},{"damage":0,"enemies":"3 Darklings","floor":38,"turns":2},{"damage":16,"enemies":"Nemesis","floor":41,"turns":3},{"damage":23,"enemies":"4 Shapes","floor":42,"turns":3},{"damage":9,"enemies":"Reptomancer","floor":45,"turns":3},{"damage":0,"enemies":"Mind Bloom Boss Battle","floor":47,"turns":1},{"damage":0,"enemies":"Maw","floor":48,"turns":4},{"damage":75,"enemies":"Awakened One","floor":50,"turns":8},{"damage":13,"enemies":"Shield and Spear","floor":54,"turns":2},{"damage":122,"enemies":"The Heart","floor":55,"turns":6}],"seed_played":"-4669983237195519414","potions_obtained":[{"floor":3,"key":"Poison Potion"},{"floor":7,"key":"EssenceOfSteel"},{"floor":12,"key":"Weak Potion"},{"floor":24,"key":"Swift Potion"},{"floor":30,"key":"champ:CounterPotion"},{"floor":34,"key":"SpeedPotion"},{"floor":38,"key":"FearPotion"},{"floor":45,"key":"LiquidMemories"},{"floor":48,"key":"Guardian:BlockOnCardUsePotion"},{"floor":54,"key":"FearPotion"}],"is_trial":false,"path_per_floor":["M","?","M","T","?","R","M","M","T","R","E","M","$","?","R","B",null,"M","$","?","?","?","R","E","R","T","R","M","M","E","?","R","B",null,"M","$","?","M","$","R","E","M","T","$","E","R","?","M","R","B",null,"R","$","E","B"],"character_chosen":"THE_SILENT","items_purchased":["HandOfGreed","Accuracy","Dagger Throw","Strange Spoon","Blue Candle","Anchor","DollysMirror","Shuriken","Trip","Accuracy","Lizard Tail"],"campfire_rested":3,"item_purchase_floors":[0,0,0,19,19,19,36,36,36,44,53],"current_hp_per_floor":[62,62,62,62,62,62,62,62,62,62,54,42,42,42,63,28,70,65,65,65,65,65,65,61,61,61,61,61,61,61,61,61,17,75,75,75,75,75,75,75,59,36,36,36,37,62,62,66,85,12,85,85,85,72,0,0],"gold":84,"neow_bonus":"","is_daily":false,"chose_seed":false,"campfire_upgraded":7,"win_rate":0.0,"timestamp":1611495527,"path_taken":["M","?","?","?","?","R","M","M","T","R","E","M","$","?","R","BOSS","M","$","?","?","?","R","E","R","T","R","M","M","E","?","R","BOSS","M","$","?","M","?","R","E","M","T","$","E","R","?","M","R","BOSS","R","$","E","BOSS"],"items_purchased_type":["Card","Card","Card","Relic","Relic","Relic","Relic","Relic","Card","Card","Relic"],"build_version":"2020-12-22","purchased_purges":0,"victory":false,"max_hp_per_floor":[70,70,70,70,70,70,70,70,70,70,70,70,70,70,70,70,70,70,70,70,70,70,70,70,70,70,70,70,70,70,70,70,70,75,75,75,75,75,75,75,75,75,75,75,85,85,85,85,85,85,85,85,85,85,85,85],"card_choices":[{"not_picked":["Dagger Spray","Acrobatics"],"picked":"Quick Slash","floor":1},{"not_picked":["Sucker Punch","Acrobatics"],"picked":"Backstab","floor":3},{"not_picked":["Backflip","Prepared"],"picked":"Blade Dance","floor":7},{"not_picked":["Footwork","Prepared","Poisoned Stab"],"picked":"SKIP","floor":8},{"not_picked":["Deadly Poison","Acrobatics"],"picked":"Malaise","floor":11},{"not_picked":["Dodge and Roll","Acrobatics","Deflect"],"picked":"SKIP","floor":12},{"not_picked":["Doppelganger","Grand Finale"],"picked":"Corpse Explosion","floor":16},{"not_picked":["Eviscerate+1","Catalyst"],"picked":"Slice","floor":18},{"not_picked":["Footwork","Bouncing Flask","Acrobatics"],"picked":"SKIP","floor":24},{"not_picked":["Backflip","Well Laid Plans"],"picked":"Slice","floor":28},{"not_picked":["Deadly Poison","Bane","Deflect"],"picked":"SKIP","floor":29},{"not_picked":["Eviscerate","Poisoned Stab","Expertise"],"picked":"SKIP","floor":30},{"not_picked":["Venomology","Burst"],"picked":"Phantasmal Killer","floor":33},{"not_picked":["Cloak And Dagger+1","Outmaneuver","Prepared+1"],"picked":"SKIP","floor":35},{"not_picked":["Masterful Stab","Prepared","Bane+1"],"picked":"SKIP","floor":38},{"not_picked":["Acrobatics","Calculated Gamble+1","Riddle With Holes"],"picked":"SKIP","floor":41},{"not_picked":["Well Laid Plans+1","Reflex+1"],"picked":"Blade Dance","floor":42},{"not_picked":["Blade Dance","Underhanded Strike","Concentrate"],"picked":"SKIP","floor":45},{"not_picked":["Dodge and Roll+1","Footwork"],"picked":"PiercingWail","floor":48},{"not_picked":["Reflex","Crippling Poison"],"picked":"Malaise","floor":54}],"player_experience":237508,"relics_obtained":[{"floor":4,"key":"CeramicFish"},{"floor":11,"key":"MawBank"},{"floor":24,"key":"PreservedInsect"},{"floor":26,"key":"Ninja Scroll"},{"floor":30,"key":"Centennial Puzzle"},{"floor":41,"key":"Potion Belt"},{"floor":43,"key":"Bronze Scales"},{"floor":45,"key":"Pear"},{"floor":47,"key":"Bird Faced Urn"},{"floor":54,"key":"Ornamental Fan"}],"event_choices":[{"damage_healed":0,"gold_gain":0,"player_choice":"Upgraded","damage_taken":0,"max_hp_gain":0,"max_hp_loss":0,"event_name":"Upgrade Shrine","floor":2,"gold_loss":0,"cards_upgraded":["HandOfGreed"]},{"cards_removed":["Defend_G"],"damage_healed":0,"gold_gain":0,"player_choice":"Card Removal","damage_taken":0,"max_hp_gain":0,"max_hp_loss":0,"event_name":"The Cleric","floor":5,"gold_loss":50},{"damage_healed":0,"gold_gain":30,"player_choice":"Searched \u00273\u0027 times","damage_taken":0,"relics_obtained":["Akabeko"],"max_hp_gain":0,"max_hp_loss":0,"event_name":"Dead Adventurer","floor":14,"gold_loss":0},{"damage_healed":0,"gold_gain":0,"player_choice":"Stole Relic","damage_taken":0,"relics_obtained":["Lantern"],"max_hp_gain":0,"max_hp_loss":0,"event_name":"Addict","floor":20,"gold_loss":0,"cards_obtained":["Shame"]},{"cards_removed":["Shame"],"damage_healed":0,"gold_gain":0,"player_choice":"Elegance","damage_taken":0,"max_hp_gain":0,"max_hp_loss":0,"event_name":"Back to Basics","floor":21,"gold_loss":0},{"damage_healed":0,"gold_gain":0,"player_choice":"Ignored","damage_taken":0,"max_hp_gain":0,"max_hp_loss":0,"event_name":"Vampires","floor":22,"gold_loss":0},{"damage_healed":0,"gold_gain":99,"player_choice":"Stole From Cult","damage_taken":0,"max_hp_gain":0,"max_hp_loss":0,"event_name":"Nest","floor":31,"gold_loss":0},{"damage_healed":0,"gold_gain":0,"player_choice":"Ignored","damage_taken":0,"max_hp_gain":0,"max_hp_loss":0,"event_name":"Mysterious Sphere","floor":37,"gold_loss":0},{"damage_healed":0,"gold_gain":0,"player_choice":"Fight","damage_taken":0,"max_hp_gain":0,"max_hp_loss":0,"event_name":"MindBloom","floor":47,"gold_loss":0}],"is_beta":false,"boss_relics":[{"not_picked":["Astrolabe","Cursed Key"],"picked":"WristBlade"},{"not_picked":["Runic Dome","Pandora\u0027s Box"],"picked":"Tiny House"}],"items_purged_floors":[],"is_endless":false,"potions_floor_spawned":[3,7,12,24,30,38,45,48,54],"killed_by":"The Heart","ascension_level":0}}