{"host":"jjx","time":1611486909,"event":{"mods":["Act Like it!","BaseMod","Chen","DeckTracker","Downfall","Gensokyo","Marisa£®ÏF”Í°°ƒß¿Ì…≥£©","Minty Spire (QoL Compilation)","Quick Restart","Remilia£®¿Ÿ√◊¿Ú—«£©","StSLib","The Poker Player","The Servant 0.9.4","Waifu the Spire","Youmu£®ªÍ∆«—˝√Œ£©"],"gold_per_floor":[116,135,162,174,186,241,253,265,277,289,375,406,449,536,548,688,763,798,810,840,873,909,921,971,908,920,385,385,399,399,419,419,524,524,536,555,555,605,605,632,647,647,696,196,207,207,207,220,220,220,220,220,20,49,49],"floor_reached":56,"language":"ENG","playtime":4013,"items_purged":["PokerPlayerMod:Spade1"],"score":1228,"play_id":"9a75b60a-b581-4a24-adc7-f1093429970d","local_time":"20210124191509","is_ascension_mode":false,"metric_token":978,"campfire_choices":[{"data":"PokerPlayerMod:Diamond3","floor":8.0,"key":"SMITH"},{"data":"PokerPlayerMod:Heart2","floor":10.0,"key":"SMITH"},{"data":"PokerPlayerMod:DiamondStrike","floor":15.0,"key":"SMITH"},{"data":"PokerPlayerMod:TrumpStrike","floor":23.0,"key":"SMITH"},{"data":"PokerPlayerMod:Diamond2","floor":28.0,"key":"SMITH"},{"data":"PokerPlayerMod:Mulligan","floor":32.0,"key":"SMITH"},{"floor":42,"key":"RECALL"},{"data":"PokerPlayerMod:GamblerForm","floor":46,"key":"SMITH"},{"data":"PokerPlayerMod:Overdeal","floor":49,"key":"SMITH"},{"data":"PokerPlayerMod:HeartStrike","floor":52,"key":"SMITH"}],"circlet_count":0,"master_deck":["PokerPlayerMod:Diamond3","PokerPlayerMod:Diamond4","PokerPlayerMod:Diamond4","PokerPlayerMod:Diamond5","PokerPlayerMod:Spade2","PokerPlayerMod:Spade3","PokerPlayerMod:Spade4","PokerPlayerMod:Club2","PokerPlayerMod:Club3","PokerPlayerMod:Heart3","PokerPlayerMod:TrumpStrike+1","PokerPlayerMod:BadJoker+1","PokerPlayerMod:Mulligan+1","PokerPlayerMod:Diamond4","PokerPlayerMod:Diamond4","PokerPlayerMod:DiamondStrike+1","PokerPlayerMod:HeartStrike+1","PokerPlayerMod:Heart4","PokerPlayerMod:JackOfSpades","PokerPlayerMod:ChangeRules","PokerPlayerMod:Club5","PokerPlayerMod:Overdeal+1","PokerPlayerMod:Configure+1","PokerPlayerMod:Configure","PokerPlayerMod:Diamond6","PokerPlayerMod:Duplicate","PokerPlayerMod:Spade6","Flash of Steel","PokerPlayerMod:Heart5","PokerPlayerMod:Heart7","PokerPlayerMod:TheDieIsCast","PokerPlayerMod:Diamond5","PokerPlayerMod:Raise+1","PokerPlayerMod:Diamond3","PokerPlayerMod:GamblerForm+1","PokerPlayerMod:Sharpen+1","PokerPlayerMod:Club4","PokerPlayerMod:CloakAndDiamond+1","PokerPlayerMod:ItsShowtime","PokerPlayerMod:SpadeStrike","PokerPlayerMod:Diamond6"],"relics":["PokerPlayerMod:DeckCase","NeowsBlessing","MawBank","Bloody Idol","Anchor","PokerPlayerMod:CoolBox","PokerPlayerMod:FairLicense","Gambling Chip","Tiny House","Boot","Ginger","Ice Cream","Philosopher\u0027s Stone","TungstenRod","CaptainsWheel","Nunchaku","PokerPlayerMod:BrokenClock","PokerPlayerMod:BottledPoker","Toy Ornithopter"],"acts_visited":["Exordium","TheCity","TheBeyond","TheEnding"],"potions_floor_usage":[48,55,55,55],"damage_taken":[{"damage":0.0,"enemies":"Cultist","floor":1.0,"turns":1.0},{"damage":0.0,"enemies":"2 Louse","floor":2.0,"turns":1.0},{"damage":0.0,"enemies":"3 Sentries","floor":6.0,"turns":1.0},{"damage":7.0,"enemies":"Lagavulin Event","floor":11.0,"turns":4.0},{"damage":0.0,"enemies":"Small Slimes","floor":12.0,"turns":2.0},{"damage":10.0,"enemies":"Lagavulin","floor":13.0,"turns":3.0},{"damage":27.0,"enemies":"Hexaghost","floor":16.0,"turns":7.0},{"damage":0.0,"enemies":"Shell Parasite","floor":18.0,"turns":3.0},{"damage":0.0,"enemies":"2 Thieves","floor":20.0,"turns":2.0},{"damage":21.0,"enemies":"Snake Plant","floor":21.0,"turns":3.0},{"damage":10.0,"enemies":"Centurion and Healer","floor":22.0,"turns":4.0},{"damage":7.0,"enemies":"Gremlin Leader","floor":24.0,"turns":4.0},{"damage":8.0,"enemies":"Snecko","floor":29.0,"turns":3.0},{"damage":18.0,"enemies":"Shelled Parasite and Fungi","floor":31.0,"turns":4.0},{"damage":69.0,"enemies":"Champ","floor":33.0,"turns":10.0},{"damage":0,"enemies":"3 Shapes","floor":35,"turns":2},{"damage":0,"enemies":"Orb Walker","floor":36,"turns":2},{"damage":33,"enemies":"Mind Bloom Boss Battle","floor":38,"turns":6},{"damage":26,"enemies":"Reptomancer","floor":40,"turns":6},{"damage":0,"enemies":"Maw","floor":41,"turns":5},{"damage":0,"enemies":"Jaw Worm Horde","floor":45,"turns":2},{"damage":31,"enemies":"Writhing Mass","floor":48,"turns":4},{"damage":105,"enemies":"Awakened One","floor":50,"turns":11},{"damage":27,"enemies":"Shield and Spear","floor":54,"turns":4},{"damage":103,"enemies":"The Heart","floor":55,"turns":11}],"seed_played":"2178055737071280015","potions_obtained":[{"floor":1.0,"key":"BlessingOfTheForge"},{"floor":6.0,"key":"AttackPotion"},{"floor":17.0,"key":"hexamod:SoulburnPotion"},{"floor":35,"key":"AttackPotion"},{"floor":48,"key":"Explosive Potion"},{"floor":54,"key":"Regen Potion"}],"is_trial":false,"path_per_floor":["M","M","T","$","?","E","?","R","T","R","?","M","E","?","R","B",null,"M","?","M","M","M","R","E","?","T","$","R","M","?","M","R","B",null,"M","M","?","?","T","E","M","R","T","$","M","R","$","M","R","B",null,"R","$","E","B",null],"character_chosen":"THE_POKER_PLAYER","items_purchased":["Ice Cream","PokerPlayerMod:Spade6","Flash of Steel","PokerPlayerMod:BrokenClock","PokerPlayerMod:BottledPoker","PokerPlayerMod:ItsShowtime","PokerPlayerMod:SpadeStrike"],"campfire_rested":0,"item_purchase_floors":[27,27,27,44,44,53,53],"current_hp_per_floor":[52,52,52,52,39,39,29,29,29,29,26,41,49,38,38,33,57,57,52,57,36,50,50,57,57,57,57,57,49,49,54,54,6,57,57,57,57,43,43,46,57,57,57,57,57,57,57,55,55,10,57,57,57,57,20],"gold":49,"neow_bonus":"THREE_ENEMY_KILL","is_daily":false,"chose_seed":false,"campfire_upgraded":9,"win_rate":0.0,"timestamp":1611486909,"path_taken":["M","?","?","$","?","E","?","R","T","R","?","M","E","?","R","BOSS","M","?","M","M","?","R","E","?","T","$","R","M","?","M","R","BOSS","M","M","?","?","?","E","M","R","T","$","M","R","?","M","R","BOSS","R","$","E","BOSS"],"items_purchased_type":["Relic","Card","Card","Relic","Relic","Card","Card"],"build_version":"2020-12-18","purchased_purges":1,"victory":true,"max_hp_per_floor":[52,52,52,52,52,52,52,52,52,52,52,52,52,52,52,52,57,57,57,57,57,57,57,57,57,57,57,57,57,57,57,57,57,57,57,57,57,57,57,57,57,57,57,57,57,57,57,57,57,57,57,57,57,57,57],"card_choices":[{"not_picked":["PokerPlayerMod:Club2","PokerPlayerMod:Heart1"],"picked":"PokerPlayerMod:Diamond4","floor":1.0},{"not_picked":["PokerPlayerMod:Spade4","PokerPlayerMod:MagicTrick"],"picked":"PokerPlayerMod:Diamond4","floor":2.0},{"not_picked":["PokerPlayerMod:Configure","PokerPlayerMod:FillThePot"],"picked":"PokerPlayerMod:DiamondStrike","floor":6.0},{"not_picked":["PokerPlayerMod:Club3","PokerPlayerMod:ClubShade"],"picked":"PokerPlayerMod:HeartStrike","floor":11.0},{"not_picked":["PokerPlayerMod:Spade4","PokerPlayerMod:Diamond4"],"picked":"PokerPlayerMod:Heart4","floor":12.0},{"not_picked":["PokerPlayerMod:ClubDance","PokerPlayerMod:TheDieIsCast"],"picked":"PokerPlayerMod:JackOfSpades","floor":13.0},{"not_picked":["PokerPlayerMod:Diamond8","PokerPlayerMod:FakeSymbols"],"picked":"PokerPlayerMod:ChangeRules","floor":16.0},{"not_picked":["PokerPlayerMod:DartThrow","PokerPlayerMod:Heart2"],"picked":"PokerPlayerMod:Club5","floor":17.0},{"not_picked":["PokerPlayerMod:Heart5","PokerPlayerMod:Trickery"],"picked":"PokerPlayerMod:Overdeal","floor":18.0},{"not_picked":["PokerPlayerMod:SpadeStrike","PokerPlayerMod:Raise+1"],"picked":"PokerPlayerMod:Configure+1","floor":20.0},{"not_picked":["PokerPlayerMod:JackOfSpades","PokerPlayerMod:Diamond4"],"picked":"PokerPlayerMod:Configure","floor":21.0},{"not_picked":["PokerPlayerMod:Heart1","PokerPlayerMod:SpadeStrike"],"picked":"PokerPlayerMod:Diamond6","floor":22.0},{"not_picked":["PokerPlayerMod:DartThrow","PokerPlayerMod:Diamond4"],"picked":"PokerPlayerMod:Duplicate","floor":24.0},{"not_picked":["PokerPlayerMod:Trickery","PokerPlayerMod:Heart3"],"picked":"PokerPlayerMod:Heart5","floor":29.0},{"not_picked":["PokerPlayerMod:Heart4","PokerPlayerMod:HeartStrike"],"picked":"PokerPlayerMod:Heart7","floor":31.0},{"not_picked":["PokerPlayerMod:Heart9","PokerPlayerMod:Duplicate"],"picked":"PokerPlayerMod:TheDieIsCast","floor":33.0},{"not_picked":["PokerPlayerMod:Club1","PokerPlayerMod:JackOfSpades"],"picked":"PokerPlayerMod:Diamond5","floor":35},{"not_picked":["PokerPlayerMod:Heart2","PokerPlayerMod:Diamond1"],"picked":"PokerPlayerMod:Raise+1","floor":36},{"not_picked":["PokerPlayerMod:Configure","PokerPlayerMod:Diamond1"],"picked":"PokerPlayerMod:Diamond3","floor":38},{"not_picked":["PokerPlayerMod:Heart6","PokerPlayerMod:Club4"],"picked":"PokerPlayerMod:GamblerForm","floor":40},{"not_picked":["PokerPlayerMod:Fold","PokerPlayerMod:JackOfSpades"],"picked":"PokerPlayerMod:Sharpen+1","floor":41},{"not_picked":["PokerPlayerMod:Heart4","PokerPlayerMod:Spade2"],"picked":"PokerPlayerMod:Club4","floor":45},{"not_picked":["PokerPlayerMod:ClubDance","PokerPlayerMod:Diamond4"],"picked":"PokerPlayerMod:CloakAndDiamond+1","floor":48},{"not_picked":["PokerPlayerMod:Diamond4","PokerPlayerMod:Configure+1"],"picked":"PokerPlayerMod:Diamond6","floor":54}],"player_experience":589814,"relics_obtained":[{"floor":3.0,"key":"MawBank"},{"floor":6.0,"key":"Anchor"},{"floor":9.0,"key":"PokerPlayerMod:CoolBox"},{"floor":11.0,"key":"PokerPlayerMod:FairLicense"},{"floor":13.0,"key":"Gambling Chip"},{"floor":24.0,"key":"Boot"},{"floor":26.0,"key":"Ginger"},{"floor":38,"key":"TungstenRod"},{"floor":40,"key":"CaptainsWheel"},{"floor":43,"key":"Nunchaku"},{"floor":54,"key":"Toy Ornithopter"}],"event_choices":[{"damage_healed":0.0,"max_hp_gain":0.0,"max_hp_loss":0.0,"gold_gain":0.0,"event_name":"Golden Idol","player_choice":"Take Damage","floor":5.0,"gold_loss":0.0,"damage_taken":13.0,"relics_obtained":["Golden Idol"]},{"damage_healed":0.0,"max_hp_gain":0.0,"max_hp_loss":0.0,"gold_gain":0.0,"event_name":"Shining Light","player_choice":"Entered Light","floor":7.0,"gold_loss":0.0,"damage_taken":10.0,"cards_upgraded":["PokerPlayerMod:Club3","PokerPlayerMod:BadJoker"]},{"damage_healed":0.0,"max_hp_gain":0.0,"max_hp_loss":0.0,"gold_gain":0.0,"event_name":"Dead Adventurer","player_choice":"Searched \u00271\u0027 times","floor":11.0,"gold_loss":0.0,"damage_taken":0.0},{"damage_healed":0.0,"max_hp_gain":0.0,"max_hp_loss":0.0,"gold_gain":75.0,"event_name":"World of Goop","player_choice":"Gather Gold","floor":14.0,"gold_loss":0.0,"damage_taken":11.0},{"damage_healed":0.0,"max_hp_gain":0.0,"max_hp_loss":0.0,"gold_gain":0.0,"event_name":"Wheel of Change","player_choice":"Damaged","floor":19.0,"gold_loss":0.0,"damage_taken":5.0},{"cards_removed":["PokerPlayerMod:Diamond1"],"damage_healed":0.0,"max_hp_gain":0.0,"max_hp_loss":0.0,"gold_gain":0.0,"event_name":"Beggar","player_choice":"Gave Gold","floor":25.0,"gold_loss":75.0,"damage_taken":0.0},{"damage_healed":0.0,"max_hp_gain":0.0,"max_hp_loss":0.0,"gold_gain":0.0,"event_name":"Forgotten Altar","player_choice":"Gave Idol","floor":30.0,"relics_lost":["Golden Idol"],"gold_loss":0.0,"damage_taken":0.0,"relics_obtained":["Bloody Idol"]},{"damage_healed":0,"gold_gain":0,"player_choice":"Memory 1","damage_taken":0,"max_hp_gain":0,"max_hp_loss":0,"event_name":"SensoryStone","floor":37,"gold_loss":0},{"damage_healed":0,"gold_gain":0,"player_choice":"Fight","damage_taken":0,"max_hp_gain":0,"max_hp_loss":0,"event_name":"MindBloom","floor":38,"gold_loss":0}],"is_beta":true,"boss_relics":[{"not_picked":["Fusion Hammer","bronze:MakeshiftBattery"],"picked":"Tiny House"},{"not_picked":["PokerPlayerMod:AceCard","Runic Dome"],"picked":"Philosopher\u0027s Stone"}],"items_purged_floors":[27],"is_endless":false,"potions_floor_spawned":[1,6,18,20,21,29,35,36,38,48,54],"ascension_level":0}}