{"host":"fxrgx7wt2cpkbhka","time":1611463964,"event":{"mods":["AchievementEnabler","BaseMod","Colored Powertips","Minty Spire (QoL Compilation)","Permanent Neow","Quick Restart","Slay-I","StSLib","Waifu the Spire"],"gold_per_floor":[214,59,70,70,81,113,113,126,126,126,139,139,139,14,14,112,112,131,131,131,149,74,74,90,90,114,29,39,39,39,56,56,56,56],"floor_reached":33,"language":"ENG","playtime":852,"items_purged":[],"score":368,"play_id":"2c8df187-2170-49b9-8042-b78211008fb3","local_time":"20210123205244","is_ascension_mode":true,"campfire_choices":[{"floor":7,"key":"REST"},{"data":"Noxious Fumes","floor":10,"key":"SMITH"},{"data":"Neutralize","floor":12,"key":"SMITH"},{"data":"Bane","floor":15,"key":"SMITH"},{"floor":23,"key":"REST"},{"data":"Poisoned Stab","floor":25,"key":"SMITH"},{"data":"Footwork","floor":29,"key":"SMITH"},{"floor":32,"key":"REST"}],"circlet_count":0,"master_deck":["AscendersBane","Strike_G","Strike_G","Strike_G","Defend_G","Defend_G","Defend_G","Defend_G","Survivor","Neutralize+1","Poisoned Stab+1","Caltrops","Terror+1","Noxious Fumes+1","Poisoned Stab","Backstab","Backflip","Bane+1","Caltrops","Die Die Die","Grand Finale+1","Footwork+1","Backstab","Escape Plan+1","Footwork+1"],"relics":["Ring of the Snake","Akabeko","Question Card","Astrolabe","Enchiridion","Letter Opener","Kunai"],"acts_visited":["Exordium","TheCity"],"potions_floor_usage":[6,16,24],"damage_taken":[{"damage":4,"enemies":"Jaw Worm","floor":1,"turns":5},{"damage":0,"enemies":"Cultist","floor":3,"turns":5},{"damage":0,"enemies":"Small Slimes","floor":5,"turns":3},{"damage":41,"enemies":"3 Sentries","floor":6,"turns":8},{"damage":6,"enemies":"2 Fungi Beasts","floor":8,"turns":3},{"damage":9,"enemies":"Red Slaver","floor":11,"turns":3},{"damage":14,"enemies":"The Guardian","floor":16,"turns":8},{"damage":14,"enemies":"3 Byrds","floor":18,"turns":3},{"damage":6,"enemies":"Spheric Guardian","floor":21,"turns":4},{"damage":22,"enemies":"Cultist and Chosen","floor":24,"turns":5},{"damage":5,"enemies":"Chosen and Byrds","floor":28,"turns":3},{"damage":13,"enemies":"Sentry and Sphere","floor":31,"turns":4},{"damage":40,"enemies":"Collector","floor":33,"turns":6}],"seed_played":"1617086065261938757","potions_obtained":[{"floor":5,"key":"SkillPotion"},{"floor":11,"key":"DistilledChaos"},{"floor":21,"key":"Regen Potion"}],"is_trial":false,"path_per_floor":["M","$","M","?","M","E","R","M","T","R","M","R","?","$","R","B",null,"M","?","?","M","?","R","M","R","T","?","M","R","T","M","R","B"],"character_chosen":"THE_SILENT","items_purchased":["Caltrops","Terror","Bane","Caltrops"],"campfire_rested":3,"item_purchase_floors":[2,2,14,14],"current_hp_per_floor":[59,59,59,59,59,18,39,33,33,33,24,24,24,24,24,10,55,41,25,25,19,19,40,33,33,33,33,28,28,28,15,36,0,0],"gold":56,"neow_bonus":"HUNDRED_GOLD","is_daily":false,"chose_seed":false,"campfire_upgraded":5,"win_rate":0.0,"timestamp":1611463964,"path_taken":["M","$","M","?","M","E","R","M","T","R","?","R","?","$","R","BOSS","M","?","?","M","?","R","M","R","T","?","M","R","?","M","R","BOSS"],"items_purchased_type":["Card","Card","Card","Card"],"build_version":"2020-12-22","purchased_purges":0,"victory":false,"max_hp_per_floor":[70,70,70,70,70,70,70,70,70,70,70,70,70,70,70,70,70,70,70,70,70,70,70,70,70,70,70,70,70,70,70,70,70,70],"card_choices":[{"not_picked":["Prepared","Backflip"],"picked":"Poisoned Stab","floor":1},{"not_picked":["Tactician","Flying Knee"],"picked":"Noxious Fumes","floor":3},{"not_picked":["Riddle With Holes","Reflex"],"picked":"Poisoned Stab","floor":5},{"not_picked":["Poisoned Stab","Sucker Punch"],"picked":"Backstab","floor":6},{"not_picked":["Concentrate","Accuracy","Slice"],"picked":"SKIP","floor":8},{"not_picked":["Sucker Punch","Setup","Cloak And Dagger"],"picked":"Backflip","floor":11},{"not_picked":["Grand Finale","Envenom","Bullet Time"],"picked":"Die Die Die","floor":16},{"not_picked":["Calculated Gamble","Expertise+1","Dagger Throw+1"],"picked":"Backstab","floor":18},{"not_picked":["Well Laid Plans+1","Dagger Throw","Prepared","Endless Agony"],"picked":"SKIP","floor":21},{"not_picked":["Catalyst+1","Terror+1","Endless Agony"],"picked":"Escape Plan+1","floor":24},{"not_picked":["Outmaneuver+1","Slice+1","Escape Plan+1"],"picked":"Footwork","floor":28},{"not_picked":["Deadly Poison+1","Prepared","Predator","Quick Slash"],"picked":"SKIP","floor":31}],"player_experience":733328,"relics_obtained":[{"floor":6,"key":"Akabeko"},{"floor":9,"key":"Question Card"},{"floor":19,"key":"Enchiridion"},{"floor":30,"key":"Kunai"}],"event_choices":[{"damage_healed":0,"gold_gain":0,"player_choice":"Forge","damage_taken":0,"max_hp_gain":0,"max_hp_loss":0,"event_name":"Accursed Blacksmith","floor":4,"gold_loss":0,"cards_upgraded":["Terror"]},{"damage_healed":0,"gold_gain":0,"player_choice":"Ignored","damage_taken":0,"max_hp_gain":0,"max_hp_loss":0,"event_name":"Golden Idol","floor":13,"gold_loss":0},{"damage_healed":0,"gold_gain":0,"player_choice":"Obtained Book","damage_taken":16,"max_hp_gain":0,"max_hp_loss":0,"event_name":"Cursed Tome","floor":19,"gold_loss":0},{"damage_healed":0,"gold_gain":0,"player_choice":"Ignored","damage_taken":0,"max_hp_gain":0,"max_hp_loss":0,"event_name":"Vampires","floor":20,"gold_loss":0},{"cards_removed":["Skewer"],"damage_healed":0,"gold_gain":0,"player_choice":"Gave Gold","damage_taken":0,"max_hp_gain":0,"max_hp_loss":0,"event_name":"Beggar","floor":22,"gold_loss":75},{"damage_healed":0,"gold_gain":0,"player_choice":"Obtained Relic","damage_taken":0,"relics_obtained":["Letter Opener"],"max_hp_gain":0,"max_hp_loss":0,"event_name":"Addict","floor":27,"gold_loss":85}],"is_beta":false,"boss_relics":[{"not_picked":["HoveringKite","SacredBark"],"picked":"Astrolabe"}],"items_purged_floors":[],"is_endless":false,"potions_floor_spawned":[5,11,21],"killed_by":"Collector","ascension_level":10}}