{"host":"iy0764csshny54kk","time":1611519218,"event":{"mods":["100% Spire Juice","Arknights The Spire","BaseMod","Bestiary","Better Altar","Better Sensory Stone","Better Skull","Better Third Choice","Block Reminder","Colored Powertips","Downfall","Highlight Path","Minty Spire (QoL Compilation)","Relic Sorter","StS++","StSLib","The Alterego","The Hierophant","The Marked"],"gold_per_floor":[99,114,62,75,60,75,75,60,94,94,113,113,13,25,39,39,39,39],"floor_reached":16,"language":"ENG","playtime":2104,"items_purged":[],"score":102,"play_id":"cdf4c303-d787-45b8-bece-8d659dcb2d67","local_time":"20210124131338","is_ascension_mode":false,"campfire_choices":[{"floor":1,"key":"RECALL"},{"floor":10,"key":"REST"},{"floor":13,"key":"REST"}],"circlet_count":0,"master_deck":["champ:Strike","champ:Strike","champ:Strike","champ:Strike","champ:Defend","champ:Defend","champ:Defend","champ:Defend","champ:Execute","champ:Taunt","champ:BringItOn","champ:TripleStrike","champ:ShieldWall","champ:StanceDance","champ:RisingSlash","champ:GutPunch","champ:IronFortress","champ:Circumvent","champ:EnGarde","Juggernaut"],"relics":["champ:ChampionCrown","Gambling Chip","downfall:HeartBlessingRed"],"acts_visited":["Exordium"],"potions_floor_usage":[8],"damage_taken":[{"damage":31,"enemies":"Jaw Worm","floor":2,"turns":4},{"damage":10,"enemies":"downfall:FleeingMerchant","floor":3,"turns":4},{"damage":22,"enemies":"Small Slimes","floor":4,"turns":3},{"damage":20,"enemies":"downfall:FleeingMerchant","floor":5,"turns":4},{"damage":6,"enemies":"2 Louse","floor":6,"turns":2},{"damage":50,"enemies":"downfall:FleeingMerchant","floor":8,"turns":4},{"damage":31,"enemies":"3 Sentries","floor":9,"turns":8},{"damage":30,"enemies":"Large Slime","floor":11,"turns":4},{"damage":28,"enemies":"3 Louse","floor":14,"turns":3},{"damage":17,"enemies":"Blue Slaver","floor":15,"turns":3},{"damage":72,"enemies":"IC_STATUS_ARCHETYPE","floor":16,"turns":8}],"seed_played":"2925047151783979828","potions_obtained":[{"floor":4,"key":"AttackPotion"},{"floor":6,"key":"SmokeBomb"},{"floor":9,"key":"GamblersBrew"},{"floor":15,"key":"CultistPotion"}],"is_trial":false,"path_per_floor":["R","M","$","M","$","M","T","$","E","R","M","?","R","M","M","B"],"character_chosen":"THE_CHAMP","items_purchased":["champ:ShieldWall"],"campfire_rested":2,"item_purchase_floors":[3],"current_hp_per_floor":[99,88,88,76,66,60,60,45,29,58,58,44,73,65,48,0,0,0],"gold":39,"neow_bonus":"TEN_PERCENT_HP_BONUS","is_daily":false,"chose_seed":false,"campfire_upgraded":0,"win_rate":0.0,"timestamp":1611519218,"path_taken":["R","M","$","M","$","M","T","$","E","R","M","?","R","M","M","BOSS"],"items_purchased_type":["Card"],"build_version":"2020-12-22","purchased_purges":0,"victory":false,"max_hp_per_floor":[99,99,99,99,99,99,99,99,99,99,99,99,99,99,99,99,99,99],"card_choices":[{"not_picked":["champ:DeathBlow","champ:CrownThrow"],"picked":"champ:BringItOn","floor":2},{"not_picked":["champ:PreemptiveStrike","champ:AdrenalArmor"],"picked":"champ:TripleStrike","floor":3},{"not_picked":["champ:FanOfKnives","champ:RapidStrikes"],"picked":"champ:StanceDance","floor":4},{"not_picked":["champ:StanceDance","champ:Endure"],"picked":"champ:RisingSlash","floor":5},{"not_picked":["champ:Endure","champ:EndlessRage"],"picked":"champ:GutPunch","floor":6},{"not_picked":["champ:SteelEdge","champ:HeartStrike"],"picked":"champ:IronFortress","floor":8},{"not_picked":["champ:PerfectedStrike","champ:AdrenalArmor"],"picked":"champ:Circumvent","floor":9},{"not_picked":["champ:StanceDance","champ:BringItOn"],"picked":"champ:EnGarde","floor":11},{"not_picked":["champ:DefensiveShout","champ:Parry","champ:RapidStrikes"],"picked":"SKIP","floor":14},{"not_picked":["champ:PreciseThrust","champ:Backstep","champ:Shatter"],"picked":"SKIP","floor":15}],"player_experience":206977,"relics_obtained":[{"floor":9,"key":"Gambling Chip"}],"event_choices":[{"damage_healed":0,"gold_gain":1,"player_choice":"Card ","damage_taken":14,"max_hp_gain":0,"max_hp_loss":0,"event_name":"betterThird:BetterScrap","floor":12,"gold_loss":0,"cards_obtained":["Juggernaut","Burst"]}],"is_beta":false,"boss_relics":[],"items_purged_floors":[],"is_endless":false,"potions_floor_spawned":[4,6,9,15],"killed_by":"IC_STATUS_ARCHETYPE","ascension_level":0}}