{"host":"rjfefv2ruvigm2gb","time":1611522707,"event":{"mods":["Act Like it!","AlwaysNeverKeys","BaseMod","Better Third Choice","Block Reminder","Conspire","Curses Come First","Displayed Cursed Tome","Downfall","Elementarium","Fox Events","GifTheSpireLib","Gold Saver","Googly Eyes","HexUI Lib","Hubris","Infinite Spire","Ironclad Rager","Luminous","Marked Mod","Mimic Mod","Minty Spire (QoL Compilation)","Permanent Neow","Poor People Problems","Quick Restart","Relic Filter","Relic Stats","Replay The Spire","Retaliation","Shop Mod","Small Relic Pack","StS++","StSLib","Stuff the Spire","SuperFastMode","The Blue Laboratory","Transform Curses","Uncapped","Virulent Crown","Watcher Patcher"],"gold_per_floor":[260,277,289,299,64,80,80,80,80,80],"floor_reached":8,"language":"ENG","playtime":1324,"items_purged":["downfall:Bewildered"],"score":48,"play_id":"fa78badb-5435-4d2a-b15d-baa5415f6e75","local_time":"20210124151147","is_ascension_mode":false,"campfire_choices":[{"data":"Slimebound:WasteNot","floor":1.0,"key":"SMITH"}],"circlet_count":0,"master_deck":["Slimebound:Strike_Slimebound","Slimebound:Strike_Slimebound","Slimebound:Strike_Slimebound","Slimebound:Tackle","Slimebound:Defend_Slimebound","Slimebound:Defend_Slimebound","Slimebound:Defend_Slimebound","Slimebound:Defend_Slimebound","Slimebound:Split","Slimebound:CorrosiveSpit","Slimebound:WasteNot+1","Slimebound:Dissolve","Slimebound:MegaLick","Slimebound:Repurpose","Slimebound:Replication"],"relics":["Slimebound:AbsorbEndCombat","hubris:OldNail","Lantern"],"acts_visited":["Exordium"],"potions_floor_usage":[8,8],"damage_taken":[{"damage":3.0,"enemies":"Cultist","floor":2.0,"turns":5.0},{"damage":8.0,"enemies":"2 Louse","floor":3.0,"turns":3.0},{"damage":13.0,"enemies":"Small Slimes","floor":4.0,"turns":3.0},{"damage":0.0,"enemies":"downfall:FleeingMerchant","floor":5.0,"turns":4.0},{"damage":8.0,"enemies":"Exordium Wildlife","floor":6.0,"turns":5.0},{"damage":75,"enemies":"Gremlin Nob","floor":8,"turns":6}],"seed_played":"5106572997040280344","potions_obtained":[{"floor":4.0,"key":"blueLaboratory:BottleOfVodka"},{"floor":6.0,"key":"blueLaboratory:LouseDecoction"}],"is_trial":false,"path_per_floor":["R","M","M","M","$","M","T","E"],"character_chosen":"SLIMEBOUND","items_purchased":["hubris:OldNail"],"campfire_rested":0,"item_purchase_floors":[5],"current_hp_per_floor":[65,65,59,50,54,54,54,0,0,0],"gold":80,"neow_bonus":"THREE_RARE_CARDS","is_daily":false,"chose_seed":false,"campfire_upgraded":1,"win_rate":0.0,"timestamp":1611522707,"path_taken":["R","M","M","M","$","M","T","E"],"items_purchased_type":["Relic"],"build_version":"2020-12-22","purchased_purges":1,"victory":false,"max_hp_per_floor":[65,65,65,65,65,65,65,65,65,65],"relic_stats":{"counters":[6,26],"obtain_stats":[{"Lantern":7,"Slimebound:AbsorbEndCombat":0,"hubris:OldNail":5},{"Lantern":5,"Slimebound:AbsorbEndCombat":0,"hubris:OldNail":4},{"Lantern":20,"Slimebound:AbsorbEndCombat":0,"hubris:OldNail":15}]},"card_choices":[{"not_picked":["Slimebound:DuplicatedForm","Slimebound:OneTwoCombo"],"picked":"Slimebound:WasteNot","floor":0.0},{"not_picked":["Slimebound:LivingWall","Slimebound:ItLooksTasty"],"picked":"Slimebound:Dissolve","floor":2.0},{"not_picked":["Slimebound:SplitBruiser","Slimebound:Schlurp"],"picked":"Slimebound:MegaLick","floor":3.0},{"not_picked":["Slimebound:Gluttony","Slimebound:GrowthPunch"],"picked":"Slimebound:Repurpose","floor":4.0},{"not_picked":["Slimebound:Chomp","Slimebound:LeechEnergy","Slimebound:PressTheAttack"],"picked":"SKIP","floor":5.0},{"not_picked":["Slimebound:ComboTackle","Slimebound:LeadByExample"],"picked":"Slimebound:Replication","floor":6.0}],"player_experience":1051148,"relics_obtained":[{"floor":7.0,"key":"Lantern"}],"event_choices":[],"is_beta":false,"boss_relics":[],"items_purged_floors":[5],"is_endless":false,"potions_floor_spawned":[4,6],"killed_by":"Gremlin Nob","ascension_level":0}}