{"host":"61y0z9o9vf3ujftj","time":1611450603,"event":{"mods":["2.2 Compatiblity","BaseMod","Colored Map","Colored Powertips","GifTheSpireLib","HexUI Lib","Highlight Path","Minty Spire (QoL Compilation)","Relic Stats","StSLib","ojb\u0027s Info Mod"],"gold_per_floor":[166,183,260,16,26,54,54,54,54,120,157,192,65,86,86,86,86],"floor_reached":16,"language":"ENG","playtime":1716,"items_purged":["Strike_G","Strike_G"],"score":213,"play_id":"ca11e2ea-2c0e-4651-bfd0-2b103bef2e14","local_time":"20210123191003","is_ascension_mode":true,"campfire_choices":[{"data":"Blade Dance","floor":7.0,"key":"SMITH"},{"floor":15.0,"key":"REST"}],"circlet_count":0,"master_deck":["AscendersBane","Strike_G","Strike_G+1","Strike_G","Defend_G","Defend_G","Defend_G","Defend_G","Defend_G","Survivor","Neutralize","Blade Dance+1","Dagger Throw","Underhanded Strike","Deadly Poison","Flying Knee","Predator","Escape Plan","Cloak And Dagger","Acrobatics","Crippling Poison"],"relics":["Tiny House","Toolbox","The Courier","Letter Opener","CeramicFish","Frozen Egg 2"],"acts_visited":[],"potions_floor_usage":[16],"damage_taken":[{"damage":1.0,"enemies":"Small Slimes","floor":1.0,"turns":3.0},{"damage":1.0,"enemies":"Cultist","floor":2.0,"turns":3.0},{"damage":0.0,"enemies":"Jaw Worm","floor":5.0,"turns":3.0},{"damage":22.0,"enemies":"Gremlin Nob","floor":6.0,"turns":4.0},{"damage":9.0,"enemies":"Lots of Slimes","floor":10.0,"turns":5.0},{"damage":25.0,"enemies":"3 Sentries","floor":11.0,"turns":11.0},{"damage":0.0,"enemies":"Exordium Wildlife","floor":12.0,"turns":4.0},{"damage":1.0,"enemies":"3 Louse","floor":14.0,"turns":3.0},{"damage":26,"enemies":"The Guardian","floor":16,"turns":9}],"seed_played":"1507602428924536511","potions_obtained":[{"floor":0.0,"key":"BlessingOfTheForge"},{"floor":2.0,"key":"Dexterity Potion"},{"floor":5.0,"key":"PowerPotion"},{"floor":6.0,"key":"SkillPotion"},{"floor":14.0,"key":"LiquidBronze"}],"is_trial":false,"path_per_floor":["M","M","?","$","M","E","R","?","T","M","E","M","$","M","R","B"],"character_chosen":"THE_SILENT","items_purchased":["Toolbox","Cloak And Dagger","Acrobatics"],"campfire_rested":1,"item_purchase_floors":[4,13,13],"current_hp_per_floor":[63,62,62,62,62,40,40,40,40,31,6,6,6,5,26,0,0],"gold":86,"neow_bonus":"BOSS_RELIC","is_daily":false,"chose_seed":false,"campfire_upgraded":1,"win_rate":0.0,"timestamp":1611450603,"path_taken":["M","M","?","$","M","E","R","?","T","M","E","M","$","M","R","BOSS"],"items_purchased_type":["Relic","Card","Card"],"build_version":"2020-12-22","purchased_purges":2,"victory":false,"max_hp_per_floor":[71,71,71,71,71,71,71,71,71,71,71,71,71,71,71,71,71],"relic_stats":{"counters":[9,45],"CeramicFish":45,"Letter Opener":[69],"obtain_stats":[{"Tiny House":0,"CeramicFish":9,"Toolbox":4,"The Courier":6,"Letter Opener":8,"Frozen Egg 2":11,"Ring of the Snake":0},{"Tiny House":0,"CeramicFish":4,"Toolbox":2,"The Courier":4,"Letter Opener":4,"Frozen Egg 2":6,"Ring of the Snake":0},{"Tiny House":0,"CeramicFish":13,"Toolbox":6,"The Courier":13,"Letter Opener":13,"Frozen Egg 2":29,"Ring of the Snake":0}]},"card_choices":[{"not_picked":["Dagger Throw","Slice"],"picked":"Blade Dance","floor":0.0},{"not_picked":["Outmaneuver","Blur"],"picked":"Dagger Throw","floor":1.0},{"not_picked":["Accuracy","PiercingWail"],"picked":"Underhanded Strike","floor":2.0},{"not_picked":["Choke","Bane"],"picked":"Deadly Poison","floor":5.0},{"not_picked":["Storm of Steel","Poisoned Stab"],"picked":"Flying Knee","floor":6.0},{"not_picked":["Concentrate","Riddle With Holes"],"picked":"Predator","floor":10.0},{"not_picked":["Outmaneuver","Endless Agony"],"picked":"Escape Plan","floor":11.0},{"not_picked":["Poisoned Stab","Choke","All Out Attack"],"picked":"SKIP","floor":12.0},{"not_picked":["Dodge and Roll","Sucker Punch"],"picked":"Crippling Poison","floor":14.0}],"player_experience":391003,"relics_obtained":[{"floor":6.0,"key":"The Courier"},{"floor":9.0,"key":"CeramicFish"},{"floor":11.0,"key":"Frozen Egg 2"}],"event_choices":[{"damage_healed":0.0,"max_hp_gain":0.0,"max_hp_loss":0.0,"gold_gain":77.0,"event_name":"Golden Wing","player_choice":"Gained Gold","floor":3.0,"gold_loss":0.0,"damage_taken":0.0},{"damage_healed":0.0,"max_hp_gain":0.0,"max_hp_loss":0.0,"gold_gain":0.0,"event_name":"Dead Adventurer","player_choice":"Searched \u00272\u0027 times","floor":8.0,"gold_loss":0.0,"damage_taken":0.0,"relics_obtained":["Letter Opener"]}],"is_beta":false,"boss_relics":[],"items_purged_floors":[4,13],"is_endless":false,"potions_floor_spawned":[2,5,6,14],"killed_by":"The Guardian","ascension_level":18}}