{"host":"8oad2sh1i7kph5eo","time":1611520443,"event":{"mods":["AchievementEnabler","BaseMod","Downfall","Minty Spire (QoL Compilation)","Replay The Spire","Spicy Shops","StSLib"],"gold_per_floor":[99,114,114,132,132,146,146,206,206,223,223,223,14,27,43,43,43,43],"floor_reached":16,"language":"ENG","playtime":1679,"items_purged":["Normality"],"score":92,"play_id":"7b001f2b-6efa-433c-b63a-3dce8cc87049","local_time":"20210124123403","is_ascension_mode":false,"campfire_choices":[{"data":"Slimebound:ComboTackle","floor":9,"key":"SMITH"},{"floor":11,"key":"REST"}],"circlet_count":0,"master_deck":["Slimebound:Strike_Slimebound","Slimebound:Strike_Slimebound","Slimebound:Strike_Slimebound","Slimebound:Tackle","Slimebound:Defend_Slimebound","Slimebound:Defend_Slimebound","Slimebound:Defend_Slimebound","Slimebound:Defend_Slimebound","Slimebound:Split+1","Slimebound:CorrosiveSpit","Slimebound:ItLooksTasty","Slimebound:SplitAcid","Slimebound:ComboTackle+1","Slimebound:SamplingLick","Slimebound:SplitMire","Slimebound:ComboTackle","Slimebound:TongueLash","Slimebound:LevelUp","Slimebound:MassFeed"],"relics":["Slimebound:AbsorbEndCombat","Quantum Egg","Du-Vu Doll","ReplayTheSpireMod:Ring of Collecting","Ring of Fangs","Dead Branch"],"acts_visited":["Exordium"],"potions_floor_usage":[10,13,16],"damage_taken":[{"damage":1,"enemies":"Jaw Worm","floor":2,"turns":3},{"damage":7,"enemies":"2 Louse","floor":4,"turns":3},{"damage":0,"enemies":"Cultist","floor":5,"turns":1},{"damage":3,"enemies":"2 Fungi Beasts","floor":6,"turns":2},{"damage":24,"enemies":"Gremlin Nob","floor":8,"turns":4},{"damage":12,"enemies":"Large Slime","floor":10,"turns":4},{"damage":8,"enemies":"downfall:FleeingMerchant","floor":13,"turns":4},{"damage":10,"enemies":"Lots of Slimes","floor":14,"turns":2},{"damage":28,"enemies":"Exordium Thugs","floor":15,"turns":3},{"damage":28,"enemies":"WA_ARCHETYPE_RETAIN","floor":16,"turns":4}],"seed_played":"3917347920382889120","potions_obtained":[{"floor":1,"key":"Slimebound:SlimedPotion"},{"floor":1,"key":"Cursed Concoction"},{"floor":8,"key":"LiquidMemories"},{"floor":15,"key":"Block Potion"}],"is_trial":false,"path_per_floor":["R","M","?","M","M","M","T","?","R","M","R","?","$","M","M","B"],"character_chosen":"SLIMEBOUND","items_purchased":["Dead Branch"],"campfire_rested":1,"item_purchase_floors":[13],"current_hp_per_floor":[65,64,64,57,57,56,56,32,32,28,47,47,47,41,21,0,0,0],"gold":43,"neow_bonus":"UPGRADE_CARD","is_daily":false,"chose_seed":false,"campfire_upgraded":1,"win_rate":0.0,"timestamp":1611520443,"path_taken":["R","M","?","M","M","M","T","?","R","M","R","?","?","?","M","BOSS"],"items_purchased_type":["Relic"],"build_version":"2020-12-22","purchased_purges":1,"victory":false,"max_hp_per_floor":[65,65,65,65,65,65,65,65,65,65,65,65,65,65,65,65,65,65],"card_choices":[{"not_picked":["Slimebound:ProtectTheBoss","Slimebound:HauntingLick"],"picked":"Slimebound:ItLooksTasty","floor":2},{"not_picked":["Slimebound:SlimeBarrage","Slimebound:SlimeSpikes"],"picked":"Slimebound:SplitAcid","floor":4},{"not_picked":["Slimebound:AcidTongue","Slimebound:SpikyOuterGoop"],"picked":"Slimebound:ComboTackle","floor":5},{"not_picked":["Slimebound:Gluttony","Slimebound:GrowthPunch"],"picked":"Slimebound:SamplingLick","floor":6},{"not_picked":["Slimebound:ComboTackle","Slimebound:PressTheAttack"],"picked":"Slimebound:SplitMire","floor":8},{"not_picked":["Slimebound:TongueLash","Slimebound:Gluttony"],"picked":"Slimebound:ComboTackle","floor":10},{"not_picked":["Slimebound:SplitAcid","Slimebound:Teamwork"],"picked":"Slimebound:TongueLash","floor":13},{"not_picked":["Slimebound:SplitBruiser","Slimebound:SplitLeeching"],"picked":"Slimebound:LevelUp","floor":14},{"not_picked":["Slimebound:LivingWall","Slimebound:DisruptingSlam"],"picked":"Slimebound:MassFeed","floor":15}],"player_experience":167582,"relics_obtained":[{"floor":7,"key":"Quantum Egg"},{"floor":8,"key":"Du-Vu Doll"},{"floor":12,"key":"ReplayTheSpireMod:Ring of Collecting"},{"floor":12,"key":"Ring of Fangs"}],"event_choices":[],"is_beta":false,"boss_relics":[],"items_purged_floors":[13],"is_endless":false,"potions_floor_spawned":[8,15],"killed_by":"WA_ARCHETYPE_RETAIN","ascension_level":0}}