{"host":"yjeq27nqd9iczda7","time":1611506132,"event":{"mods":["Arknights The Spire","BaseMod","Colored Map","Colored Powertips","Duelist Mod","GifTheSpireLib","HololiveMod","Lobotomy","LobotomyExtend","Marisa£¨Ùöéë¡¡Øª×âÞÞ£©","Minty Spire (QoL Compilation)","Prisma Mod","StSLib","The Alterego","Waifu the Spire"],"gold_per_floor":[112,26,36,52,69,79,99,99,99,130,130,143,15,26,26,126,126,126,225,225,63,79,114,129,229,229,229,12,25,35,45,45,142,142,160,210,210,210],"floor_reached":37,"language":"KOR","playtime":3233,"items_purged":["ats:Strike V"],"score":418,"play_id":"63bf917c-8287-406a-a9da-ee80e7fbeefd","local_time":"20210125013532","is_ascension_mode":false,"campfire_choices":[{"floor":8,"key":"RECALL"},{"data":"ats:Ignite","floor":11,"key":"SMITH"},{"floor":15,"key":"REST"},{"data":"ats:Absolute Focus","floor":27,"key":"SMITH"},{"floor":32,"key":"REST"}],"circlet_count":0,"master_deck":["ats:Strike C","ats:Strike G","ats:Strike S","ats:Armor Crushing Shot","ats:Defend","ats:Defend","ats:Defend","ats:Defend","ats:Emotion Absorption","ats:Very Hot Blade","ats:Assault Order","ats:Leaping Hammer","ats:Hammer On","ats:Chain Hook","ats:Ignite+1","ats:Overload","ats:Healing Drone","ats:Blood Oath","ats:Flexible Camouflage","ats:Curse Doll","ats:Shell Defense","ats:Nebulous Foxfire","ats:Absolute Focus+1","ats:Song Of Battle","ats:Powerful Strike","ats:Explosion Area Strengthen","ats:Part Time Job","ats:Apocalypse","ats:Rapid Magazine","ats:Cat Scratch","ats:Directed Diagnosis","ats:Overload","ats:Encircling Forest","ats:Neurotoxin+1","ats:Ambush","ats:Cat Scratch+1","ats:Flexible Camouflage+1"],"relics":["ats:Sanity","Hololive_LightStick","LetterFromLob","ats:Hidden Killer","ats:Originium","ats:Lavender","ats:Omniscience","Ice Cream","Letter Opener","Philosopher\u0027s Stone","WingedGreaves"],"acts_visited":["Exordium","TheCity","TheBeyond"],"potions_floor_usage":[10,16,23,23,33,33,36,36,36,36,37],"damage_taken":[{"damage":0,"enemies":"2 Louse","floor":1,"turns":2},{"damage":0,"enemies":"Cultist","floor":3,"turns":2},{"damage":0,"enemies":"Small Slimes","floor":4,"turns":2},{"damage":0,"enemies":"2 Fungi Beasts","floor":5,"turns":2},{"damage":0,"enemies":"Lots of Slimes","floor":6,"turns":4},{"damage":0,"enemies":"Looter","floor":7,"turns":2},{"damage":26,"enemies":"3 Sentries","floor":10,"turns":6},{"damage":0,"enemies":"3 Louse","floor":12,"turns":2},{"damage":0,"enemies":"Exordium Thugs","floor":14,"turns":3},{"damage":33,"enemies":"Hexaghost","floor":16,"turns":8},{"damage":0,"enemies":"Chosen","floor":22,"turns":5},{"damage":34,"enemies":"Book of Stabbing","floor":23,"turns":6},{"damage":10,"enemies":"Spheric Guardian","floor":24,"turns":4},{"damage":42,"enemies":"Shelled Parasite and Fungi","floor":29,"turns":7},{"damage":7,"enemies":"3 Cultists","floor":30,"turns":5},{"damage":10,"enemies":"Snake Plant","floor":31,"turns":4},{"damage":43,"enemies":"Collector","floor":33,"turns":9},{"damage":42,"enemies":"3 Shapes","floor":35,"turns":6},{"damage":0,"enemies":"Mind Bloom Boss Battle","floor":36,"turns":6},{"damage":77,"enemies":"Orin","floor":37,"turns":5}],"seed_played":"-5537415304973565051","potions_obtained":[{"floor":4,"key":"FearPotion"},{"floor":7,"key":"AttackPotion"},{"floor":10,"key":"SneckoOil"},{"floor":12,"key":"Ancient Potion"},{"floor":16,"key":"PowerPotion"},{"floor":23,"key":"AttackPotion"},{"floor":31,"key":"EntropicBrew"},{"floor":33,"key":"PowerPotion"},{"floor":36,"key":"AttackPotion"}],"is_trial":false,"path_per_floor":["M","?","M","M","M","M","M","R","T","E","R","M","$","M","R","B",null,"M","?","?","$","M","E","M","?","T","R","$","M","M","M","R","B",null,"M","?","?"],"character_chosen":"DOCTOR_CLASS","items_purchased":["ats:Blood Oath","ats:Flexible Camouflage","ats:Curse Doll","ats:Absolute Focus","ats:Song Of Battle","ats:Apocalypse","ats:Rapid Magazine","ats:Cat Scratch","ats:Directed Diagnosis"],"campfire_rested":2,"item_purchase_floors":[13,13,13,21,21,28,28,28,28],"current_hp_per_floor":[72,72,72,72,72,72,72,72,72,46,46,47,47,49,70,58,72,72,72,72,72,72,49,51,51,51,51,51,29,46,47,68,51,72,46,63,0,0],"gold":210,"neow_bonus":"RANDOM_COMMON_RELIC","is_daily":false,"chose_seed":false,"campfire_upgraded":2,"win_rate":0.0,"timestamp":1611506132,"path_taken":["M","?","M","M","M","M","?","R","T","E","R","M","$","M","R","BOSS","M","?","?","$","M","E","M","?","T","R","$","M","?","M","R","BOSS","M","?","?"],"items_purchased_type":["Card","Card","Card","Card","Card","Card","Card","Card","Card"],"build_version":"2020-12-22","purchased_purges":1,"victory":false,"max_hp_per_floor":[72,72,72,72,72,72,72,72,72,72,72,72,72,72,72,72,72,72,72,72,72,72,72,72,72,72,72,72,72,72,72,72,72,72,72,72,72,72],"card_choices":[{"not_picked":["ats:Absolute Focus","ats:Guardian Obelisk"],"picked":"ats:Very Hot Blade","floor":1},{"not_picked":["ats:Flame Of Heaven","ats:Powerful Strike"],"picked":"ats:Assault Order","floor":3},{"not_picked":["ats:Assault Order","ats:Composite Medical Shells"],"picked":"ats:Leaping Hammer","floor":4},{"not_picked":["ats:Flexible Camouflage","ats:Calcification"],"picked":"ats:Hammer On","floor":5},{"not_picked":["ats:Consecutive Shot Auto","ats:Part Time Job"],"picked":"ats:Chain Hook","floor":6},{"not_picked":["ats:Cat Scratch","ats:Sunburst"],"picked":"ats:Ignite","floor":7},{"not_picked":["ats:Very Hot Blade","ats:Encircling Forest"],"picked":"ats:Overload","floor":10},{"not_picked":["ats:Shadow Raid","ats:Demon Strength"],"picked":"ats:Healing Drone","floor":12},{"not_picked":["ats:Hook Shot","ats:Absolute Focus"],"picked":"ats:Shell Defense","floor":14},{"not_picked":["ats:Rat Pack","ats:Echo Reverb"],"picked":"ats:Nebulous Foxfire","floor":16},{"not_picked":["ats:Closed Bolt Burst Fire","ats:Ignite"],"picked":"ats:Powerful Strike","floor":22},{"not_picked":["ats:Wolf Pack","ats:Red Shift"],"picked":"ats:Explosion Area Strengthen","floor":23},{"not_picked":["ats:Flexible Camouflage","ats:Assault Order"],"picked":"ats:Part Time Job","floor":24},{"not_picked":["ats:Consecutive Shot Auto","ats:Leaping Hammer"],"picked":"ats:Overload","floor":29},{"not_picked":["ats:Curse Doll","ats:Blood Oath"],"picked":"ats:Encircling Forest","floor":30},{"not_picked":["ats:Curse Doll","ats:Assault Order"],"picked":"ats:Neurotoxin+1","floor":31},{"not_picked":["ats:Nebulous Foxfire","ats:Disruption Kick"],"picked":"ats:Ambush","floor":33},{"not_picked":["ats:Absolute Focus","ats:Shell Defense"],"picked":"ats:Cat Scratch+1","floor":35},{"not_picked":["ats:Shell Defense","ats:Guard Mode+1"],"picked":"ats:Flexible Camouflage+1","floor":36}],"player_experience":30839,"relics_obtained":[{"floor":1,"key":"LetterFromLob"},{"floor":10,"key":"ats:Originium"},{"floor":10,"key":"ats:Lavender"},{"floor":23,"key":"ats:Originium"},{"floor":23,"key":"Ice Cream"},{"floor":26,"key":"Letter Opener"},{"floor":36,"key":"WingedGreaves"}],"event_choices":[{"damage_healed":0,"gold_gain":0,"player_choice":"Paid Gold","damage_taken":0,"relics_obtained":["ats:Hidden Killer"],"max_hp_gain":0,"max_hp_loss":0,"event_name":"WeMeetAgain","floor":2,"gold_loss":86},{"damage_healed":0,"gold_gain":99,"player_choice":"Stole From Cult","damage_taken":0,"max_hp_gain":0,"max_hp_loss":0,"event_name":"Nest","floor":19,"gold_loss":0},{"damage_healed":0,"gold_gain":100,"player_choice":"Pray","damage_taken":0,"max_hp_gain":0,"max_hp_loss":0,"event_name":"Golden Shrine","floor":25,"gold_loss":0},{"damage_healed":0,"gold_gain":0,"player_choice":"Fight","damage_taken":0,"max_hp_gain":0,"max_hp_loss":0,"event_name":"MindBloom","floor":36,"gold_loss":0},{"damage_healed":0,"gold_gain":0,"player_choice":"Fight","damage_taken":0,"max_hp_gain":0,"max_hp_loss":0,"event_name":"OrinTheCat","floor":37,"gold_loss":0}],"is_beta":false,"boss_relics":[{"not_picked":["SacredBark","Sozu"],"picked":"ats:Omniscience"},{"not_picked":["Cursed Key","Velvet Choker"],"picked":"Philosopher\u0027s Stone"}],"items_purged_floors":[21],"is_endless":false,"potions_floor_spawned":[4,7,10,12,16,22,23,31,33,36],"killed_by":"Orin","ascension_level":0}}