{"host":"3l94tha3a4jgu0q4","time":1611449620,"event":{"mods":["2.2 Compatiblity","AchievementEnabler","BaseMod","Colored Map","Colored Powertips","Highlight Path","Minty Spire (QoL Compilation)","Permanent Neow","StSLib","SuperFastMode","The IronCluck","slay the spire mod where everything is the same but ironclad has a cowboy hat"],"gold_per_floor":[119,44,62,75,92,120,120,148,197,197,197,130,130,161,161,238,238,249,266,266,266,191,191,225,242,316,316,316,328,328,342,342,418,418,433,433,449,268,268,294,294,325,325,380,411,5,39,54,54,54,54,54,4,4,4],"floor_reached":54,"language":"ENG","playtime":1296,"items_purged":["Strike_P","Defend_P","Defend_P","Defend_P"],"score":1619,"play_id":"d942924b-5115-47eb-a805-104a0b300ba9","local_time":"20210123165340","is_ascension_mode":true,"campfire_choices":[{"data":"Eruption","floor":10.0,"key":"SMITH"},{"data":"Indignation","floor":13.0,"key":"SMITH"},{"data":"MentalFortress","floor":15.0,"key":"SMITH"},{"data":"Evaluate","floor":23.0,"key":"SMITH"},{"data":"WaveOfTheHand","floor":27.0,"key":"SMITH"},{"data":"EmptyMind","floor":30.0,"key":"SMITH"},{"data":"Tantrum","floor":32.0,"key":"SMITH"},{"floor":41.0,"key":"RECALL"},{"floor":49.0,"key":"REST"},{"data":"MentalFortress","floor":52.0,"key":"SMITH"}],"circlet_count":0,"master_deck":["AscendersBane","Eruption+1","Vigilance","CarveReality+1","Indignation+1","Tantrum+1","EmptyFist","DeceiveReality+1","EmptyMind+1","MentalFortress+1","Evaluate+1","FearNoEvil+1","WaveOfTheHand+1","Consecrate+1","FearNoEvil","EmptyFist","SpiritShield","ClearTheMind","MentalFortress+1","MentalFortress+1","EmptyBody","Wallop","Devotion+1","FlurryOfBlows","ReachHeaven+1"],"relics":["Philosopher\u0027s Stone","Orichalcum","Vajra","Shuriken","Bronze Scales","Meat on the Bone","StrikeDummy","Empty Cage","Whetstone","Bottled Flame","Busted Crown","Frozen Egg 2","Singing Bowl","TungstenRod","Question Card","Smiling Mask"],"acts_visited":["Exordium","TheCity","TheBeyond","TheEnding"],"potions_floor_usage":[54],"damage_taken":[{"damage":4.0,"enemies":"Cultist","floor":1.0,"turns":3.0},{"damage":26.0,"enemies":"Jaw Worm","floor":3.0,"turns":2.0},{"damage":0.0,"enemies":"Small Slimes","floor":4.0,"turns":2.0},{"damage":0.0,"enemies":"Red Slaver","floor":5.0,"turns":1.0},{"damage":9.0,"enemies":"Gremlin Nob","floor":6.0,"turns":3.0},{"damage":0.0,"enemies":"Lagavulin","floor":8.0,"turns":3.0},{"damage":3.0,"enemies":"3 Sentries","floor":14.0,"turns":4.0},{"damage":0.0,"enemies":"The Guardian","floor":16.0,"turns":7.0},{"damage":0.0,"enemies":"2 Thieves","floor":18.0,"turns":2.0},{"damage":11.0,"enemies":"Shell Parasite","floor":19.0,"turns":3.0},{"damage":1.0,"enemies":"Book of Stabbing","floor":24.0,"turns":4.0},{"damage":15.0,"enemies":"Snake Plant","floor":25.0,"turns":4.0},{"damage":0.0,"enemies":"Centurion and Healer","floor":29.0,"turns":2.0},{"damage":0.0,"enemies":"3 Cultists","floor":31.0,"turns":2.0},{"damage":24.0,"enemies":"Collector","floor":33.0,"turns":7.0},{"damage":0.0,"enemies":"Orb Walker","floor":35.0,"turns":3.0},{"damage":16.0,"enemies":"3 Shapes","floor":37.0,"turns":4.0},{"damage":11.0,"enemies":"Nemesis","floor":40.0,"turns":7.0},{"damage":33.0,"enemies":"Reptomancer","floor":42.0,"turns":7.0},{"damage":19.0,"enemies":"2 Orb Walkers","floor":44.0,"turns":5.0},{"damage":21.0,"enemies":"Nemesis","floor":45.0,"turns":7.0},{"damage":7.0,"enemies":"Giant Head","floor":47.0,"turns":9.0},{"damage":18.0,"enemies":"3 Darklings","floor":48.0,"turns":3.0},{"damage":36.0,"enemies":"Awakened One","floor":50.0,"turns":13.0},{"damage":72,"enemies":"Shield and Spear","floor":54,"turns":3}],"seed_played":"-7572668617120194201","potions_obtained":[{"floor":3.0,"key":"StancePotion"},{"floor":4.0,"key":"SneckoOil"},{"floor":6.0,"key":"SkillPotion"},{"floor":14.0,"key":"AttackPotion"},{"floor":24.0,"key":"Block Potion"},{"floor":31.0,"key":"Energy Potion"},{"floor":35.0,"key":"PowerPotion"},{"floor":40.0,"key":"SkillPotion"},{"floor":44.0,"key":"Weak Potion"}],"is_trial":false,"path_per_floor":["M","$","M","M","M","E","T","E","T","R","?","?","R","E","R","B",null,"M","M","?","?","?","R","E","M","T","R","?","M","R","M","R","B",null,"M","?","M","$","?","E","R","E","T","?","E","$","E","M","R","B",null,"R","$","E"],"character_chosen":"WATCHER","items_purchased":["MentalFortress","Wallop","Devotion+1","PowerPotion"],"campfire_rested":1,"item_purchase_floors":[38,46,46,46],"current_hp_per_floor":[57,57,31,31,31,22,22,22,22,22,22,22,22,31,31,43,62,62,51,32,32,32,32,43,40,40,40,40,40,40,40,40,28,62,62,83,67,67,67,56,56,35,35,30,23,23,28,22,48,24,71,71,71,0,0],"gold":4,"neow_bonus":"BOSS_RELIC","is_daily":false,"chose_seed":false,"campfire_upgraded":8,"win_rate":0.0,"timestamp":1611449620,"path_taken":["M","$","M","M","M","E","?","E","T","R","?","?","R","E","R","BOSS","M","M","?","?","?","R","E","M","T","R","?","M","R","?","R","BOSS","M","?","?","$","?","E","R","E","T","?","E","$","E","M","R","BOSS","R","$","E"],"items_purchased_type":["Card","Card","Card","Potion"],"build_version":"2020-12-22","purchased_purges":4,"victory":false,"max_hp_per_floor":[68,68,68,68,68,68,68,68,68,68,68,68,68,68,68,68,68,68,68,73,73,73,73,73,73,73,73,73,73,73,73,73,73,73,73,83,83,83,83,83,83,83,83,85,87,87,87,87,87,87,87,87,87,87,87],"card_choices":[{"not_picked":["Evaluate","Weave"],"picked":"CarveReality","floor":1.0},{"not_picked":["ForeignInfluence","FlyingSleeves"],"picked":"Indignation","floor":3.0},{"not_picked":["FlyingSleeves","CrushJoints"],"picked":"Tantrum","floor":4.0},{"not_picked":["Weave","ThirdEye"],"picked":"EmptyFist","floor":5.0},{"not_picked":["SashWhip","Establishment"],"picked":"DeceiveReality","floor":6.0},{"not_picked":["JustLucky","Prostrate"],"picked":"EmptyMind","floor":8.0},{"not_picked":["Evaluate","BattleHymn"],"picked":"MentalFortress","floor":14.0},{"not_picked":["Alpha","Brilliance"],"picked":"Scrawl","floor":16.0},{"not_picked":["BattleHymn","Weave"],"picked":"Evaluate","floor":18.0},{"not_picked":["BowlingBash","Vengeance"],"picked":"FearNoEvil","floor":19.0},{"not_picked":["EmptyFist","BowlingBash"],"picked":"WaveOfTheHand","floor":24.0},{"not_picked":["DeceiveReality","Tantrum"],"picked":"Consecrate+1","floor":25.0},{"not_picked":["ForeignInfluence","EmptyMind"],"picked":"FearNoEvil","floor":29.0},{"not_picked":["Worship","JustLucky"],"picked":"EmptyFist","floor":31.0},{"not_picked":["Brilliance","DeusExMachina"],"picked":"SpiritShield","floor":33.0},{"not_picked":[],"picked":"ClearTheMind","floor":35.0},{"not_picked":["BowlingBash+1"],"picked":"SKIP","floor":37.0},{"not_picked":[],"picked":"MentalFortress+1","floor":40.0},{"not_picked":[],"picked":"EmptyBody","floor":42.0},{"not_picked":["Worship"],"picked":"Singing Bowl","floor":44.0},{"not_picked":["EmptyMind"],"picked":"Singing Bowl","floor":45.0},{"not_picked":["CrushJoints+1"],"picked":"FlurryOfBlows","floor":47.0},{"not_picked":["SandsOfTime"],"picked":"ReachHeaven+1","floor":48.0}],"player_experience":1954039,"relics_obtained":[{"floor":6.0,"key":"Orichalcum"},{"floor":7.0,"key":"Vajra"},{"floor":8.0,"key":"Shuriken"},{"floor":9.0,"key":"Bronze Scales"},{"floor":14.0,"key":"StrikeDummy"},{"floor":24.0,"key":"Whetstone"},{"floor":26.0,"key":"Bottled Flame"},{"floor":40.0,"key":"Frozen Egg 2"},{"floor":42.0,"key":"Singing Bowl"},{"floor":44.0,"key":"TungstenRod"},{"floor":45.0,"key":"Question Card"},{"floor":47.0,"key":"Smiling Mask"}],"event_choices":[{"damage_healed":0.0,"max_hp_gain":0.0,"max_hp_loss":0.0,"gold_gain":0.0,"event_name":"Living Wall","player_choice":"Grow","floor":11.0,"gold_loss":0.0,"damage_taken":0.0,"cards_upgraded":["DeceiveReality"]},{"damage_healed":0.0,"max_hp_gain":0.0,"max_hp_loss":0.0,"gold_gain":0.0,"event_name":"WeMeetAgain","player_choice":"Paid Gold","floor":12.0,"gold_loss":67.0,"damage_taken":0.0,"relics_obtained":["Meat on the Bone"]},{"damage_healed":0.0,"max_hp_gain":5.0,"max_hp_loss":0.0,"gold_gain":0.0,"event_name":"Forgotten Altar","player_choice":"Shed Blood","floor":20.0,"gold_loss":0.0,"damage_taken":24.0},{"damage_healed":0.0,"max_hp_gain":0.0,"max_hp_loss":0.0,"gold_gain":0.0,"event_name":"Ghosts","player_choice":"Ignored","floor":21.0,"gold_loss":0.0,"damage_taken":0.0},{"cards_removed":["Strike_P"],"damage_healed":0.0,"max_hp_gain":0.0,"max_hp_loss":0.0,"gold_gain":0.0,"event_name":"Beggar","player_choice":"Gave Gold","floor":22.0,"gold_loss":75.0,"damage_taken":0.0},{"cards_removed":["Defend_P"],"damage_healed":0.0,"max_hp_gain":0.0,"max_hp_loss":0.0,"gold_gain":0.0,"event_name":"Back to Basics","player_choice":"Elegance","floor":28.0,"gold_loss":0.0,"damage_taken":0.0},{"cards_removed":["Scrawl"],"damage_healed":11.0,"max_hp_gain":10.0,"max_hp_loss":0.0,"gold_gain":0.0,"event_name":"Bonfire Elementals","player_choice":"Offered Rare","floor":36.0,"gold_loss":0.0,"damage_taken":0.0},{"damage_healed":0.0,"max_hp_gain":0.0,"max_hp_loss":0.0,"gold_gain":0.0,"event_name":"Tomb of Lord Red Mask","player_choice":"Ignored","floor":39.0,"gold_loss":0.0,"damage_taken":0.0},{"damage_healed":0.0,"max_hp_gain":0.0,"max_hp_loss":0.0,"gold_gain":0.0,"event_name":"Mysterious Sphere","player_choice":"Fight","floor":44.0,"gold_loss":0.0,"damage_taken":0.0}],"is_beta":false,"boss_relics":[{"not_picked":["Calling Bell","SacredBark"],"picked":"Empty Cage"},{"not_picked":["Astrolabe","Pandora\u0027s Box"],"picked":"Busted Crown"}],"items_purged_floors":[2,38,46,53],"is_endless":false,"potions_floor_spawned":[3,4,6,14,24,31,33,35,40,44,48],"killed_by":"Shield and Spear","ascension_level":18}}