{"host":"ugtsb9tf4jnucn15","time":1611447574,"event":{"mods":["BaseMod","Downfall","Hermit","Minty Spire (QoL Compilation)","StSLib","The Disciple"],"gold_per_floor":[99,119,137,237,15,35,35,35,35,49,59,91,91,126,145,242,242,242,242],"floor_reached":17,"language":"ENG","playtime":1680,"items_purged":["champ:Strike"],"score":192,"play_id":"bba5e032-ba57-4747-8679-a59183aeea93","local_time":"20210124011934","is_ascension_mode":false,"campfire_choices":[{"floor":1,"key":"RECALL"},{"floor":9,"key":"REST"},{"floor":13,"key":"REST"}],"circlet_count":0,"master_deck":["champ:Strike","champ:Strike","champ:Strike","champ:Defend","champ:Defend+1","champ:Defend","champ:Defend","champ:Execute","champ:Taunt","champ:BerserkersShout","champ:CrookedStrike","champ:BringItOn","champ:AdrenalArmor+1","champ:ShieldWall","champ:EnragedBash","champ:BerserkersShout","champ:GutPunch","champ:EnragedBash","champ:Improvising"],"relics":["champ:ChampionCrown","CloakClasp","PreservedInsect","War Paint","SlaversCollar"],"acts_visited":["Exordium","TheCity"],"potions_floor_usage":[4,4,14,16,16],"damage_taken":[{"damage":22,"enemies":"Small Slimes","floor":2,"turns":3},{"damage":15,"enemies":"2 Louse","floor":3,"turns":2},{"damage":154,"enemies":"2 Louse","floor":4,"turns":14},{"damage":25,"enemies":"downfall:FleeingMerchant","floor":5,"turns":4},{"damage":5,"enemies":"Jaw Worm","floor":6,"turns":4},{"damage":31,"enemies":"Exordium Wildlife","floor":10,"turns":5},{"damage":49,"enemies":"Exordium Thugs","floor":11,"turns":6},{"damage":63,"enemies":"Lagavulin","floor":12,"turns":8},{"damage":33,"enemies":"Gremlin Nob","floor":14,"turns":3},{"damage":37,"enemies":"2 Fungi Beasts","floor":15,"turns":4},{"damage":106,"enemies":"SI_SHIV_ARCHETYPE","floor":16,"turns":8}],"seed_played":"-7987437571194978331","potions_obtained":[{"floor":2,"key":"EntropicBrew"},{"floor":10,"key":"champ:OpenerPotion"},{"floor":14,"key":"FearPotion"},{"floor":16,"key":"champ:TechniquePotion"}],"is_trial":false,"path_per_floor":["R","M","M","?","$","M","T","?","R","M","M","E","R","E","M","B",null],"character_chosen":"THE_CHAMP","items_purchased":["champ:AdrenalArmor","champ:ShieldWall"],"campfire_rested":2,"item_purchase_floors":[5,5],"current_hp_per_floor":[99,97,97,33,33,33,33,43,75,74,60,52,84,71,64,33,109,109,109],"gold":242,"neow_bonus":"TEN_PERCENT_HP_BONUS","is_daily":false,"chose_seed":false,"campfire_upgraded":0,"win_rate":0.0,"timestamp":1611447574,"path_taken":["R","M","M","?","$","M","T","?","R","M","M","E","R","E","M","BOSS"],"items_purchased_type":["Card","Card"],"build_version":"2020-12-22","purchased_purges":1,"victory":false,"max_hp_per_floor":[99,99,99,99,99,99,99,109,109,109,109,109,109,109,109,109,109,109,109],"card_choices":[{"not_picked":["champ:HeartStrike","champ:DefensiveShout"],"picked":"champ:BerserkersShout","floor":2},{"not_picked":["champ:FlashCut","champ:CalledShot"],"picked":"champ:CrookedStrike","floor":3},{"not_picked":["champ:IronFortress","champ:StanceDance"],"picked":"champ:BringItOn","floor":5},{"not_picked":["champ:SwordThrow","champ:DefensiveShout"],"picked":"champ:EnragedBash","floor":6},{"not_picked":["champ:FanOfKnives","champ:SkillfulDodge"],"picked":"champ:BerserkersShout","floor":10},{"not_picked":["champ:CrownThrow","champ:Circumvent"],"picked":"champ:GutPunch","floor":11},{"not_picked":["champ:HeartStrike","champ:BringItOn"],"picked":"champ:EnragedBash","floor":12},{"not_picked":["champ:Circumvent","champ:Haymaker","champ:RisingSlash"],"picked":"SKIP","floor":14},{"not_picked":["champ:PerfectedStrike","champ:HeartStrike","champ:DefensiveShout"],"picked":"SKIP","floor":15},{"not_picked":["champ:Devastate","champ:HoldFirm"],"picked":"champ:Improvising","floor":16}],"player_experience":0,"relics_obtained":[{"floor":4,"key":"CloakClasp"},{"floor":12,"key":"PreservedInsect"},{"floor":14,"key":"War Paint"}],"event_choices":[],"is_beta":false,"boss_relics":[{"not_picked":["Busted Crown","Astrolabe"],"picked":"SlaversCollar"}],"items_purged_floors":[5],"is_endless":false,"potions_floor_spawned":[2,10,14,15,16],"ascension_level":0}}