{"host":"rkezzvf6da7mjjsm","time":1611520227,"event":{"mods":["BaseMod","Colored Map","Downfall","Minty Spire (QoL Compilation)","StSLib"],"gold_per_floor":[99,112,112,112,122,153,153,58,70,83,95,117,130,160,174,174,174,174],"floor_reached":16,"language":"ENG","playtime":1387,"items_purged":[],"score":114,"play_id":"9eac383c-5757-46f2-a621-159808c41990","local_time":"20210125073027","is_ascension_mode":false,"campfire_choices":[{"data":"champ:Taunt","floor":1,"key":"SMITH"}],"circlet_count":0,"master_deck":["champ:Strike","champ:Strike","champ:Strike","champ:Strike+1","champ:Defend+1","champ:Defend","champ:Defend+1","champ:Defend","champ:Execute","champ:Taunt+1","champ:Haymaker","downfall:Malfunctioning","champ:Lariat","champ:FanOfKnives","champ:StanceDance","champ:CrookedStrike","champ:AdrenalArmor","champ:CalledShot","champ:TripleStrike","champ:AdrenalArmor","champ:SwordSigil"],"relics":["champ:ChampionCrown","hexamod:Sixitude","Boot","Odd Mushroom","Kunai"],"acts_visited":["Exordium"],"potions_floor_usage":[8,12,14,14],"damage_taken":[{"damage":12,"enemies":"Small Slimes","floor":2,"turns":4},{"damage":10,"enemies":"Jaw Worm","floor":5,"turns":3},{"damage":23,"enemies":"3 Sentries","floor":6,"turns":10},{"damage":25,"enemies":"downfall:FleeingMerchant","floor":8,"turns":4},{"damage":10,"enemies":"Cultist","floor":9,"turns":2},{"damage":56,"enemies":"Large Slime","floor":10,"turns":4},{"damage":10,"enemies":"3 Louse","floor":11,"turns":2},{"damage":50,"enemies":"The Mushroom Lair","floor":12,"turns":7},{"damage":17,"enemies":"Blue Slaver","floor":13,"turns":3},{"damage":53,"enemies":"Lagavulin","floor":14,"turns":5},{"damage":11,"enemies":"Exordium Wildlife","floor":15,"turns":2},{"damage":112,"enemies":"WA_ARCHETYPE_RETAIN","floor":16,"turns":10}],"seed_played":"-232275150928367657","potions_obtained":[{"floor":4,"key":"hexamod:SoulburnPotion"},{"floor":4,"key":"SneckoOil"},{"floor":4,"key":"FairyPotion"},{"floor":9,"key":"Swift Potion"},{"floor":13,"key":"Regen Potion"},{"floor":14,"key":"sneckomod:MuddlingPotion"}],"is_trial":false,"path_per_floor":["R","M","?","?","M","E","T","$","M","M","M","?","M","E","M","B"],"character_chosen":"THE_CHAMP","items_purchased":["champ:CrookedStrike"],"campfire_rested":0,"item_purchase_floors":[8],"current_hp_per_floor":[99,97,97,97,97,84,84,79,79,63,63,43,36,37,36,0,0,0],"gold":174,"neow_bonus":"TEN_PERCENT_HP_BONUS","is_daily":false,"chose_seed":false,"campfire_upgraded":1,"win_rate":0.0,"timestamp":1611520227,"path_taken":["R","M","?","?","M","E","T","$","M","?","M","?","M","E","M","BOSS"],"items_purchased_type":["Card"],"build_version":"2020-12-22","purchased_purges":0,"victory":false,"max_hp_per_floor":[99,99,99,99,99,99,99,99,99,99,99,99,99,99,99,99,99,99],"card_choices":[{"not_picked":["champ:EndlessRage","champ:EnGarde"],"picked":"champ:Haymaker","floor":2},{"not_picked":["champ:DefensiveStyle","champ:ArenaPreparation"],"picked":"champ:Lariat","floor":5},{"not_picked":["champ:GutPunch","champ:ViciousMockery"],"picked":"champ:FanOfKnives","floor":6},{"not_picked":["champ:Circumvent","champ:DefensiveStyle"],"picked":"champ:StanceDance","floor":8},{"not_picked":["champ:RapidStrikes","champ:PreciseThrust"],"picked":"champ:AdrenalArmor","floor":9},{"not_picked":["champ:SkillfulDodge","champ:SetATrap","champ:PreciseThrust"],"picked":"SKIP","floor":10},{"not_picked":["champ:BerserkersShout","champ:BladeFlurry"],"picked":"champ:CalledShot","floor":11},{"not_picked":["champ:HeartStrike","champ:PerfectedStrike"],"picked":"champ:TripleStrike","floor":13},{"not_picked":["champ:Haymaker","champ:PreciseThrust"],"picked":"champ:AdrenalArmor","floor":14},{"not_picked":["champ:PreemptiveStrike","champ:FaceSlap"],"picked":"champ:SwordSigil","floor":15}],"player_experience":653514,"relics_obtained":[{"floor":6,"key":"hexamod:Sixitude"},{"floor":7,"key":"Boot"},{"floor":12,"key":"Odd Mushroom"},{"floor":14,"key":"Kunai"}],"event_choices":[{"damage_healed":0,"gold_gain":0,"player_choice":"Got Potions","damage_taken":0,"max_hp_gain":0,"max_hp_loss":0,"event_name":"Lab","floor":4,"gold_loss":0},{"damage_healed":0,"gold_gain":0,"player_choice":"Fought Mushrooms","damage_taken":0,"max_hp_gain":0,"max_hp_loss":0,"event_name":"Mushrooms","floor":12,"gold_loss":0}],"is_beta":false,"boss_relics":[],"items_purged_floors":[],"is_endless":false,"potions_floor_spawned":[9,10,13,14],"killed_by":"WA_ARCHETYPE_RETAIN","ascension_level":0}}