{"host":"ny1uxs7aco9qql8p","time":1611454646,"event":{"mods":["AchievementEnabler","Alarm Clock","BaseMod","Bestiary","Colored Map","Colored Powertips","DeckTracker","Filter the Spire","Highlight Path","Minty Spire (QoL Compilation)","Permanent Neow","Quick Restart","Rare Cards Sparkle","Relic Stats"],"gold_per_floor":[118,132,151,151,166,166,199,199,499,529,548,548,106,125,125,228,228,243,256,256,27,27,62,62,62,112,140,44,44,18,29,29,125,125,143,143,154,164,8,8,23,42,68,68,82,33,48,58,58,58,58,58,9,36,36,36],"floor_reached":55,"language":"ENG","playtime":8530,"items_purged":["Strike_P"],"score":830,"play_id":"b2caed31-645c-4a42-bfba-d2911ff2ea54","local_time":"20210123211726","is_ascension_mode":true,"campfire_choices":[{"floor":6.0,"key":"REST"},{"data":"Tantrum","floor":8.0,"key":"SMITH"},{"data":"Strike_P","floor":15.0,"key":"PURGE"},{"floor":24.0,"key":"REST"},{"data":"Writhe","floor":25.0,"key":"PURGE"},{"floor":29.0,"key":"REST"},{"floor":32.0,"key":"REST"},{"floor":40.0,"key":"REST"},{"floor":44.0,"key":"REST"},{"floor":49.0,"key":"RECALL"},{"data":"Alpha","floor":52.0,"key":"SMITH"}],"circlet_count":0,"master_deck":["Strike_P+1","Defend_P+1","Defend_P+1","Defend_P+1","Eruption+1","Vigilance","FlurryOfBlows","FlurryOfBlows","Tantrum+1","EmptyFist","FlyingSleeves","LessonLearned","SandsOfTime","FlurryOfBlows","FollowUp","ClearTheMind","Alpha+1","Fasting2","EmptyFist","TalkToTheHand+1","Halt+1","Crescendo+1","Evaluate","Collect","EmptyFist","EmptyBody","Scrawl","Halt+1","FlyingSleeves+1","Protect+1","Ragnarok","Halt+1","SashWhip+1","EmptyBody+1","CutThroughFate","EmptyFist+1","FollowUp+1","ClearTheMind"],"relics":["PureWater","Pantograph","Old Coin","Unceasing Top","Peace Pipe","SlaversCollar","Omamori","Lantern","WingedGreaves","Calipers","Cursed Key","Happy Flower","InkBottle"],"acts_visited":["Exordium","TheCity","TheBeyond","TheEnding"],"potions_floor_usage":[55,55],"damage_taken":[{"damage":1.0,"enemies":"2 Louse","floor":1.0,"turns":3.0},{"damage":0.0,"enemies":"Small Slimes","floor":2.0,"turns":2.0},{"damage":3.0,"enemies":"Jaw Worm","floor":3.0,"turns":5.0},{"damage":0.0,"enemies":"Exordium Thugs","floor":5.0,"turns":3.0},{"damage":1.0,"enemies":"3 Sentries","floor":7.0,"turns":2.0},{"damage":5.0,"enemies":"Gremlin Nob","floor":10.0,"turns":3.0},{"damage":0.0,"enemies":"Large Slime","floor":11.0,"turns":1.0},{"damage":4.0,"enemies":"Exordium Wildlife","floor":14.0,"turns":2.0},{"damage":54.0,"enemies":"Hexaghost","floor":16.0,"turns":6.0},{"damage":0.0,"enemies":"Spheric Guardian","floor":18.0,"turns":1.0},{"damage":35.0,"enemies":"2 Thieves","floor":19.0,"turns":4.0},{"damage":12.0,"enemies":"Book of Stabbing","floor":23.0,"turns":3.0},{"damage":44.0,"enemies":"Slavers","floor":27.0,"turns":4.0},{"damage":5.0,"enemies":"Snecko","floor":31.0,"turns":3.0},{"damage":32.0,"enemies":"Automaton","floor":33.0,"turns":6.0},{"damage":0.0,"enemies":"Orb Walker","floor":35.0,"turns":2.0},{"damage":17.0,"enemies":"3 Darklings","floor":37.0,"turns":4.0},{"damage":22.0,"enemies":"Jaw Worm Horde","floor":38.0,"turns":5.0},{"damage":31.0,"enemies":"Writhing Mass","floor":41.0,"turns":5.0},{"damage":1.0,"enemies":"Transient","floor":42.0,"turns":5.0},{"damage":0.0,"enemies":"Maw","floor":45.0,"turns":6.0},{"damage":8.0,"enemies":"Jaw Worm Horde","floor":47.0,"turns":4.0},{"damage":5.0,"enemies":"3 Darklings","floor":48.0,"turns":2.0},{"damage":0.0,"enemies":"Time Eater","floor":50.0,"turns":5.0},{"damage":38.0,"enemies":"Shield and Spear","floor":54.0,"turns":5.0},{"damage":97,"enemies":"The Heart","floor":55,"turns":3}],"seed_played":"-6257132829193378401","potions_obtained":[{"floor":1.0,"key":"Swift Potion"},{"floor":10.0,"key":"CultistPotion"},{"floor":16.0,"key":"SkillPotion"},{"floor":18.0,"key":"FearPotion"},{"floor":27.0,"key":"Weak Potion"},{"floor":38.0,"key":"PowerPotion"},{"floor":47.0,"key":"LiquidMemories"}],"is_trial":false,"path_per_floor":["M","M","M","?","M","R","E","R","T","E","M","?","$","M","R","B",null,"M","M","?","$","?","E","R","R","T","E","$","R","$","M","R","B",null,"M","?","M","M","$","R","M","M","T","R","M","$","M","M","R","B",null,"R","$","E","B"],"character_chosen":"WATCHER","items_purchased":["FlurryOfBlows","Peace Pipe","FollowUp","Lantern","TalkToTheHand","Evaluate","Collect","EmptyFist","Ragnarok","CutThroughFate","Fire Potion"],"campfire_rested":6,"item_purchase_floors":[13,13,13,21,21,28,28,30,39,46,53],"current_hp_per_floor":[64,64,61,61,61,86,85,85,85,80,80,73,73,69,69,32,86,86,51,51,51,51,39,64,64,64,20,20,45,45,40,65,54,86,86,86,69,47,47,72,41,40,40,65,65,65,57,52,52,77,86,86,86,48,0,0],"gold":36,"neow_bonus":"TWENTY_PERCENT_HP_BONUS","is_daily":false,"chose_seed":false,"campfire_upgraded":2,"win_rate":0.0,"timestamp":1611454646,"path_taken":["M","M","M","?","M","R","E","R","T","E","M","?","?","M","R","BOSS","M","M","?","$","?","E","R","R","T","E","$","R","?","M","R","BOSS","M","?","M","?","$","R","M","M","T","R","M","?","?","M","R","BOSS","R","$","E","BOSS"],"items_purchased_type":["Card","Relic","Card","Relic","Card","Card","Card","Card","Card","Card","Potion"],"build_version":"2020-12-22","purchased_purges":1,"victory":false,"max_hp_per_floor":[86,86,86,86,86,86,86,86,86,86,86,86,86,86,86,86,86,86,86,86,86,86,86,86,86,86,86,86,86,86,86,86,86,86,86,86,86,86,86,86,86,86,86,86,86,86,86,86,86,86,86,86,86,86,86,86],"relic_stats":{"Peace Pipe":2,"Happy Flower":[8],"counters":[26,94],"Pantograph":88,"Cursed Key":1,"obtain_stats":[{"Lantern":21,"Calipers":27,"Happy Flower":43,"Omamori":20,"Cursed Key":34,"Old Coin":9,"Peace Pipe":13,"SlaversCollar":17,"Pantograph":7,"WingedGreaves":23,"PureWater":0,"Unceasing Top":10,"InkBottle":54},{"Lantern":11,"Calipers":13,"Happy Flower":20,"Omamori":11,"Cursed Key":15,"Old Coin":5,"Peace Pipe":7,"SlaversCollar":9,"Pantograph":5,"WingedGreaves":12,"PureWater":0,"Unceasing Top":6,"InkBottle":25},{"Lantern":32,"Calipers":39,"Happy Flower":69,"Omamori":32,"Cursed Key":48,"Old Coin":15,"Peace Pipe":19,"SlaversCollar":27,"Pantograph":15,"WingedGreaves":35,"PureWater":0,"Unceasing Top":18,"InkBottle":91}],"Unceasing Top":[20],"InkBottle":[1]},"card_choices":[{"not_picked":["WheelKick","PathToVictory"],"picked":"FlurryOfBlows","floor":1.0},{"not_picked":["SashWhip","ClearTheMind"],"picked":"FlurryOfBlows","floor":2.0},{"not_picked":["Evaluate","Prostrate"],"picked":"Tantrum","floor":3.0},{"not_picked":["Nirvana","Halt"],"picked":"EmptyFist","floor":5.0},{"not_picked":["JustLucky","SashWhip"],"picked":"FlyingSleeves","floor":7.0},{"not_picked":["SashWhip","ThirdEye"],"picked":"LessonLearned","floor":10.0},{"not_picked":["FollowUp","JustLucky"],"picked":"SandsOfTime","floor":11.0},{"not_picked":["ConjureBlade","CrushJoints"],"picked":"ClearTheMind","floor":14.0},{"not_picked":["DeusExMachina","MasterReality"],"picked":"Alpha","floor":16.0},{"not_picked":["ForeignInfluence","PathToVictory"],"picked":"Fasting2","floor":18.0},{"not_picked":["Adaptation","Study+1"],"picked":"EmptyFist","floor":19.0},{"not_picked":["Evaluate+1","Tantrum"],"picked":"Halt+1","floor":23.0},{"not_picked":["Weave","ForeignInfluence"],"picked":"Crescendo+1","floor":27.0},{"not_picked":["Halt","ReachHeaven+1"],"picked":"EmptyBody","floor":31.0},{"not_picked":["MasterReality","DeusExMachina"],"picked":"Scrawl","floor":33.0},{"not_picked":["FlyingSleeves+1","Prostrate+1"],"picked":"Halt+1","floor":35.0},{"not_picked":["SashWhip","CrushJoints"],"picked":"FlyingSleeves+1","floor":37.0},{"not_picked":["CutThroughFate","Conclude"],"picked":"Protect+1","floor":38.0},{"not_picked":["WreathOfFlame+1","Study"],"picked":"Halt+1","floor":41.0},{"not_picked":["EmptyFist","Tantrum"],"picked":"SashWhip+1","floor":42.0},{"not_picked":["Adaptation+1","Evaluate"],"picked":"EmptyBody+1","floor":45.0},{"not_picked":["Ragnarok","DeceiveReality"],"picked":"EmptyFist+1","floor":47.0},{"not_picked":["EmptyBody","Prostrate+1"],"picked":"FollowUp+1","floor":48.0},{"not_picked":["JustLucky","Weave+1"],"picked":"ClearTheMind","floor":54.0}],"player_experience":263593,"relics_obtained":[{"floor":7.0,"key":"Pantograph"},{"floor":9.0,"key":"Old Coin"},{"floor":10.0,"key":"Unceasing Top"},{"floor":23.0,"key":"WingedGreaves"},{"floor":27.0,"key":"Calipers"},{"floor":43.0,"key":"Happy Flower"},{"floor":54.0,"key":"InkBottle"}],"event_choices":[{"damage_healed":0.0,"max_hp_gain":0.0,"max_hp_loss":0.0,"gold_gain":0.0,"event_name":"Living Wall","player_choice":"Grow","floor":4.0,"gold_loss":0.0,"damage_taken":0.0,"cards_upgraded":["Eruption"]},{"cards_removed":["Strike_P"],"damage_healed":0.0,"max_hp_gain":0.0,"max_hp_loss":0.0,"gold_gain":0.0,"event_name":"Golden Wing","player_choice":"Card Removal","floor":12.0,"gold_loss":0.0,"damage_taken":7.0},{"damage_healed":0.0,"max_hp_gain":0.0,"max_hp_loss":0.0,"gold_gain":0.0,"event_name":"The Mausoleum","player_choice":"Opened","floor":20.0,"gold_loss":0.0,"damage_taken":0.0,"relics_obtained":["Omamori"],"cards_obtained":["Writhe"]},{"damage_healed":0.0,"max_hp_gain":0.0,"max_hp_loss":0.0,"gold_gain":0.0,"event_name":"Back to Basics","player_choice":"Simplicity","floor":22.0,"gold_loss":0.0,"damage_taken":0.0,"cards_upgraded":["Strike_P","Defend_P","Defend_P","Defend_P","Defend_P"]},{"cards_removed":["Defend_P"],"damage_healed":0.0,"max_hp_gain":0.0,"max_hp_loss":0.0,"gold_gain":0.0,"event_name":"Bonfire Elementals","player_choice":"Offered Basic","floor":36.0,"gold_loss":0.0,"damage_taken":0.0}],"is_beta":false,"boss_relics":[{"not_picked":["Empty Cage","Snecko Eye"],"picked":"SlaversCollar"},{"not_picked":["Philosopher\u0027s Stone","Tiny House"],"picked":"Cursed Key"}],"items_purged_floors":[13],"is_endless":false,"potions_floor_spawned":[1,10,16,18,27,38,47],"killed_by":"The Heart","ascension_level":1}}