{"host":"TheShotgunBoss","time":1611446741,"event":{"mods":["AchievementEnabler","Always Whale","Aspiration","BaseMod","Beaked The Cultist","Colored Map","Colored Powertips","Colorless Booster Pack","Conspire","Downfall","Energized Spire","FetchMod","GifTheSpireLib","Halation","Hubris","Infinite Spire","Jedi Mod","Minty Spire (QoL Compilation)","Poor People Problems","Quick Restart","RNG!","Relic Sorter","SacredBarkPlus","Shop Mod","Spikes Relics","StSLib","Stuff the Spire","The Blue Laboratory","The Construct","Uncapped","Unceasing Turn Reminder","everything is the same but u backflip on backflip","vexMod","??????REMEMod"],"gold_per_floor":[99,99,99,99,99,24,24,43,43,58,58,70,70,100,110,210,210,210,221,221,239,253,271,271,271,271,271,297,313,213,241,255,392,392,392,402,415,430,446,287,287,87,101,101,130,165,165,177,188,188,188,297,32,32,32,32],"floor_reached":57,"language":"ENG","playtime":3662,"items_purged":["hexamod:Strike","hexamod:Strike","hexamod:Strike","hexamod:Strike","hexamod:Defend"],"score":1061,"play_id":"ec72558c-be18-4db1-a9d1-a4190d97ebb4","local_time":"20210123190541","is_ascension_mode":true,"campfire_choices":[{"data":"hexamod:Float","floor":1.0,"key":"SMITH"},{"data":"hexamod:HeatShield","floor":9.0,"key":"SMITH"},{"data":"hexamod:SoulSteal","floor":11.0,"key":"SMITH"},{"data":"hexamod:Incineration","floor":13.0,"key":"SMITH"},{"data":"hexamod:GhostflameBarrier","floor":18.0,"key":"SMITH"},{"data":"infinitespire:Fortify","floor":30.0,"key":"SMITH"},{"floor":35.0,"key":"RECALL"},{"floor":42,"key":"DIG"},{"floor":47,"key":"DIG"},{"floor":54,"key":"REST"}],"circlet_count":0,"master_deck":["hexamod:Defend","hexamod:Defend","hexamod:Defend","hexamod:Sear","hexamod:Float+1","hexamod:DynamicBlow+1","hexamod:SoulSteal+1","hexamod:HeatMetal","hexamod:Incineration+1","hexamod:HeatShield+1","hexamod:ThermalTransfer","hexamod:ThermalTransfer","hexamod:GhostflameBarrier+1","hexamod:Hexaguard+1","hexamod:Rewind+1","infinitespire:Fortify+1","hexamod:ExtraCrispy+1","hexamod:ThermalTransfer","hexamod:GhostflameBarrier+1","PlatinumSkin+1","hubris:Rewind","hexamod:ThermalTransfer+1","hexamod:SearingWound","hexamod:Incineration+1"],"relics":["hexamod:SpiritBrand","REME_ComplimentaryCards","downfall:HeartsMalice","Bottled Lightning","Dream Catcher","vexMod:CursedCompass","infinitespire:CheckeredPen","Boot","Shovel","downfall:KnowingSkull","TungstenRod","downfall:HeartBlessingGreen","vexMod:ScavengeHelm","Fusion Hammer","downfall:HeartBlessingRed","downfall:HeartBlessingBlue","conspire:GiftBox","vexMod:PaidLearning","jedi:battlestandard","Pen Nib","Molten Egg 2","jedi:shrinkray","Slimebound:PreparedRelic"],"acts_visited":["Exordium","TheCity","TheBeyond","TheEnding"],"potions_floor_usage":[48],"damage_taken":[{"damage":0.0,"enemies":"2 Louse","floor":2.0,"turns":1.0},{"damage":0.0,"enemies":"Jaw Worm","floor":5.0,"turns":1.0},{"damage":0.0,"enemies":"downfall:FleeingMerchant","floor":6.0,"turns":1.0},{"damage":0.0,"enemies":"Small Slimes","floor":8.0,"turns":3.0},{"damage":12.0,"enemies":"Gremlin Gang","floor":10.0,"turns":5.0},{"damage":3.0,"enemies":"Red Slaver","floor":12.0,"turns":3.0},{"damage":7.0,"enemies":"3 Sentries","floor":14.0,"turns":5.0},{"damage":7.0,"enemies":"3 Louse","floor":15.0,"turns":3.0},{"damage":37.0,"enemies":"WA_ARCHETYPE_RETAIN","floor":16.0,"turns":10.0},{"damage":0.0,"enemies":"Chosen","floor":19.0,"turns":3.0},{"damage":0.0,"enemies":"Spheric Guardian","floor":21.0,"turns":4.0},{"damage":0.0,"enemies":"3 Cultists","floor":22.0,"turns":4.0},{"damage":7.0,"enemies":"Snecko","floor":23.0,"turns":6.0},{"damage":6.0,"enemies":"Book of Stabbing","floor":28.0,"turns":6.0},{"damage":0.0,"enemies":"Shelled Parasite and Fungi","floor":29.0,"turns":6.0},{"damage":15.0,"enemies":"Nightmare","floor":31.0,"turns":6.0},{"damage":0.0,"enemies":"Snake Plant","floor":32.0,"turns":3.0},{"damage":11.0,"enemies":"SI_MIRROR_ARCHETYPE","floor":33.0,"turns":12.0},{"damage":0,"enemies":"3 Darklings","floor":36,"turns":5},{"damage":2,"enemies":"Orb Walker","floor":37,"turns":3},{"damage":0,"enemies":"Transient","floor":38,"turns":5},{"damage":2,"enemies":"Sphere and 2 Shapes","floor":39,"turns":3},{"damage":2,"enemies":"downfall:FleeingMerchant","floor":40,"turns":4},{"damage":0,"enemies":"Maw","floor":43,"turns":8},{"damage":5,"enemies":"Nightmare","floor":45,"turns":7},{"damage":0,"enemies":"conspire:MimicChest","floor":46,"turns":6},{"damage":13,"enemies":"Transient","floor":48,"turns":5},{"damage":0,"enemies":"3 Darklings","floor":49,"turns":4},{"damage":0,"enemies":"IC_BLOCK_ARCHETYPE","floor":50,"turns":1},{"damage":39,"enemies":"downfall:CharBossMerchant","floor":52,"turns":10},{"damage":6,"enemies":"downfall:NeowBoss","floor":55,"turns":14},{"damage":36,"enemies":"downfall:NeowBossFinal","floor":56,"turns":9}],"seed_played":"2467399243463687607","potions_obtained":[{"floor":8.0,"key":"hexamod:EctoCoolerPotion"},{"floor":10.0,"key":"hexamod:EctoCoolerPotion"},{"floor":14.0,"key":"PowerPotion"},{"floor":15.0,"key":"blueLaboratory:BottledHope"},{"floor":19.0,"key":"BlessingOfTheForge"},{"floor":32.0,"key":"Energy Potion"},{"floor":38,"key":"DistilledChaos"},{"floor":43,"key":"infinitespire:BlackPotion"},{"floor":49,"key":"SteroidPotion"}],"is_trial":false,"path_per_floor":["R","M","?","?","M","$","T","M","R","M","R","M","R","E","M","B",null,"R","M","?","M","M","M","T","?","AVR","?","E","M","R","NM","M","B",null,"R","M","M","M","M","$","T","R","M","AVR","NM","?","R","M","M","B",null,"E","$","R","B","B",null],"character_chosen":"THE_SPIRIT","items_purchased":["PlatinumSkin","blueLaboratory:FruitPreserves","hexamod:Incineration+1"],"campfire_rested":1,"item_purchase_floors":[40,53,53],"current_hp_per_floor":[70,70,70,70,70,70,70,70,70,58,58,55,55,48,41,4,70,70,70,70,70,70,63,63,63,63,56,50,50,50,35,35,24,70,70,70,68,68,66,64,64,74,74,74,69,69,69,56,56,56,80,41,41,65,59,23],"gold":32,"neow_bonus":"THREE_ENEMY_KILL","is_daily":false,"chose_seed":false,"campfire_upgraded":6,"win_rate":0.0,"timestamp":1611446741,"path_taken":["R","M","?","?","M","?","T","M","R","M","R","?","R","E","M","BOSS","R","M","?","M","M","M","T","?","AVR","?","E","M","R","NM","M","BOSS","R","M","?","M","M","?","T","R","M","AVR","NM","?","R","M","M","BOSS","E","$","R","BOSS","BOSS"],"items_purchased_type":["Card","Potion","Card"],"build_version":"2020-12-18","purchased_purges":5,"victory":true,"max_hp_per_floor":[70,70,70,70,70,70,70,70,70,70,70,70,70,70,70,70,70,70,70,70,70,70,70,70,70,70,70,70,70,70,70,70,70,70,70,70,70,70,70,70,70,80,80,80,80,80,80,80,80,80,80,80,80,80,80,80],"card_choices":[{"not_picked":["hexamod:FlamesFromBeyond","hexamod:SpectersWail"],"picked":"hexamod:DynamicBlow","floor":2.0},{"not_picked":["hexamod:NightmareStrike","hexamod:AdvancingGuard"],"picked":"hexamod:HeatMetal","floor":5.0},{"not_picked":["hexamod:SpectralAdrenaline","hexamod:GhostShield"],"picked":"hexamod:Incineration","floor":6.0},{"not_picked":["hexamod:Hexaguard","hexamod:NightmareGuise"],"picked":"hexamod:HeatShield","floor":8.0},{"not_picked":["hexamod:ShieldOfDarkness","hexamod:HauntingEcho"],"picked":"hexamod:ThermalTransfer","floor":10.0},{"not_picked":["hexamod:GhostLash","hexamod:HeatMetal"],"picked":"hexamod:ThermalTransfer","floor":12.0},{"not_picked":["hexamod:ShieldOfDarkness","hexamod:GhostOfSpireFuture"],"picked":"hexamod:GhostflameBarrier","floor":14.0},{"not_picked":["hexamod:SecondSeal","hexamod:FastForward","hexamod:UnleashSpirits"],"picked":"SKIP","floor":15.0},{"not_picked":["hexamod:HauntingEcho","hexamod:NightmareStrike","hexamod:EtherealExpedition"],"picked":"SKIP","floor":19.0},{"not_picked":["hexamod:FastForward","hexamod:GhostflameBarrier"],"picked":"hexamod:Hexaguard+1","floor":21.0},{"not_picked":["hexamod:SpectersWail","hexamod:NightmareGuise"],"picked":"hexamod:Rewind+1","floor":22.0},{"not_picked":["hexamod:BacktrackSmack","hexamod:Incineration","hexamod:SkipABeat"],"picked":"SKIP","floor":23.0},{"not_picked":["hexamod:InspiringFlames+1","hexamod:NightmareGuise","hexamod:Firestarter"],"picked":"SKIP","floor":28.0},{"not_picked":["hexamod:Haunt","hexamod:FlamesFromBeyond","hexamod:HeatMetal"],"picked":"SKIP","floor":29.0},{"not_picked":["hexamod:InspiringFlames","hexamod:GhostOfSpirePresent"],"picked":"hexamod:ExtraCrispy+1","floor":31.0},{"not_picked":["hexamod:FastForward","hexamod:ShieldOfDarkness","hexamod:SoulSteal+1"],"picked":"SKIP","floor":32.0},{"not_picked":["hexamod:InspiringFlames+1","hexamod:GhostLash+1"],"picked":"hexamod:ThermalTransfer","floor":36},{"not_picked":["hexamod:SwordOfDarkness+1","hexamod:FastForward+1","hexamod:BacktrackSmack+1"],"picked":"SKIP","floor":37},{"not_picked":["hexamod:FastForward","hexamod:NightmareGuise","hexamod:EmpoweredFlame"],"picked":"SKIP","floor":38},{"not_picked":["hexamod:AdvancingGuard+1","hexamod:ChargedBarrage+1","hexamod:UnleashSpirits"],"picked":"SKIP","floor":39},{"not_picked":["hexamod:NecessarySacrifice+1","hexamod:RainOfEmbers"],"picked":"hexamod:GhostflameBarrier","floor":40},{"not_picked":["hexamod:Again","hexamod:StepThrough+1","hexamod:Firestarter"],"picked":"SKIP","floor":43},{"not_picked":["infinitespire:FinalStrike","infinitespire:DeathsTouch"],"picked":"hubris:Rewind","floor":45},{"not_picked":["hexamod:FirstSeal","hexamod:GhostShield","hexamod:HeatMetal+1"],"picked":"SKIP","floor":45},{"not_picked":["hexamod:BurningTouch+1","hexamod:NightmareGuise"],"picked":"hexamod:ThermalTransfer+1","floor":46},{"not_picked":["hexamod:InspiringFlames+1","hexamod:NightmareStrike+1","hexamod:HauntingEcho+1"],"picked":"SKIP","floor":48},{"not_picked":["hexamod:SwordOfDarkness+1","hexamod:SpectralAdrenaline+1","hexamod:Again+1"],"picked":"SKIP","floor":49},{"not_picked":["hexamod:BurningTouch+1","hexamod:SecondSeal"],"picked":"hexamod:SearingWound","floor":52}],"player_experience":313968,"relics_obtained":[{"floor":7.0,"key":"Bottled Lightning"},{"floor":14.0,"key":"Dream Catcher"},{"floor":24.0,"key":"infinitespire:CheckeredPen"},{"floor":25.0,"key":"Boot"},{"floor":28.0,"key":"TungstenRod"},{"floor":31.0,"key":"vexMod:ScavengeHelm"},{"floor":42,"key":"conspire:GiftBox"},{"floor":45,"key":"Pen Nib"},{"floor":46,"key":"Molten Egg 2"},{"floor":47,"key":"jedi:shrinkray"},{"floor":52,"key":"Slimebound:PreparedRelic"}],"event_choices":[],"is_beta":true,"boss_relics":[{"not_picked":["Black Star","halation:Prosthetics"],"picked":"vexMod:CursedCompass"},{"not_picked":["vexMod:MysteryBossChallenge","conspire:SpecialSausage"],"picked":"Fusion Hammer"}],"items_purged_floors":[6,26,40,44,53],"is_endless":false,"potions_floor_spawned":[8,10,14,15,19,22,23,32,38,39,43,49],"ascension_level":1}}