{"host":"Rowan","time":1611532170,"event":{"mods":["BaseMod","Minty Spire (QoL Compilation)"],"gold_per_floor":[218,218,228,243,255,255,255,255,255,265,265,283,311,311,311,407,407,424,451,466,71,71,71,86,86,111,111,111,121,46,46,46,148,148,164,92,92,92],"floor_reached":37,"language":"ENG","playtime":2159,"items_purged":["Strike_B"],"score":367,"play_id":"063be7db-83cc-4c46-8627-748b4f922144","local_time":"20210124154930","is_ascension_mode":false,"campfire_choices":[{"floor":6,"key":"RECALL"},{"data":"Zap","floor":8,"key":"SMITH"},{"data":"Dualcast","floor":11,"key":"SMITH"},{"data":"Beam Cell","floor":15,"key":"SMITH"},{"data":"Streamline","floor":23,"key":"SMITH"},{"data":"Rainbow","floor":25,"key":"SMITH"},{"floor":27,"key":"REST"},{"data":"Echo Form","floor":32,"key":"SMITH"}],"circlet_count":0,"master_deck":["Strike_B","Strike_B","Strike_B","Defend_B","Defend_B","Defend_B","Defend_B","Zap+1","Dualcast+1","Fusion+1","Conserve Battery","Streamline+1","Reinforced Body","Beam Cell+1","Sweeping Beam","Self Repair","Rainbow+1","Go for the Eyes","Force Field+1","Barrage+1","Echo Form+1","Storm","Machine Learning","Redo+1","Capacitor"],"relics":["Cracked Core","Symbiotic Virus","Nuclear Battery","Red Mask","Molten Egg 2","Oddly Smooth Stone","Potion Belt","SacredBark"],"acts_visited":["Exordium","TheCity","TheBeyond"],"potions_floor_usage":[16,29,33,37,37],"damage_taken":[{"damage":0,"enemies":"2 Louse","floor":1,"turns":2},{"damage":0,"enemies":"Cultist","floor":3,"turns":4},{"damage":1,"enemies":"Jaw Worm","floor":4,"turns":4},{"damage":3,"enemies":"Looter","floor":5,"turns":3},{"damage":8,"enemies":"3 Louse","floor":10,"turns":4},{"damage":0,"enemies":"Large Slime","floor":12,"turns":5},{"damage":34,"enemies":"Gremlin Nob","floor":13,"turns":4},{"damage":23,"enemies":"Hexaghost","floor":16,"turns":11},{"damage":22,"enemies":"3 Byrds","floor":18,"turns":5},{"damage":33,"enemies":"Masked Bandits","floor":19,"turns":4},{"damage":7,"enemies":"Shell Parasite","floor":20,"turns":5},{"damage":18,"enemies":"Snake Plant","floor":24,"turns":4},{"damage":5,"enemies":"3 Cultists","floor":29,"turns":6},{"damage":62,"enemies":"Collector","floor":33,"turns":13},{"damage":7,"enemies":"Orb Walker","floor":35,"turns":3},{"damage":87,"enemies":"2 Orb Walkers","floor":37,"turns":5}],"seed_played":"-4001749111050596816","potions_obtained":[{"floor":3,"key":"GamblersBrew"},{"floor":5,"key":"PowerPotion"},{"floor":12,"key":"GamblersBrew"},{"floor":20,"key":"SkillPotion"},{"floor":35,"key":"FocusPotion"}],"is_trial":false,"path_per_floor":["M","?","M","M","M","R","$","R","T","M","R","M","E","?","R","B",null,"M","?","M","$","?","R","M","R","T","R","?","M","$","?","R","B",null,"M","$","?"],"character_chosen":"DEFECT","items_purchased":["Molten Egg 2","Oddly Smooth Stone","Capacitor"],"campfire_rested":1,"item_purchase_floors":[21,21,36],"current_hp_per_floor":[75,75,75,74,71,71,71,71,71,63,63,63,29,54,54,38,75,60,34,34,34,34,34,30,30,30,52,52,68,68,75,75,27,75,68,68,0,0],"gold":92,"neow_bonus":"HUNDRED_GOLD","is_daily":false,"chose_seed":false,"campfire_upgraded":6,"win_rate":0.0,"timestamp":1611532170,"path_taken":["M","?","M","M","M","R","?","R","T","M","R","M","E","?","R","BOSS","M","?","M","$","?","R","M","R","T","R","?","M","$","?","R","BOSS","M","?","?"],"items_purchased_type":["Relic","Relic","Card"],"build_version":"2020-12-18","purchased_purges":1,"victory":false,"max_hp_per_floor":[75,75,75,75,75,75,75,75,75,75,75,75,75,75,75,75,75,75,75,75,75,75,75,75,75,75,75,75,75,75,75,75,75,75,75,75,75,75],"card_choices":[{"not_picked":["Go for the Eyes","Compile Driver"],"picked":"Fusion","floor":1},{"not_picked":["Beam Cell","Doom and Gloom"],"picked":"Conserve Battery","floor":3},{"not_picked":["Beam Cell","Cold Snap"],"picked":"Streamline","floor":4},{"not_picked":["Gash","FTL"],"picked":"Reinforced Body","floor":5},{"not_picked":["Turbo","Stack"],"picked":"Beam Cell","floor":10},{"not_picked":["Conserve Battery","Ball Lightning"],"picked":"Sweeping Beam","floor":12},{"not_picked":["Reinforced Body","Machine Learning"],"picked":"Self Repair","floor":13},{"not_picked":["Meteor Strike","All For One"],"picked":"Rainbow","floor":16},{"not_picked":["Skim","Conserve Battery"],"picked":"Go for the Eyes","floor":18},{"not_picked":["Turbo","Skim"],"picked":"Force Field+1","floor":19},{"not_picked":["Beam Cell","Hologram"],"picked":"Self Repair","floor":20},{"not_picked":["Gash+1","Cold Snap+1"],"picked":"Barrage+1","floor":24},{"not_picked":["Melter+1","Barrage+1"],"picked":"Storm","floor":29},{"not_picked":["Seek","Meteor Strike+1"],"picked":"Machine Learning","floor":33},{"not_picked":["Sweeping Beam+1","Leap+1"],"picked":"Redo+1","floor":35}],"player_experience":416572,"relics_obtained":[{"floor":13,"key":"Symbiotic Virus"},{"floor":19,"key":"Red Mask"},{"floor":26,"key":"Potion Belt"}],"event_choices":[{"damage_healed":0,"gold_gain":0,"player_choice":"Forge","damage_taken":0,"max_hp_gain":0,"max_hp_loss":0,"event_name":"Accursed Blacksmith","floor":2,"gold_loss":0,"cards_upgraded":["Fusion"]},{"damage_healed":25,"gold_gain":0,"player_choice":"Banana","damage_taken":0,"max_hp_gain":0,"max_hp_loss":0,"event_name":"Big Fish","floor":14,"gold_loss":0},{"damage_healed":0,"gold_gain":0,"player_choice":"Fought Bandits","damage_taken":0,"max_hp_gain":0,"max_hp_loss":0,"event_name":"Masked Bandits","floor":19,"gold_loss":0},{"damage_healed":0,"gold_gain":0,"player_choice":"Ignored","damage_taken":0,"max_hp_gain":0,"max_hp_loss":0,"event_name":"Ghosts","floor":22,"gold_loss":0},{"damage_healed":0,"gold_gain":0,"player_choice":"Read","damage_taken":0,"max_hp_gain":0,"max_hp_loss":0,"event_name":"The Library","floor":28,"gold_loss":0,"cards_obtained":["Echo Form"]},{"cards_removed":["Self Repair"],"damage_healed":7,"gold_gain":0,"player_choice":"Offered Uncommon","damage_taken":0,"max_hp_gain":0,"max_hp_loss":0,"event_name":"Bonfire Elementals","floor":31,"gold_loss":0},{"damage_healed":0,"gold_gain":0,"player_choice":"Fight","damage_taken":0,"max_hp_gain":0,"max_hp_loss":0,"event_name":"Mysterious Sphere","floor":37,"gold_loss":0}],"is_beta":true,"boss_relics":[{"not_picked":["Ectoplasm","Black Star"],"picked":"Nuclear Battery"},{"not_picked":["Coffee Dripper","Fusion Hammer"],"picked":"SacredBark"}],"items_purged_floors":[30],"is_endless":false,"potions_floor_spawned":[3,5,12,20,35],"killed_by":"2 Orb Walkers","ascension_level":0}}