{"host":"36umirwmj0u9xjg7","time":1611493309,"event":{"mods":["Aspiration","BaseMod","CCEM","ChefMod","Downfall","Minty Spire (QoL Compilation)","Reliquary","Replay The Spire","StS++","StSLib","The Construct","The Gatherer","The Hierophant","The Necromancer","The Runesmith","The Servant 0.9.4"],"gold_per_floor":[112,112,66,66,16,35,70,145,170,170,182,182,192,211,263,368,368,380,392,406,175,195,195,195,195],"floor_reached":23,"language":"ENG","playtime":1088,"items_purged":["Gatherer:Strike_Gatherer"],"score":218,"play_id":"6c06d1d6-5a3d-48af-957c-6376f6c3dc49","local_time":"20210124140149","is_ascension_mode":false,"metric_token":1041,"campfire_choices":[{"data":"Gatherer:StoneFence","floor":10,"key":"SMITH"},{"data":"Gatherer:ScherryThrow","floor":12,"key":"SMITH"}],"circlet_count":0,"master_deck":["Gatherer:Strike_Gatherer","Gatherer:Strike_Gatherer","Gatherer:Strike_Gatherer","Gatherer:Defend_Gatherer","Gatherer:Defend_Gatherer","Gatherer:Defend_Gatherer","Gatherer:Defend_Gatherer","Gatherer:Centralize+1","Gatherer:FlowerWhip+2","Gatherer:ScherryThrow+1","Gatherer:AlchemyTrial","Gatherer:StoneFence+1","Gatherer:Nutrients+1","Gatherer:FlowerShield+1","Gatherer:FruitForce","Gatherer:Photoscythe+1","Gatherer:FlowerFalling+1","Gatherer:BambuSword"],"relics":["Gatherer:AlchemyBag","NeowsBlessing","Tiny Chest","Toxic Egg 2","Pantograph","Gatherer:MistGenerator","reliquary:Ember","reliquary:Buckler"],"acts_visited":["Exordium","TheCity"],"potions_floor_usage":[23],"damage_taken":[{"damage":0,"enemies":"Cultist","floor":1,"turns":1},{"damage":0,"enemies":"Small Slimes","floor":6,"turns":1},{"damage":0,"enemies":"3 Sentries","floor":7,"turns":1},{"damage":11,"enemies":"Jaw Worm","floor":11,"turns":3},{"damage":2,"enemies":"Blue Slaver","floor":13,"turns":5},{"damage":8,"enemies":"Lots of Slimes","floor":14,"turns":4},{"damage":2,"enemies":"Fading Forest","floor":16,"turns":11},{"damage":13,"enemies":"Spheric Guardian","floor":18,"turns":5},{"damage":2,"enemies":"3 Byrds","floor":19,"turns":6},{"damage":41,"enemies":"Shelled Parasite and Fungi","floor":20,"turns":6},{"damage":17,"enemies":"Centurion and Healer","floor":22,"turns":5},{"damage":15,"enemies":"Book of Stabbing","floor":23,"turns":5}],"seed_played":"-196449768790589658","potions_obtained":[{"floor":1,"key":"SkillPotion"},{"floor":7,"key":"GhostInAJar"},{"floor":13,"key":"Dexterity Potion"},{"floor":22,"key":"Energy Potion"}],"is_trial":false,"path_per_floor":["M","?","$","?","?","M","E","T","T","R","M","R","M","M","R","B",null,"M","M","M","$","M","E"],"character_chosen":"THE_GATHERER","items_purchased":["Gatherer:ScherryThrow","reliquary:Buckler"],"campfire_rested":0,"item_purchase_floors":[3,21],"current_hp_per_floor":[72,72,72,65,65,65,65,65,65,65,54,54,52,48,48,71,76,63,61,20,20,7,0,0,0],"gold":195,"neow_bonus":"THREE_ENEMY_KILL","is_daily":false,"chose_seed":false,"campfire_upgraded":2,"win_rate":0.0,"timestamp":1611493309,"path_taken":["M","?","?","?","?","M","E","?","T","R","?","R","M","M","R","BOSS","M","M","M","$","?","E"],"items_purchased_type":["Card","Relic"],"build_version":"2020-12-22","purchased_purges":1,"victory":false,"max_hp_per_floor":[72,72,72,72,72,72,72,72,72,72,72,72,72,76,76,76,76,76,76,76,76,76,76,76,76],"card_choices":[{"not_picked":["Gatherer:FlowerFalling","Gatherer:FragileHammer"],"picked":"Gatherer:Nutrients","floor":1},{"not_picked":["Gatherer:UpgradeBag","Gatherer:Enchant"],"picked":"Gatherer:AlchemyTrial","floor":6},{"not_picked":["Gatherer:AromaProtection+1","Gatherer:ScentOfRosmari+1"],"picked":"Gatherer:StoneFence","floor":7},{"not_picked":["Gatherer:FlowerBeam","Gatherer:Snatch"],"picked":"Gatherer:Nutrients+1","floor":11},{"not_picked":["Gatherer:Snatch","Gatherer:AromaProtection+1"],"picked":"Gatherer:FlowerShield+1","floor":13},{"not_picked":["Gatherer:Solidify+1","Gatherer:CollectorsShot"],"picked":"Gatherer:FruitForce","floor":14},{"not_picked":["Gatherer:StoneFence","Gatherer:BomberForm"],"picked":"Gatherer:Photoscythe","floor":16},{"not_picked":["Gatherer:AcidicSpray","Gatherer:Duplicator+1"],"picked":"Gatherer:FlowerFalling+1","floor":18},{"not_picked":["Gatherer:Enchant+1","Gatherer:TacticalStrike"],"picked":"Gatherer:BambuSword","floor":19},{"not_picked":["Gatherer:Misfortune","Gatherer:FragileHammer","Gatherer:ScherryThrow"],"picked":"SKIP","floor":20},{"not_picked":["Gatherer:Duality","Gatherer:FragileHammer","Gatherer:Transmute+1"],"picked":"SKIP","floor":22}],"player_experience":139649,"relics_obtained":[{"floor":7,"key":"Toxic Egg 2"},{"floor":8,"key":"Pantograph"},{"floor":9,"key":"Gatherer:MistGenerator"}],"event_choices":[{"cards_removed":["Gatherer:Nutrients"],"damage_healed":0,"gold_gain":0,"player_choice":"Gave Card","damage_taken":0,"relics_obtained":["Tiny Chest"],"max_hp_gain":0,"max_hp_loss":0,"event_name":"WeMeetAgain","floor":2,"gold_loss":0},{"cards_removed":["Gatherer:Strike_Gatherer"],"damage_healed":0,"gold_gain":0,"player_choice":"Card Removal","damage_taken":7,"max_hp_gain":0,"max_hp_loss":0,"event_name":"Golden Wing","floor":4,"gold_loss":0},{"cards_removed":["Gatherer:Defend_Gatherer"],"damage_healed":0,"gold_gain":0,"player_choice":"Card Removal","damage_taken":0,"max_hp_gain":0,"max_hp_loss":0,"event_name":"The Cleric","floor":5,"gold_loss":50}],"is_beta":false,"boss_relics":[{"not_picked":["Philosopher\u0027s Stone","Tiny House"],"picked":"reliquary:Ember"}],"items_purged_floors":[21],"is_endless":false,"potions_floor_spawned":[1,7,13,18,22],"killed_by":"Book of Stabbing","ascension_level":0}}