{"host":"v3mpq6flurzldi5g","time":1611447871,"event":{"mods":["AchievementEnabler","BaseMod","Colored Powertips","Highlight Path","Minty Spire (QoL Compilation)","StSLib"],"gold_per_floor":[116,132,147,147,147,147,72,72,72,72,96,61,92,113,113,238,238,251,274,274,189,0,0,0,0],"floor_reached":24,"language":"ENG","playtime":961,"items_purged":["Normality"],"score":301,"play_id":"94cdbc0d-8068-4151-a5f3-18604fb749a5","local_time":"20210123192431","is_ascension_mode":true,"campfire_choices":[{"floor":6,"key":"REST"},{"data":"Defend_B","floor":8,"key":"SMITH"},{"floor":10,"key":"REST"},{"floor":15,"key":"REST"},{"floor":23,"key":"REST"}],"circlet_count":0,"master_deck":["AscendersBane","Strike_B","Strike_B+1","Strike_B","Strike_B","Defend_B+1","Defend_B+1","Defend_B","Defend_B","Zap","Dualcast","Ball Lightning","Sweeping Beam","Conserve Battery","Capacitor","Reinforced Body","Static Discharge","Barrage","Thunder Strike","Static Discharge","BootSequence"],"relics":["Cracked Core","Bird Faced Urn","Golden Idol","Question Card","Prayer Wheel","Inserter","Letter Opener"],"acts_visited":["Exordium","TheCity"],"potions_floor_usage":[16,16,24],"damage_taken":[{"damage":6,"enemies":"Jaw Worm","floor":1,"turns":4},{"damage":12,"enemies":"Small Slimes","floor":2,"turns":3},{"damage":6,"enemies":"Cultist","floor":3,"turns":4},{"damage":15,"enemies":"Exordium Thugs","floor":11,"turns":4},{"damage":28,"enemies":"Lagavulin","floor":13,"turns":6},{"damage":6,"enemies":"Exordium Wildlife","floor":14,"turns":4},{"damage":45,"enemies":"The Guardian","floor":16,"turns":11},{"damage":30,"enemies":"Shell Parasite","floor":18,"turns":8},{"damage":29,"enemies":"2 Thieves","floor":19,"turns":4},{"damage":33,"enemies":"Book of Stabbing","floor":24,"turns":4}],"seed_played":"-5098560799262317565","potions_obtained":[{"floor":2,"key":"BlessingOfTheForge"},{"floor":3,"key":"ColorlessPotion"},{"floor":13,"key":"Weak Potion"},{"floor":19,"key":"PowerPotion"}],"is_trial":false,"path_per_floor":["M","M","M","?","?","R","$","R","T","R","M","?","E","M","R","B",null,"M","M","?","?","?","R","E"],"character_chosen":"DEFECT","items_purchased":[],"campfire_rested":4,"item_purchase_floors":[],"current_hp_per_floor":[62,50,44,44,30,50,50,50,50,69,54,69,41,35,55,14,55,29,4,4,4,4,24,0,0],"gold":0,"neow_bonus":"ONE_RARE_RELIC","is_daily":false,"chose_seed":false,"campfire_upgraded":1,"win_rate":0.0,"timestamp":1611447871,"path_taken":["M","M","M","?","?","R","?","R","T","R","?","?","E","M","R","BOSS","M","M","?","?","?","R","E"],"items_purchased_type":[],"build_version":"2020-12-22","purchased_purges":1,"victory":false,"max_hp_per_floor":[75,75,75,69,69,69,69,69,69,69,69,69,69,69,69,69,69,69,69,69,69,69,69,69,69],"card_choices":[{"not_picked":["Steam Power","Rebound"],"picked":"Ball Lightning","floor":1},{"not_picked":["Redo","Cold Snap"],"picked":"Sweeping Beam","floor":2},{"not_picked":["Sweeping Beam","Beam Cell"],"picked":"Conserve Battery","floor":3},{"not_picked":["Cold Snap","Barrage","Conserve Battery"],"picked":"Capacitor","floor":11},{"not_picked":["Echo Form","Ball Lightning","Coolheaded"],"picked":"Reinforced Body","floor":13},{"not_picked":["Steam","Stack","Auto Shields"],"picked":"Static Discharge","floor":14},{"not_picked":["Turbo","Genetic Algorithm","Beam Cell"],"picked":"Barrage","floor":14},{"not_picked":["Fission","Seek","Core Surge"],"picked":"Thunder Strike","floor":16},{"not_picked":["BootSequence","Undo","Leap"],"picked":"Static Discharge","floor":18},{"not_picked":["Storm","Barrage","Doom and Gloom","Steam Power"],"picked":"SKIP","floor":18},{"not_picked":["Redo+1","Chill","Doom and Gloom+1"],"picked":"BootSequence","floor":19},{"not_picked":["Hello World","Leap","Cold Snap","Hologram"],"picked":"SKIP","floor":19}],"player_experience":1016943,"relics_obtained":[{"floor":9,"key":"Question Card"},{"floor":13,"key":"Prayer Wheel"}],"event_choices":[{"damage_healed":0,"gold_gain":0,"player_choice":"Lose Max HP","damage_taken":0,"relics_obtained":["Golden Idol"],"max_hp_gain":0,"max_hp_loss":6,"event_name":"Golden Idol","floor":4,"gold_loss":0},{"damage_healed":0,"gold_gain":0,"player_choice":"Entered Light","damage_taken":14,"max_hp_gain":0,"max_hp_loss":0,"event_name":"Shining Light","floor":5,"gold_loss":0,"cards_upgraded":["Strike_B","Defend_B"]},{"damage_healed":17,"gold_gain":0,"player_choice":"Healed","damage_taken":0,"max_hp_gain":0,"max_hp_loss":0,"event_name":"The Cleric","floor":12,"gold_loss":35},{"damage_healed":0,"gold_gain":0,"player_choice":"Ignored","damage_taken":0,"max_hp_gain":0,"max_hp_loss":0,"event_name":"Ghosts","floor":20,"gold_loss":0},{"damage_healed":0,"gold_gain":0,"player_choice":"Obtained Relic","damage_taken":0,"relics_obtained":["Letter Opener"],"max_hp_gain":0,"max_hp_loss":0,"event_name":"Addict","floor":21,"gold_loss":85},{"damage_healed":0,"gold_gain":0,"player_choice":"Paid Fearfully","damage_taken":0,"max_hp_gain":0,"max_hp_loss":0,"event_name":"Masked Bandits","floor":22,"gold_loss":189}],"is_beta":false,"boss_relics":[{"not_picked":["Ectoplasm","Empty Cage"],"picked":"Inserter"}],"items_purged_floors":[7],"is_endless":false,"potions_floor_spawned":[2,3,13,19],"killed_by":"Book of Stabbing","ascension_level":11}}