{"host":"3y33rrrkia6pkpow","time":1611459681,"event":{"mods":["2.2 Compatiblity","AchievementEnabler","Act Like it!","BaseMod","BetterRewards","Block Reminder","Colored Map","Colored Powertips","DeckTracker","Faster Ascension Climbing","Gensokyo","Highlight Path","Infinite Spire","Minty Spire (QoL Compilation)","Quick Restart","Rare Cards Sparkle","Replay The Spire","Shop Mod","Spicy Shops","StSLib","Synergy Search","The Animator","The Blue Laboratory","Unknown Chances"],"gold_per_floor":[134,163,208,208,109,149,149,202,229,255,290,318,33,61,61,164,164,191,191,191,217,245,285,285,200,226,254,254,283,322,357,357,449,449,488,488,488,535,580,644,644,644,644,673,673,699,743,771,771,783,795,795],"floor_reached":51,"language":"ENG","playtime":9425,"items_purged":["animator:Strike"],"score":1413,"play_id":"bc881ca0-cdd3-4327-b242-df40aaebc82f","local_time":"20210123214121","is_ascension_mode":true,"campfire_choices":[{"floor":7.0,"key":"REST"},{"floor":15.0,"key":"REST"},{"data":"animator:AcuraShin","floor":15.0,"key":"SMITH"},{"floor":24.0,"key":"REST"},{"data":"animator:HiedaNoAkyuu","floor":24.0,"key":"SMITH"},{"floor":28.0,"key":"REST"},{"data":"animator:AyaShameimaru","floor":28.0,"key":"SMITH"},{"floor":32.0,"key":"REST"},{"data":"animator:AcuraAkari","floor":32.0,"key":"SMITH"},{"floor":41.0,"key":"REST"},{"data":"animator:HinaKagiyama","floor":41.0,"key":"SMITH"},{"floor":49.0,"key":"DIG"}],"circlet_count":0,"master_deck":["AscendersBane","animator:Strike_HitsugiNoChaika","animator:Defend_HitsugiNoChaika","animator:AcuraAkari+1","animator:Gillette","animator:Mikaela","animator:Mikaela","animator:Hibiki+1","animator:WinryRockbell","animator:HiiragiShinya+1","animator:Gillette","animator:JunSakurada+12","animator:WinryRockbell","animator:Fredrika","animator:Strike_Elsword","animator:Defend_HitsugiNoChaika","animator:Defend_RozenMaiden","animator:AcuraAkari+1","animator:Bozes","animator:HiiragiShinya","animator:AyaShameimaru","animator:AcuraShin+1","animator:WinryRockbell","animator:NiaHonjou","animator:OrigamiTobiichi","animator:HiedaNoAkyuu+1","animator:AyaShameimaru+1","animator:Yuuichirou","Gensokyo:AllTheWorldsEvil","animator:MeguKakizaki","animator:NiaHonjou","animator:ItamiYouji","animator:Urushihara+1","animator:Kuroyukihime+1","Spreading Infection","animator:WinryRockbell","animator:HinaKagiyama+1","animator:Curse_Dizziness","animator:Yuuichirou","animator:Kuribayashi","ReplayTheSpireMod:Black Plague","animator:Layla","infinitespire:Pacifist","infinitespire:SealOfDarkness+","ReplayTheSpireMod:Black Plague","animator:WinryRockbell+1","animator:AcuraAkari"],"relics":["animator:LivingPicture","animator:TheMissingPiece","animator:PurgingStone","Replay:Bandana","Membership Card","Guide Book","Shuriken","Replay:Mystery Machine","Bag of Marbles","Blood Vial","PreservedInsect","infinitespire:Magic Flask","animator:ShionDessert","Cursed Key","animator:WizardHat","Boot","TungstenRod","Akabeko","Ancient Tea Set","Astrolabe","animator:HeavyHalberd","Turnip","Frozen Egg 2","Cauldron","Happy Flower","infinitespire:BottledMercury"],"acts_visited":["Exordium","TheCity","TheBeyond"],"potions_floor_usage":[51,51,51],"damage_taken":[{"damage":0.0,"enemies":"Cultist","floor":1.0,"turns":2.0},{"damage":7.0,"enemies":"Jaw Worm","floor":2.0,"turns":3.0},{"damage":0.0,"enemies":"2 Louse","floor":3.0,"turns":3.0},{"damage":12.0,"enemies":"3 Sentries","floor":6.0,"turns":6.0},{"damage":1.0,"enemies":"Gremlin Nob","floor":8.0,"turns":3.0},{"damage":4.0,"enemies":"Looter","floor":10.0,"turns":3.0},{"damage":25.0,"enemies":"Lagavulin","floor":11.0,"turns":6.0},{"damage":13.0,"enemies":"3 Louse","floor":12.0,"turns":3.0},{"damage":0.0,"enemies":"2 Fungi Beasts","floor":14.0,"turns":3.0},{"damage":20.0,"enemies":"Hexaghost","floor":16.0,"turns":5.0},{"damage":11.0,"enemies":"3 Byrds","floor":18.0,"turns":5.0},{"damage":2.0,"enemies":"Chosen","floor":21.0,"turns":4.0},{"damage":9.0,"enemies":"Snecko","floor":22.0,"turns":6.0},{"damage":15.0,"enemies":"Book of Stabbing","floor":23.0,"turns":5.0},{"damage":9.0,"enemies":"Sentry and Sphere","floor":27.0,"turns":5.0},{"damage":8.0,"enemies":"Centurion and Healer","floor":29.0,"turns":6.0},{"damage":13.0,"enemies":"Gremlin Leader","floor":30.0,"turns":9.0},{"damage":5.0,"enemies":"Snecko","floor":31.0,"turns":4.0},{"damage":23.0,"enemies":"Champ","floor":33.0,"turns":9.0},{"damage":4.0,"enemies":"Orb Walker","floor":35.0,"turns":2.0},{"damage":19.0,"enemies":"3 Darklings","floor":38.0,"turns":4.0},{"damage":0.0,"enemies":"Mind Bloom Boss Battle","floor":39.0,"turns":5.0},{"damage":29.0,"enemies":"Nightmare","floor":40.0,"turns":5.0},{"damage":0.0,"enemies":"4 Shapes","floor":44.0,"turns":4.0},{"damage":2.0,"enemies":"Maw","floor":46.0,"turns":7.0},{"damage":0.0,"enemies":"R_Hoarder","floor":47.0,"turns":5.0},{"damage":2.0,"enemies":"Sphere and 2 Shapes","floor":48.0,"turns":4.0},{"damage":39.0,"enemies":"Replay:Hell Engine","floor":50.0,"turns":7.0},{"damage":33,"enemies":"Awakened One","floor":51,"turns":2}],"seed_played":"9207826418125306863","potions_obtained":[{"floor":1.0,"key":"BlessingOfTheForge"},{"floor":6.0,"key":"blueLaboratory:AbyssPotion"},{"floor":11.0,"key":"EntropicBrew"},{"floor":31.0,"key":"blueLaboratory:BottleOfRum"}],"is_trial":false,"path_per_floor":["M","M","M","?","?","E","R","E","T","M","E","M","$","M","R","B",null,"M","?","?","M","M","E","R","?","T","M","R","M","E","M","R","B",null,"M","?","?","M","?","NM","R","?","T","M","AVR","M","E","M","R_BF","B","B"],"character_chosen":"THE_ANIMATOR","items_purchased":["Replay:Bandana","animator:Mikaela","animator:Hibiki","animator:WinryRockbell","Membership Card","animator:HiiragiShinya","Guide Book","Shuriken","animator:Gillette","animator:WinryRockbell","animator:NiaHonjou","infinitespire:Magic Flask","animator:ShionDessert"],"campfire_rested":6,"item_purchase_floors":[0,0,0,0,0,0,0,0,0,13,13,13,13],"current_hp_per_floor":[54,47,47,47,47,35,53,52,52,50,27,17,17,19,37,19,51,42,42,42,42,35,22,40,40,40,33,51,45,40,43,61,38,55,53,53,53,42,44,17,35,35,35,43,43,49,57,61,61,28,0,0],"gold":795,"neow_bonus":"","is_daily":false,"chose_seed":true,"campfire_upgraded":5,"win_rate":0.0,"timestamp":1611459681,"path_taken":["M","M","?","?","?","E","R","E","T","M","E","M","$","M","R","BOSS","M","?","?","M","M","E","R","?","T","M","R","M","E","M","R","BOSS","M","?","?","?","?","NM","R","?","T","M","AVR","?","E","M","R_BF","BOSS","BOSS"],"items_purchased_type":["Relic","Card","Card","Card","Relic","Card","Relic","Relic","Card","Card","Card","Relic","Relic"],"build_version":"2020-12-22","purchased_purges":1,"victory":false,"max_hp_per_floor":[60,60,60,60,60,60,60,60,60,60,60,61,61,61,61,61,61,61,61,61,61,61,61,61,61,61,61,61,61,61,61,61,61,61,61,61,61,61,61,61,61,61,61,61,61,61,61,61,61,61,61,61],"card_choices":[{"not_picked":["animator:Ciel","animator:Elsword"],"picked":"animator:JunSakurada","floor":1.0},{"not_picked":["animator:YaoHaDucy","animator:Cocytus"],"picked":"animator:WinryRockbell","floor":2.0},{"not_picked":["animator:Viivi","animator:ChaikaBohdan"],"picked":"animator:Fredrika","floor":3.0},{"not_picked":["animator:Guy","animator:Gillette"],"picked":"animator:AcuraAkari","floor":6.0},{"not_picked":["animator:KurumiTokisaki","animator:Suigintou"],"picked":"animator:Bozes","floor":8.0},{"not_picked":["animator:LeleiLaLalena","animator:Gillette"],"picked":"animator:HiiragiShinya","floor":10.0},{"not_picked":["animator:YaoHaDucy","animator:AcuraTooru"],"picked":"animator:AyaShameimaru","floor":11.0},{"not_picked":["animator:Viivi","animator:ChaikaBohdan"],"picked":"animator:AcuraShin","floor":12.0},{"not_picked":["animator:Entoma","animator:Bozes"],"picked":"animator:OrigamiTobiichi","floor":14.0},{"not_picked":["animator:Father","animator:PinaCoLada"],"picked":"animator:HiedaNoAkyuu","floor":16.0},{"not_picked":["animator:Bozes","animator:Evileye"],"picked":"animator:AyaShameimaru","floor":18.0},{"not_picked":["animator:Suiseiseki","animator:Entoma","animator:Gillette"],"picked":"SKIP","floor":21.0},{"not_picked":["animator:Shinoa","animator:Yoichi"],"picked":"animator:Yuuichirou","floor":22.0},{"not_picked":["animator:LeleiLaLalena","animator:Viivi"],"picked":"animator:JunSakurada","floor":23.0},{"not_picked":["animator:Souseiseki","animator:Chung"],"picked":"animator:MeguKakizaki","floor":27.0},{"not_picked":["animator:RoryMercury","animator:YamaiSisters","animator:Mikaela"],"picked":"SKIP","floor":29.0},{"not_picked":["animator:Cocytus+1","animator:Mikaela"],"picked":"animator:NiaHonjou","floor":31.0},{"not_picked":["animator:FeridBathory","animator:Eve"],"picked":"animator:ItamiYouji","floor":33.0},{"not_picked":["animator:Entoma","animator:Elsword"],"picked":"animator:WinryRockbell","floor":35.0},{"not_picked":["animator:Layla","animator:AcuraTooru"],"picked":"animator:Yuuichirou","floor":38.0},{"not_picked":["animator:Raven","animator:RoryMercury"],"picked":"animator:Kuribayashi","floor":39.0},{"not_picked":["ReplayTheSpireMod:Chaos Vortex","infinitespire:FinalStrike"],"picked":"ReplayTheSpireMod:Black Plague","floor":40.0},{"not_picked":["animator:ChaikaBohdan","animator:Gillette"],"picked":"animator:Layla","floor":40.0},{"not_picked":["animator:MeguKakizaki","animator:ReineMurasame+1","animator:Clownpiece"],"picked":"SKIP","floor":44.0},{"not_picked":["animator:KaguyaHouraisan","animator:ElricAlphonse+1","animator:PandorasActor"],"picked":"SKIP","floor":46.0},{"not_picked":["animator:KomachiOnozuka+1","animator:Aisha"],"picked":"animator:WinryRockbell+1","floor":47.0},{"not_picked":["animator:AcuraTooru","animator:ChaikaBohdan"],"picked":"animator:AcuraAkari","floor":48.0}],"player_experience":901367,"relics_obtained":[{"floor":6.0,"key":"Replay:Mystery Machine"},{"floor":8.0,"key":"Bag of Marbles"},{"floor":9.0,"key":"Blood Vial"},{"floor":11.0,"key":"PreservedInsect"},{"floor":23.0,"key":"Boot"},{"floor":26.0,"key":"Akabeko"},{"floor":30.0,"key":"Ancient Tea Set"},{"floor":39.0,"key":"animator:HeavyHalberd"},{"floor":40.0,"key":"Turnip"},{"floor":43.0,"key":"Frozen Egg 2"},{"floor":47.0,"key":"Happy Flower"},{"floor":49.0,"key":"infinitespire:BottledMercury"}],"event_choices":[{"damage_healed":0.0,"max_hp_gain":0.0,"max_hp_loss":0.0,"gold_gain":0.0,"event_name":"Vampires","player_choice":"Ignored","floor":19.0,"gold_loss":0.0,"damage_taken":0.0},{"damage_healed":0.0,"max_hp_gain":0.0,"max_hp_loss":0.0,"gold_gain":0.0,"event_name":"Addict","player_choice":"Obtained Relic","floor":25.0,"gold_loss":85.0,"damage_taken":0.0,"relics_obtained":["TungstenRod"]},{"damage_healed":0.0,"max_hp_gain":0.0,"max_hp_loss":0.0,"gold_gain":0.0,"event_name":"SecretPortal","player_choice":"Ignored","floor":37.0,"gold_loss":0.0,"damage_taken":0.0},{"damage_healed":0.0,"max_hp_gain":0.0,"max_hp_loss":0.0,"gold_gain":0.0,"event_name":"MindBloom","player_choice":"Fight","floor":39.0,"gold_loss":0.0,"damage_taken":0.0}],"is_beta":false,"boss_relics":[{"not_picked":["Sozu","ReplayTheSpireMod:SealedPack"],"picked":"Cursed Key"},{"not_picked":["Velvet Choker","Coffee Dripper"],"picked":"Astrolabe"}],"items_purged_floors":[0],"is_endless":false,"potions_floor_spawned":[1,6,10,11,16,22,23,29,31,33,35,39,46],"killed_by":"Awakened One","ascension_level":20}}