{"host":"pnjthw6sukprvbcr","time":1611460844,"event":{"mods":["AchievementEnabler","BaseMod","Block Reminder","Highlight Path","Minty Spire (QoL Compilation)","Relic Stats"],"gold_per_floor":[109,121,121,140,140,140,174,174,174,174,190,42,73,98,98,217,217,241,156,0,21,35,0,0,13,37,37,37,136,136,136],"floor_reached":30,"language":"ENG","playtime":2227,"items_purged":[],"score":230,"play_id":"96955a5a-af0e-4975-b4fb-5e33be791918","local_time":"20210123230044","is_ascension_mode":false,"campfire_choices":[{"data":"Conserve Battery","floor":6,"key":"SMITH"},{"floor":8,"key":"RECALL"},{"data":"Ball Lightning","floor":10,"key":"SMITH"},{"floor":15,"key":"REST"},{"floor":28,"key":"REST"}],"circlet_count":0,"master_deck":["Strike_B","Strike_B","Strike_B","Strike_B","Defend_B","Defend_B","Defend_B","Defend_B","Zap","Dualcast","Conserve Battery+1","Leap","Ball Lightning+1","Chaos","Machine Learning","Coolheaded","White Noise","Gash","Consume","Capacitor","Creative AI","Static Discharge","Doom and Gloom","Steam+1","Gash"],"relics":["Cracked Core","Incense Burner","Golden Idol","Bottled Lightning","Orrery","Odd Mushroom","Busted Crown","Matryoshka","Toolbox","Bronze Scales","Tiny Chest"],"acts_visited":["Exordium","TheCity"],"potions_floor_usage":[7,16,16,27],"damage_taken":[{"damage":2,"enemies":"2 Louse","floor":1,"turns":2},{"damage":0,"enemies":"Small Slimes","floor":2,"turns":4},{"damage":2,"enemies":"Jaw Worm","floor":4,"turns":3},{"damage":6,"enemies":"Gremlin Nob","floor":7,"turns":5},{"damage":1,"enemies":"Exordium Wildlife","floor":11,"turns":3},{"damage":14,"enemies":"The Mushroom Lair","floor":13,"turns":4},{"damage":0,"enemies":"Blue Slaver","floor":14,"turns":3},{"damage":34,"enemies":"Slime Boss","floor":16,"turns":12},{"damage":12,"enemies":"Spheric Guardian","floor":18,"turns":4},{"damage":12,"enemies":"Shell Parasite","floor":21,"turns":6},{"damage":0,"enemies":"Shelled Parasite and Fungi","floor":22,"turns":8},{"damage":18,"enemies":"Centurion and Healer","floor":25,"turns":7},{"damage":10,"enemies":"Snecko","floor":27,"turns":3},{"damage":46,"enemies":"Gremlin Leader","floor":30,"turns":7}],"seed_played":"6426427146892429065","potions_obtained":[{"floor":1,"key":"Ancient Potion"},{"floor":2,"key":"CultistPotion"},{"floor":7,"key":"LiquidMemories"},{"floor":25,"key":"SmokeBomb"}],"is_trial":false,"path_per_floor":["M","M","?","M","?","R","E","R","T","R","M","$","?","M","R","B",null,"M","?","$","M","M","?","$","M","T","M","R","?","E"],"character_chosen":"DEFECT","items_purchased":["Orrery","Toolbox"],"campfire_rested":2,"item_purchase_floors":[12,20],"current_hp_per_floor":[66,66,66,64,47,47,41,41,41,41,40,40,26,26,46,12,68,56,56,56,44,44,44,44,26,26,16,36,36,0,0],"gold":136,"neow_bonus":"ONE_RARE_RELIC","is_daily":false,"chose_seed":false,"campfire_upgraded":2,"win_rate":0.0,"timestamp":1611460844,"path_taken":["M","M","?","M","?","R","E","R","T","R","M","$","?","M","R","BOSS","M","?","$","M","M","?","?","M","T","?","R","?","E"],"items_purchased_type":["Relic","Relic"],"build_version":"2020-12-22","purchased_purges":0,"victory":false,"max_hp_per_floor":[68,68,68,68,68,68,68,68,68,68,68,68,68,68,68,68,68,68,68,68,68,68,68,68,68,68,68,68,68,68,68],"relic_stats":{"Busted Crown":8,"counters":[14,71],"Golden Idol":63,"Bronze Scales":[30],"Tiny Chest":0,"obtain_stats":[{"Busted Crown":17,"Matryoshka":19,"Golden Idol":5,"Bronze Scales":26,"Orrery":12,"Toolbox":20,"Tiny Chest":26,"Incense Burner":0,"Bottled Lightning":7,"Odd Mushroom":13,"Cracked Core":0},{"Busted Crown":8,"Matryoshka":9,"Golden Idol":3,"Bronze Scales":12,"Orrery":5,"Toolbox":9,"Tiny Chest":12,"Incense Burner":0,"Bottled Lightning":4,"Odd Mushroom":6,"Cracked Core":0},{"Busted Crown":36,"Matryoshka":40,"Golden Idol":9,"Bronze Scales":61,"Orrery":17,"Toolbox":40,"Tiny Chest":61,"Incense Burner":0,"Bottled Lightning":14,"Odd Mushroom":21,"Cracked Core":0}]},"card_choices":[{"not_picked":["Rip and Tear","Steam Power"],"picked":"Conserve Battery","floor":1},{"not_picked":["Redo","Melter"],"picked":"Leap","floor":2},{"not_picked":["Rebound","Storm","Sunder"],"picked":"SKIP","floor":4},{"not_picked":["Leap","Lockon"],"picked":"Ball Lightning","floor":7},{"not_picked":["Consume","Sweeping Beam"],"picked":"Chaos","floor":11},{"not_picked":["Ball Lightning","Reinforced Body"],"picked":"Machine Learning","floor":12},{"not_picked":["Compile Driver","Cold Snap"],"picked":"Coolheaded","floor":12},{"not_picked":["Beam Cell","FTL"],"picked":"White Noise","floor":12},{"not_picked":["Conserve Battery","Reinforced Body"],"picked":"Gash","floor":12},{"not_picked":["Stack","Conserve Battery"],"picked":"Consume","floor":12},{"not_picked":["Barrage","Hello World"],"picked":"Capacitor","floor":13},{"not_picked":["Conserve Battery","Sweeping Beam","All For One"],"picked":"SKIP","floor":14},{"not_picked":["Meteor Strike","Amplify"],"picked":"Creative AI","floor":16},{"not_picked":[],"picked":"Static Discharge","floor":18},{"not_picked":[],"picked":"Doom and Gloom","floor":21},{"not_picked":[],"picked":"Steam+1","floor":22},{"not_picked":[],"picked":"Gash","floor":25}],"player_experience":146803,"relics_obtained":[{"floor":7,"key":"Bottled Lightning"},{"floor":13,"key":"Odd Mushroom"},{"floor":26,"key":"Bronze Scales"},{"floor":26,"key":"Tiny Chest"}],"event_choices":[{"damage_healed":0,"gold_gain":0,"player_choice":"Ignored","damage_taken":0,"max_hp_gain":0,"max_hp_loss":0,"event_name":"Liars Game","floor":3,"gold_loss":0},{"damage_healed":0,"gold_gain":0,"player_choice":"Take Damage","damage_taken":17,"relics_obtained":["Golden Idol"],"max_hp_gain":0,"max_hp_loss":0,"event_name":"Golden Idol","floor":5,"gold_loss":0},{"damage_healed":0,"gold_gain":0,"player_choice":"Fought Mushrooms","damage_taken":0,"max_hp_gain":0,"max_hp_loss":0,"event_name":"Mushrooms","floor":13,"gold_loss":0},{"damage_healed":0,"gold_gain":0,"player_choice":"Obtained Relic","damage_taken":0,"relics_obtained":["Matryoshka"],"max_hp_gain":0,"max_hp_loss":0,"event_name":"Addict","floor":19,"gold_loss":85},{"damage_healed":0,"gold_gain":0,"player_choice":"Paid Fearfully","damage_taken":0,"max_hp_gain":0,"max_hp_loss":0,"event_name":"Masked Bandits","floor":23,"gold_loss":35},{"damage_healed":0,"gold_gain":99,"player_choice":"Stole From Cult","damage_taken":0,"max_hp_gain":0,"max_hp_loss":0,"event_name":"Nest","floor":29,"gold_loss":0}],"is_beta":false,"boss_relics":[{"not_picked":["Ectoplasm","Velvet Choker"],"picked":"Busted Crown"}],"items_purged_floors":[],"is_endless":false,"potions_floor_spawned":[1,2,7,25,27],"killed_by":"Gremlin Leader","ascension_level":0}}