{"host":"Jinnai","time":1612114908,"event":{"mods":["BaseMod","Bestiary","Block Reminder","Colored Map","Colored Powertips","Highlight Path","Minty Spire (QoL Compilation)","Quick Restart","Relic Stats","StSLib"],"gold_per_floor":[114,124,124,136,156,156,169,188,213,213,41,57,57,57],"floor_reached":13,"language":"ENG","playtime":361,"items_purged":[],"score":158,"play_id":"476e8c26-cc7c-4530-8089-d5915240405c","local_time":"20210131124148","is_ascension_mode":true,"campfire_choices":[{"floor":6,"key":"REST"},{"data":"Doom and Gloom","floor":10,"key":"SMITH"}],"circlet_count":0,"master_deck":["AscendersBane","Strike_B","Strike_B","Strike_B","Strike_B","Defend_B","Defend_B","Defend_B","Defend_B","Zap","Dualcast","Writhe","Transmutation","Doom and Gloom+1","Ball Lightning","Sweeping Beam","Undo","Gash","Self Repair","Rebound"],"relics":["Cracked Core","Toy Ornithopter","Strawberry","Potion Belt"],"acts_visited":["Exordium"],"potions_floor_usage":[8,12,13],"damage_taken":[{"damage":0,"enemies":"Cultist","floor":1,"turns":2},{"damage":0,"enemies":"2 Louse","floor":2,"turns":2},{"damage":4,"enemies":"Jaw Worm","floor":4,"turns":3},{"damage":34,"enemies":"Exordium Thugs","floor":5,"turns":3},{"damage":12,"enemies":"Looter","floor":7,"turns":3},{"damage":7,"enemies":"Lots of Slimes","floor":8,"turns":2},{"damage":19,"enemies":"Gremlin Gang","floor":12,"turns":4},{"damage":25,"enemies":"Lagavulin","floor":13,"turns":4}],"seed_played":"-1510874286926650085","potions_obtained":[{"floor":2,"key":"LiquidBronze"},{"floor":5,"key":"Weak Potion"},{"floor":8,"key":"Fire Potion"}],"is_trial":false,"path_per_floor":["M","M","?","M","M","R","M","M","T","R","$","M","E"],"character_chosen":"DEFECT","items_purchased":["Potion Belt"],"campfire_rested":1,"item_purchase_floors":[11],"current_hp_per_floor":[64,64,46,42,8,29,17,15,22,22,22,15,0,0],"gold":57,"neow_bonus":"RANDOM_COLORLESS_2","is_daily":false,"chose_seed":false,"campfire_upgraded":1,"win_rate":0.0,"timestamp":1612114908,"path_taken":["M","M","?","M","M","R","M","M","T","R","$","M","E"],"items_purchased_type":["Relic"],"build_version":"2020-12-18","purchased_purges":0,"victory":false,"max_hp_per_floor":[71,71,71,71,71,71,71,71,78,78,78,78,78,78],"relic_stats":{"counters":[8,23],"obtain_stats":[{"Potion Belt":11,"Strawberry":9,"Cracked Core":0,"Toy Ornithopter":3},{"Potion Belt":6,"Strawberry":6,"Cracked Core":0,"Toy Ornithopter":2},{"Potion Belt":15,"Strawberry":15,"Cracked Core":0,"Toy Ornithopter":4}],"Toy Ornithopter":15},"card_choices":[{"not_picked":["Metamorphosis","Chrysalis"],"picked":"Transmutation","floor":0},{"not_picked":["Beam Cell","Go for the Eyes"],"picked":"Doom and Gloom","floor":1},{"not_picked":["Auto Shields","Coolheaded"],"picked":"Ball Lightning","floor":2},{"not_picked":["Compile Driver","Streamline"],"picked":"Sweeping Beam","floor":4},{"not_picked":["Conserve Battery","Rebound"],"picked":"Undo","floor":5},{"not_picked":["Leap","Turbo"],"picked":"Gash","floor":7},{"not_picked":["Barrage","Streamline"],"picked":"Self Repair","floor":8},{"not_picked":["Go for the Eyes","Reboot"],"picked":"Rebound","floor":12}],"player_experience":1619942,"relics_obtained":[{"floor":9,"key":"Strawberry"}],"event_choices":[{"damage_healed":0,"gold_gain":0,"player_choice":"Success","damage_taken":18,"relics_obtained":["Toy Ornithopter"],"max_hp_gain":0,"max_hp_loss":0,"event_name":"Scrap Ooze","floor":3,"gold_loss":0}],"is_beta":true,"boss_relics":[],"items_purged_floors":[],"is_endless":false,"potions_floor_spawned":[2,5,7,8],"killed_by":"Lagavulin","ascension_level":20}}