{"host":"9l1knhxfturzliqa","time":1612073337,"event":{"mods":["BaseMod","Colored Map","Colored Powertips","DeckTracker","Highlight Path","Keyboard Shortcuts","Minty Spire (QoL Compilation)","Random Character Button"],"gold_per_floor":[119,44,194,194,210,242,242,262,262,262,275,275,286,319,319,395,395,407,68,68,85,97,97,97],"floor_reached":23,"language":"KOR","playtime":4904,"items_purged":["Endless Agony"],"score":451,"play_id":"2fd07fd8-b740-4297-89d7-634fbbed5e37","local_time":"20210131150857","is_ascension_mode":true,"campfire_choices":[{"data":"Backflip","floor":7.0,"key":"SMITH"},{"data":"Neutralize","floor":10.0,"key":"SMITH"},{"data":"Deadly Poison","floor":12.0,"key":"SMITH"},{"floor":15.0,"key":"REST"}],"circlet_count":0,"master_deck":["AscendersBane","Survivor","Neutralize+1","Backflip+1","Deflect","Catalyst","PiercingWail","Deadly Poison+1","Acrobatics","Prepared","Night Terror","Footwork","Predator","Quick Slash","Deadly Poison","Bullet Time","Choke","Skewer","A Thousand Cuts","Prepared"],"relics":["Ring of the Snake","NeowsBlessing","Spirit Poop","Mango","Tough Bandages","Boot","Pandora\u0027s Box","Sundial","MutagenicStrength"],"acts_visited":["Exordium","TheCity"],"potions_floor_usage":[],"damage_taken":[{"damage":0.0,"enemies":"Small Slimes","floor":1.0,"turns":1.0},{"damage":0.0,"enemies":"Jaw Worm","floor":5.0,"turns":1.0},{"damage":0.0,"enemies":"Lagavulin","floor":6.0,"turns":1.0},{"damage":8.0,"enemies":"Cultist","floor":8.0,"turns":6.0},{"damage":0.0,"enemies":"Blue Slaver","floor":11.0,"turns":7.0},{"damage":0.0,"enemies":"3 Louse","floor":13.0,"turns":5.0},{"damage":55.0,"enemies":"Gremlin Nob","floor":14.0,"turns":6.0},{"damage":22.0,"enemies":"The Guardian","floor":16.0,"turns":13.0},{"damage":16.0,"enemies":"2 Thieves","floor":18.0,"turns":5.0},{"damage":5.0,"enemies":"Shell Parasite","floor":21.0,"turns":5.0},{"damage":6.0,"enemies":"Snecko","floor":22.0,"turns":5.0},{"damage":57,"enemies":"Gremlin Leader","floor":23,"turns":7}],"seed_played":"730025787262854494","potions_obtained":[{"floor":5.0,"key":"PowerPotion"},{"floor":6.0,"key":"BlessingOfTheForge"},{"floor":11.0,"key":"Regen Potion"}],"is_trial":false,"path_per_floor":["M","?","?","?","M","E","R","M","T","R","M","R","M","E","R","B",null,"M","$","?","M","M","E"],"character_chosen":"THE_SILENT","items_purchased":["Sundial"],"campfire_rested":1,"item_purchase_floors":[19],"current_hp_per_floor":[59,59,59,59,59,73,73,65,65,65,65,65,65,10,34,12,63,47,47,47,56,50,0,0],"gold":97,"neow_bonus":"THREE_ENEMY_KILL","is_daily":false,"chose_seed":false,"campfire_upgraded":3,"win_rate":0.0,"timestamp":1612073337,"path_taken":["M","?","?","?","M","E","R","M","T","R","?","R","M","E","R","BOSS","M","$","?","M","M","E"],"items_purchased_type":["Relic"],"build_version":"2020-12-22","purchased_purges":1,"victory":false,"max_hp_per_floor":[66,66,66,66,66,80,80,80,80,80,80,80,80,80,80,80,80,80,80,80,80,80,80,80],"card_choices":[{"not_picked":["Quick Slash","Eviscerate"],"picked":"Backflip","floor":1.0},{"not_picked":["Outmaneuver","Backflip"],"picked":"Deflect","floor":5.0},{"not_picked":["Underhanded Strike","Dodge and Roll"],"picked":"Catalyst","floor":6.0},{"not_picked":["Acrobatics","Setup"],"picked":"PiercingWail","floor":8.0},{"not_picked":["Slice","Dodge and Roll"],"picked":"Deadly Poison","floor":11.0},{"not_picked":["Die Die Die","Dagger Throw"],"picked":"Acrobatics","floor":13.0},{"not_picked":["Riddle With Holes","Concentrate"],"picked":"Prepared","floor":14.0},{"not_picked":["Bullet Time","Die Die Die"],"picked":"Night Terror","floor":16.0},{"not_picked":["PiercingWail","Backflip"],"picked":"Prepared","floor":18.0},{"not_picked":["Underhanded Strike","Acrobatics","Distraction"],"picked":"SKIP","floor":21.0},{"not_picked":["PiercingWail","Underhanded Strike","Dash"],"picked":"SKIP","floor":22.0}],"player_experience":564432,"relics_obtained":[{"floor":6.0,"key":"Mango"},{"floor":9.0,"key":"Tough Bandages"},{"floor":14.0,"key":"Boot"}],"event_choices":[{"cards_removed":["Strike_G"],"damage_healed":0.0,"max_hp_gain":0.0,"max_hp_loss":0.0,"gold_gain":0.0,"event_name":"The Cleric","player_choice":"Card Removal","floor":2.0,"gold_loss":75.0,"damage_taken":0.0},{"damage_healed":0.0,"max_hp_gain":0.0,"max_hp_loss":0.0,"gold_gain":150.0,"event_name":"Liars Game","player_choice":"AGREE","floor":3.0,"gold_loss":0.0,"damage_taken":0.0,"cards_obtained":["Doubt"]},{"cards_removed":["Doubt"],"damage_healed":0.0,"max_hp_gain":0.0,"max_hp_loss":0.0,"gold_gain":0.0,"event_name":"Bonfire Elementals","player_choice":"Offered Curse","floor":4.0,"gold_loss":0.0,"damage_taken":0.0,"relics_obtained":["Spirit Poop"]},{"damage_healed":0.0,"max_hp_gain":0.0,"max_hp_loss":0.0,"gold_gain":0.0,"event_name":"Drug Dealer","player_choice":"Inject Mutagens","floor":20.0,"gold_loss":0.0,"damage_taken":0.0,"relics_obtained":["MutagenicStrength"]}],"is_beta":false,"boss_relics":[{"not_picked":["Black Star","SacredBark"],"picked":"Pandora\u0027s Box"}],"items_purged_floors":[19],"is_endless":false,"potions_floor_spawned":[5,6,11],"killed_by":"Gremlin Leader","ascension_level":20}}