{"host":"2x189hkb4impm2gi","time":1612128460,"event":{"mods":["BaseMod","Colored Map","Colored Powertips","Minty Spire (QoL Compilation)"],"gold_per_floor":[117,129,404,416,434,464,539,539,539,554,554,554],"floor_reached":11,"language":"ENG","playtime":685,"items_purged":[],"score":75,"play_id":"186d600d-e217-4658-bfe0-f796eca3d019","local_time":"20210131162740","is_ascension_mode":false,"campfire_choices":[{"data":"Rage","floor":8,"key":"SMITH"}],"circlet_count":0,"master_deck":["Strike_R","Strike_R","Strike_R","Strike_R","Strike_R","Defend_R","Defend_R","Defend_R","Defend_R","Bash","Sword Boomerang","Shrug It Off","Regret","Pommel Strike","Spot Weakness","Rage+1","Dropkick"],"relics":["Burning Blood","Shuriken","Pocketwatch"],"acts_visited":["Exordium"],"potions_floor_usage":[6],"damage_taken":[{"damage":16,"enemies":"Jaw Worm","floor":1,"turns":6},{"damage":6,"enemies":"Cultist","floor":2,"turns":3},{"damage":10,"enemies":"2 Louse","floor":4,"turns":3},{"damage":16,"enemies":"Large Slime","floor":5,"turns":9},{"damage":41,"enemies":"Lagavulin","floor":6,"turns":6},{"damage":6,"enemies":"2 Fungi Beasts","floor":10,"turns":3},{"damage":33,"enemies":"Gremlin Nob","floor":11,"turns":3}],"seed_played":"-910435023845188811","potions_obtained":[{"floor":4,"key":"Strength Potion"}],"is_trial":false,"path_per_floor":["M","M","?","M","M","E","?","R","T","M","E"],"character_chosen":"IRONCLAD","items_purchased":[],"campfire_rested":0,"item_purchase_floors":[],"current_hp_per_floor":[78,78,78,74,64,29,18,18,18,18,0,0],"gold":554,"neow_bonus":"TEN_PERCENT_HP_BONUS","is_daily":false,"chose_seed":false,"campfire_upgraded":1,"win_rate":0.0,"timestamp":1612128460,"path_taken":["M","M","?","M","?","E","?","R","T","M","E"],"items_purchased_type":[],"build_version":"2020-12-22","purchased_purges":0,"victory":false,"max_hp_per_floor":[88,88,88,88,88,88,88,88,88,88,88,88],"card_choices":[{"not_picked":["Warcry","Burning Pact"],"picked":"Sword Boomerang","floor":1},{"not_picked":["Searing Blow","Dropkick"],"picked":"Shrug It Off","floor":2},{"not_picked":["Clash","Reckless Charge"],"picked":"Pommel Strike","floor":4},{"not_picked":["Clothesline","Infernal Blade"],"picked":"Spot Weakness","floor":5},{"not_picked":["Corruption","Thunderclap"],"picked":"Rage","floor":6},{"not_picked":["Clothesline","Burning Pact"],"picked":"Dropkick","floor":10}],"player_experience":14173,"relics_obtained":[{"floor":6,"key":"Shuriken"},{"floor":9,"key":"Pocketwatch"}],"event_choices":[{"damage_healed":0,"gold_gain":275,"player_choice":"Desecrate","damage_taken":0,"max_hp_gain":0,"max_hp_loss":0,"event_name":"Golden Shrine","floor":3,"gold_loss":0,"cards_obtained":["Regret"]},{"damage_healed":0,"gold_gain":75,"player_choice":"Gather Gold","damage_taken":11,"max_hp_gain":0,"max_hp_loss":0,"event_name":"World of Goop","floor":7,"gold_loss":0}],"is_beta":false,"boss_relics":[],"items_purged_floors":[],"is_endless":false,"potions_floor_spawned":[4],"killed_by":"Gremlin Nob","ascension_level":0}}