{"host":"t7rtdu4954o308h4","time":1612079631,"event":{"mods":["ATMod(阿瑾Mod)","Arknights","BaseMod","Conspire","Highlight Path","Hubris","Infinite Spire","Minty Spire (QoL Compilation)","MostiFishMod","Replay The Spire","Shop Mod","StSLib","TestMod","Waifu the Spire","【遗物卡牌】REMEMod"],"gold_per_floor":[113,113,28,28,43,43,69,81,158,158,26,56,56,56,56,153,153,164,80,80,30,43,43,75,75,75,75,92,110,127,127,127,27,27],"floor_reached":33,"language":"ZHS","playtime":1860,"items_purged":["ats:Strike S","ats:Defend"],"score":350,"play_id":"3d9ab5a4-24bb-4fb5-9814-10e2c360044c","local_time":"20210131155351","is_ascension_mode":true,"campfire_choices":[{"data":"ats:Blood Oath","floor":6.0,"key":"SMITH"},{"data":"ats:Mental Burst","floor":10.0,"key":"SMITH"},{"floor":13.0,"key":"REST"},{"data":"AT_FamilyPortrait","floor":15.0,"key":"SMITH"},{"data":"ats:Volcano","floor":23.0,"key":"SMITH"},{"data":"ats:Emotion Absorption","floor":25,"key":"SMITH"},{"floor":27,"key":"REST"},{"data":"ats:Assault Order","floor":32,"key":"SMITH"}],"circlet_count":0,"master_deck":["hubris:Hubris","ats:Strike C","ats:Strike G","ats:Strike V","ats:Armor Crushing Shot","ats:Defend","ats:Emotion Absorption+1","Wireheading","AT_FamilyPortrait+1","ats:Blood Oath+1","ats:Chain Hook","CurseOfTheBell","ats:Closed Bolt Burst Fire","ats:Soul Absorption","ats:Guardian Obelisk","ats:Mental Burst+1","ats:Red Shift","ats:Volcano+1","ats:Song Of Battle","Violence","ats:Durian","ats:Shell Defense+1","ats:Sashimi Platter+1","ats:Assault Order+1","ats:Very Hot Blade+1"],"relics":["ats:Sanity","AT_ATBox","DaveBox","testmod-TestBox","REME_ComplimentaryCards","testmod-Fortitude","Medical Kit","SynthV:TestCard","Replay:Wax Seal","infinitespire:BottledMercury","Counterbalance","ats:Originium","testmod-DragonStarHat","ats:Industrial Water Cannon","REME_HandOfSuture","StrikeDummy","hubris:Icosahedron","testmod-NegativeEmotionEnhancer","DiscerningMonocle","ReplayTheSpireMod:Lightbulb","Lantern","MerchantsRug","Pen Nib","ats:Emergency Defibrillator","hubris:Towel"],"acts_visited":["Exordium","TheCity"],"potions_floor_usage":[24,24,24,33],"damage_taken":[{"damage":0.0,"enemies":"Small Slimes","floor":1.0,"turns":3.0},{"damage":0.0,"enemies":"Jaw Worm","floor":5.0,"turns":3.0},{"damage":37.0,"enemies":"Lagavulin","floor":7.0,"turns":6.0},{"damage":14.0,"enemies":"conspire:RoseBush","floor":8.0,"turns":3.0},{"damage":6.0,"enemies":"Gremlin Nob","floor":12.0,"turns":3.0},{"damage":33.0,"enemies":"Fading Forest","floor":16.0,"turns":10.0},{"damage":8.0,"enemies":"conspire:FuzzyDice","floor":18.0,"turns":4.0},{"damage":31.0,"enemies":"2 Thieves","floor":19.0,"turns":4.0},{"damage":8.0,"enemies":"Centurion and Healer","floor":22.0,"turns":3.0},{"damage":36,"enemies":"conspire:SneckoGhost","floor":24,"turns":3},{"damage":24,"enemies":"Snake Plant","floor":28,"turns":2},{"damage":7,"enemies":"Snecko","floor":29,"turns":3},{"damage":12,"enemies":"3 Cultists","floor":30,"turns":3},{"damage":84,"enemies":"Collector","floor":33,"turns":6}],"seed_played":"-1958854860228139229","potions_obtained":[{"floor":16.0,"key":"FearPotion"},{"floor":22.0,"key":"Adrenaline Potion"},{"floor":24,"key":"testmod-TestPotion"},{"floor":29,"key":"Elixir"}],"is_trial":false,"path_per_floor":["M","?","$","?","M","R","E","M","T","R","$","E","R","?","R","B",null,"M","M","?","$","M","R","E","R","T","R","M","M","M","?","R","B"],"character_chosen":"DOCTOR_CLASS","items_purchased":["ats:Closed Bolt Burst Fire","ats:Soul Absorption","REME_HandOfSuture","DiscerningMonocle","ReplayTheSpireMod:Lightbulb","Lantern","Regen Potion","ats:Top Emergency Sanity Potion","Violence","ats:Durian","MerchantsRug"],"campfire_rested":2,"item_purchase_floors":[3,3,11,21,21,21,21,21,21,21,21],"current_hp_per_floor":[72,72,72,65,68,68,40,26,26,26,26,20,41,41,41,28,72,69,41,41,41,41,41,21,21,21,43,26,64,70,70,70,0,0],"gold":27,"neow_bonus":"THREE_CARDS","is_daily":false,"chose_seed":false,"campfire_upgraded":6,"win_rate":0.0,"timestamp":1612079631,"path_taken":["M","?","?","?","M","R","E","?","T","R","$","E","R","?","R","BOSS","M","M","?","$","M","R","E","R","T","R","M","M","M","?","R","BOSS"],"items_purchased_type":["Card","Card","Relic","Relic","Relic","Relic","Potion","Potion","Card","Card","Relic"],"build_version":"2020-12-22","purchased_purges":2,"victory":false,"max_hp_per_floor":[72,72,72,72,72,72,72,72,72,72,72,72,72,72,72,72,72,73,74,74,74,75,75,76,76,76,76,77,78,79,79,79,79,79],"card_choices":[{"not_picked":["ats:Absolute Focus","ats:Magnetic Hammer"],"picked":"ats:Blood Oath","floor":0.0},{"not_picked":["ats:Flexible Camouflage","ats:Blood Oath"],"picked":"ats:Chain Hook","floor":1.0},{"not_picked":["ats:Very Hot Blade","ats:Cat Scratch","ats:Ignite","ats:Shadow Raid"],"picked":"ats:Guardian Obelisk","floor":5.0},{"not_picked":["ats:Directed Diagnosis","ats:Spore Proliferation","ats:Assault Order","ats:Explosion Area Strengthen"],"picked":"ats:Mental Burst","floor":7.0},{"not_picked":["ats:Healing Drone","ats:Explosion Area Strengthen","ats:Durian","ats:Apocalypse"],"picked":"ats:Red Shift","floor":8.0},{"not_picked":["ats:Closed Bolt Burst Fire","ats:Apocalypse","ats:Flexible Camouflage","ats:Soul Rend","ats:Powerful Strike"],"picked":"SKIP","floor":12.0},{"not_picked":["ats:Soul Rend","ats:True Silver Slash","ats:Fractured Body","ats:Dogmatic Field"],"picked":"ats:Volcano","floor":16.0},{"not_picked":["ats:Healing Strengthening","ats:Shadow Raid+1","ats:Closed Bolt Burst Fire","ats:Absolute Focus"],"picked":"ats:Song Of Battle","floor":18.0},{"not_picked":["ats:Red Shift","ats:Leaping Hammer","ats:Powerful Strike+1","ats:Soul Absorption","ats:Explosion Area Strengthen+1"],"picked":"SKIP","floor":19.0},{"not_picked":["ats:Explosion Area Strengthen+1","ats:Leaping Hammer","ats:Calcification","ats:Flexible Camouflage"],"picked":"ats:Shell Defense+1","floor":22.0},{"not_picked":["ats:Revitalization","ats:Hook Shot","ats:Flexible Camouflage","ats:Soul Absorption","ats:Leaping Hammer"],"picked":"SKIP","floor":24},{"not_picked":["ats:Closed Bolt Burst Fire+1","ats:Explosion Area Strengthen+1","ats:Mental Burst","ats:Poison Spread+1"],"picked":"ats:Sashimi Platter+1","floor":28},{"not_picked":["ats:Absolute Focus","ats:Poison Spread","ats:Spore Proliferation","ats:Flexible Camouflage"],"picked":"ats:Assault Order","floor":29},{"not_picked":["ats:Guard Mode+1","ats:Blood Oath","ats:Shell Defense","ats:Neurotoxin+1"],"picked":"ats:Very Hot Blade+1","floor":30}],"player_experience":65647,"relics_obtained":[{"floor":1.0,"key":"SynthV:TestCard"},{"floor":2.0,"key":"Replay:Wax Seal"},{"floor":2.0,"key":"infinitespire:BottledMercury"},{"floor":2.0,"key":"Counterbalance"},{"floor":7.0,"key":"ats:Originium"},{"floor":7.0,"key":"testmod-DragonStarHat"},{"floor":9.0,"key":"ats:Industrial Water Cannon"},{"floor":12.0,"key":"ats:Originium"},{"floor":12.0,"key":"StrikeDummy"},{"floor":24,"key":"ats:Originium"},{"floor":24,"key":"Pen Nib"},{"floor":26,"key":"ats:Emergency Defibrillator"}],"event_choices":[{"damage_healed":0.0,"max_hp_gain":0.0,"max_hp_loss":0.0,"gold_gain":0.0,"event_name":"给自己的盒子","player_choice":"Swap Relic","floor":2.0,"relics_lost":["Calling Bell"],"gold_loss":0.0,"damage_taken":0.0,"relics_obtained":["Calling Bell"]},{"cards_removed":["ats:Defend"],"damage_healed":0.0,"max_hp_gain":0.0,"max_hp_loss":0.0,"gold_gain":0.0,"event_name":"Golden Wing","player_choice":"Card Removal","floor":4.0,"gold_loss":0.0,"damage_taken":7.0},{"cards_removed":["ats:Defend"],"damage_healed":0.0,"max_hp_gain":0.0,"max_hp_loss":0.0,"gold_gain":0.0,"event_name":"Back to Basics","player_choice":"Elegance","floor":20.0,"gold_loss":0.0,"damage_taken":0.0}],"is_beta":false,"boss_relics":[{"not_picked":["Honey Jar","TimeKeys"],"picked":"testmod-NegativeEmotionEnhancer"}],"items_purged_floors":[11,21],"is_endless":false,"potions_floor_spawned":[16,22,24,29],"killed_by":"Collector","ascension_level":2}}