{"host":"6xsbn6ynqlzwllfm","time":1612084874,"event":{"mods":["2.2 Compatiblity","BaseMod","Bestiary","Colored Map","Colored Powertips","Curses Come First","Highlight Path","Keyboard Shortcuts","Minty Spire (QoL Compilation)","Relic Stats","Slay the Relics Exporter","StSLib","SuperFastMode"],"gold_per_floor":[117,117,77,89,106,132,132,159,159,159,174,99,99,134,134,212,212,231,156,156,175,38,88,88,88,88],"floor_reached":25,"language":"ENG","playtime":615,"items_purged":["Defend_P","Strike_P"],"score":674,"play_id":"d34c6841-28c3-472c-8e6f-e792fdb8e64c","local_time":"20210131042114","is_ascension_mode":true,"campfire_choices":[{"data":"Tantrum","floor":10.0,"key":"SMITH"},{"data":"SashWhip","floor":13.0,"key":"SMITH"},{"data":"SandsOfTime","floor":15,"key":"SMITH"},{"data":"BattleHymn","floor":24,"key":"SMITH"}],"circlet_count":0,"master_deck":["AscendersBane","Strike_P+1","Defend_P+1","Defend_P","Defend_P","Eruption","Vigilance","FollowUp","Swivel","Tantrum+1","SashWhip+1","SandsOfTime+1","Wish","Halt","BattleHymn+1","Protect"],"relics":["PureWater","Oddly Smooth Stone","TeardropLocket","Blue Candle","Ginger","SacredBark","Dead Branch","Ice Cream"],"acts_visited":["Exordium","TheCity"],"potions_floor_usage":[14,25],"damage_taken":[{"damage":0.0,"enemies":"Cultist","floor":1.0,"turns":3.0},{"damage":6.0,"enemies":"2 Louse","floor":4.0,"turns":2.0},{"damage":0.0,"enemies":"Jaw Worm","floor":5.0,"turns":4.0},{"damage":16.0,"enemies":"Gremlin Nob","floor":6.0,"turns":3.0},{"damage":0.0,"enemies":"Lagavulin","floor":8.0,"turns":5.0},{"damage":0.0,"enemies":"Looter","floor":11.0,"turns":2.0},{"damage":15,"enemies":"3 Sentries","floor":14,"turns":5},{"damage":0,"enemies":"Slime Boss","floor":16,"turns":4},{"damage":17,"enemies":"Shell Parasite","floor":18,"turns":8},{"damage":9,"enemies":"3 Byrds","floor":21,"turns":4},{"damage":0,"enemies":"Gremlin Leader","floor":23,"turns":5},{"damage":31,"enemies":"Slavers","floor":25,"turns":4}],"seed_played":"8338790294617436085","potions_obtained":[{"floor":3.0,"key":"Ambrosia"},{"floor":3.0,"key":"SneckoOil"},{"floor":3.0,"key":"EssenceOfSteel"},{"floor":4.0,"key":"PowerPotion"},{"floor":8.0,"key":"FearPotion"},{"floor":16,"key":"LiquidBronze"},{"floor":23,"key":"Dexterity Potion"}],"is_trial":false,"path_per_floor":["M","?","?","M","M","E","?","E","T","R","M","$","R","E","R","B",null,"M","?","T","M","$","E","R","E"],"character_chosen":"WATCHER","items_purchased":["BattleHymn"],"campfire_rested":0,"item_purchase_floors":[22],"current_hp_per_floor":[67,45,45,39,39,23,16,16,16,16,16,16,16,1,1,1,56,39,39,39,30,30,30,30,0,0],"gold":88,"neow_bonus":"TEN_PERCENT_HP_BONUS","is_daily":false,"chose_seed":false,"campfire_upgraded":4,"win_rate":0.0,"timestamp":1612084874,"path_taken":["M","?","?","M","?","E","?","E","T","R","M","$","R","E","R","BOSS","M","?","?","M","$","E","R","E"],"items_purchased_type":["Card"],"build_version":"2020-12-22","purchased_purges":2,"victory":false,"max_hp_per_floor":[74,74,74,74,74,74,74,74,74,74,74,74,74,74,74,74,74,74,74,74,74,74,74,74,74,74],"relic_stats":{"counters":[12,49],"Blue Candle":[0],"Dead Branch":[12],"Ginger":[0],"obtain_stats":[{"Ice Cream":23,"Blue Candle":9,"SacredBark":17,"Dead Branch":20,"Oddly Smooth Stone":6,"TeardropLocket":8,"Ginger":14,"PureWater":0},{"Ice Cream":11,"Blue Candle":5,"SacredBark":8,"Dead Branch":9,"Oddly Smooth Stone":4,"TeardropLocket":5,"Ginger":7,"PureWater":0},{"Ice Cream":45,"Blue Candle":17,"SacredBark":28,"Dead Branch":36,"Oddly Smooth Stone":12,"TeardropLocket":17,"Ginger":24,"PureWater":0}]},"card_choices":[{"not_picked":["FearNoEvil","CrushJoints"],"picked":"FollowUp","floor":1.0},{"not_picked":["PathToVictory","CutThroughFate"],"picked":"Swivel","floor":4.0},{"not_picked":["ClearTheMind","PathToVictory"],"picked":"Tantrum","floor":5.0},{"not_picked":["Nirvana","Sanctity"],"picked":"SashWhip","floor":6.0},{"not_picked":["PathToVictory","DevaForm"],"picked":"SandsOfTime","floor":8.0},{"not_picked":["Alpha","Establishment"],"picked":"Wish","floor":16},{"not_picked":["Evaluate","Crescendo"],"picked":"Halt","floor":21},{"not_picked":["WreathOfFlame","Vengeance"],"picked":"Protect","floor":23}],"player_experience":1336179,"relics_obtained":[{"floor":6.0,"key":"Oddly Smooth Stone"},{"floor":8.0,"key":"TeardropLocket"},{"floor":9.0,"key":"Blue Candle"},{"floor":14,"key":"Ginger"},{"floor":20,"key":"Dead Branch"},{"floor":23,"key":"Ice Cream"}],"event_choices":[{"damage_healed":0.0,"max_hp_gain":0.0,"max_hp_loss":0.0,"gold_gain":0.0,"event_name":"Shining Light","player_choice":"Entered Light","floor":2.0,"gold_loss":0.0,"damage_taken":22.0,"cards_upgraded":["Strike_P","Defend_P"]},{"damage_healed":0.0,"max_hp_gain":0.0,"max_hp_loss":0.0,"gold_gain":0.0,"event_name":"The Woman in Blue","player_choice":"Bought 3 Potions","floor":3.0,"gold_loss":0.0,"damage_taken":0.0},{"cards_removed":["Strike_P"],"damage_healed":0.0,"max_hp_gain":0.0,"max_hp_loss":0.0,"gold_gain":0.0,"event_name":"Golden Wing","player_choice":"Card Removal","floor":7.0,"gold_loss":0.0,"damage_taken":7.0},{"cards_removed":["Strike_P"],"damage_healed":0,"gold_gain":0,"player_choice":"Gave Gold","damage_taken":0,"max_hp_gain":0,"max_hp_loss":0,"event_name":"Beggar","floor":19,"gold_loss":75}],"is_beta":false,"boss_relics":[{"not_picked":["Black Star","Sozu"],"picked":"SacredBark"}],"items_purged_floors":[12,22],"is_endless":false,"potions_floor_spawned":[4,8,16,23],"killed_by":"Slavers","ascension_level":20}}