{"host":"o6rpelx2jpc8yies","time":1612131263,"event":{"mods":["BaseMod","Downfall","Minty Spire (QoL Compilation)","StSLib"],"gold_per_floor":[0,12,23,123,123,23,23,8,40,40,59,88,100,10,30,128,128,128,146,158,168,0,0,0,168,268,601,613,624,658,502,513,613,613,513,528,539,589,589,140,140,150,185,185,198,226,126,126,142,142,142,171,18,18,18,18],"floor_reached":57,"language":"ENG","playtime":6688,"items_purged":["bronze:Strike","bronze:DigitalCarnage","bronze:InfiniteBeams"],"score":1544,"play_id":"84a6024a-8c24-4f28-a97c-c755a09b0627","local_time":"20210131151423","is_ascension_mode":true,"campfire_choices":[{"floor":1.0,"key":"RECALL"},{"data":"bronze:SpaghettiCode","floor":6.0,"key":"SMITH"},{"data":"bronze:Mutator","floor":18.0,"key":"SMITH"},{"data":"bronze:Invalidate","floor":35.0,"key":"SMITH"},{"floor":44,"key":"REST"},{"data":"bronze:HardenedForm","floor":47,"key":"SMITH"},{"data":"bronze:Turbo","floor":54,"key":"SMITH"}],"circlet_count":0,"master_deck":["bronze:Replicate+1","bronze:Goto+1","bronze:SpaghettiCode+1","bronze:Refactor","bronze:DelayedGuard+1","bronze:Branch","bronze:Repair","bronze:Branch","bronze:BronzeArmor","bronze:Turbo+1","bronze:HardenedForm+1","bronze:BurnOut","bronze:FollowUp","bronze:Assembly","bronze:Mutator+1","bronze:BronzeOrb","bronze:DelayedGuard+1","bronze:Optimize","bronze:Invalidate+1","bronze:MaxOutput","bronze:DonuBeam","bronze:DecaBeam","bronze:FineTuning+1","bronze:FineTuning+1","bronze:TinkerersToolbox","bronze:FollowUp+1","bronze:Repulsor"],"relics":["bronze:BronzeCore","downfall:HeartBlessingRed","Kunai","Juzu Bracelet","Letter Opener","Pandora\u0027s Box","PreservedInsect","Old Coin","Gremlin Horn","bronze:ProtectiveGoggles","bronze:MakeshiftBattery","downfall:HeartBlessingBlue","Du-Vu Doll","Mummified Hand","Ornamental Fan","Dead Branch","StoneCalendar","downfall:HeartBlessingGreen","Incense Burner","Toolbox"],"acts_visited":["Exordium","TheCity","TheBeyond","TheEnding"],"potions_floor_usage":[56,56],"damage_taken":[{"damage":0.0,"enemies":"Cultist","floor":2.0,"turns":3.0},{"damage":0.0,"enemies":"2 Louse","floor":3.0,"turns":1.0},{"damage":0.0,"enemies":"downfall:FleeingMerchant","floor":8.0,"turns":4.0},{"damage":13.0,"enemies":"Gremlin Nob","floor":9.0,"turns":3.0},{"damage":0.0,"enemies":"Small Slimes","floor":11.0,"turns":2.0},{"damage":6.0,"enemies":"3 Sentries","floor":12.0,"turns":7.0},{"damage":0.0,"enemies":"Blue Slaver","floor":13.0,"turns":3.0},{"damage":2.0,"enemies":"downfall:FleeingMerchant","floor":14.0,"turns":4.0},{"damage":0.0,"enemies":"Lots of Slimes","floor":15.0,"turns":2.0},{"damage":18.0,"enemies":"IC_STATUS_ARCHETYPE","floor":16.0,"turns":8.0},{"damage":0.0,"enemies":"Chosen","floor":19.0,"turns":3.0},{"damage":11.0,"enemies":"Snecko","floor":20.0,"turns":6.0},{"damage":8.0,"enemies":"Centurion and Healer","floor":21.0,"turns":3.0},{"damage":0.0,"enemies":"downfall:FleeingMerchant","floor":22.0,"turns":4.0},{"damage":0.0,"enemies":"downfall:FleeingMerchant","floor":25.0,"turns":1.0},{"damage":10.0,"enemies":"downfall:FleeingMerchant","floor":26.0,"turns":5.0},{"damage":0.0,"enemies":"Gremlin Leader","floor":27.0,"turns":7.0},{"damage":4.0,"enemies":"Snake Plant","floor":28.0,"turns":4.0},{"damage":0.0,"enemies":"Snecko","floor":29.0,"turns":5.0},{"damage":1.0,"enemies":"Book of Stabbing","floor":30.0,"turns":5.0},{"damage":0.0,"enemies":"Sentry and Sphere","floor":32.0,"turns":4.0},{"damage":29.0,"enemies":"WA_ARCHETYPE_CALM","floor":33.0,"turns":9.0},{"damage":7.0,"enemies":"3 Shapes","floor":36.0,"turns":5.0},{"damage":0,"enemies":"Orb Walker","floor":37,"turns":3},{"damage":0,"enemies":"Orb Walker","floor":38,"turns":5},{"damage":0,"enemies":"3 Darklings","floor":42,"turns":3},{"damage":55,"enemies":"Nemesis","floor":43,"turns":7},{"damage":0,"enemies":"Jaw Worm Horde","floor":45,"turns":4},{"damage":0,"enemies":"Giant Head","floor":46,"turns":6},{"damage":0,"enemies":"Transient","floor":49,"turns":5},{"damage":40,"enemies":"SI_POISON_ARCHETYPE","floor":50,"turns":9},{"damage":14,"enemies":"downfall:CharBossMerchant","floor":52,"turns":7},{"damage":0,"enemies":"downfall:NeowBoss","floor":55,"turns":9},{"damage":54,"enemies":"downfall:NeowBossFinal","floor":56,"turns":8}],"seed_played":"7241003585398664073","potions_obtained":[{"floor":2.0,"key":"hexamod:SoulburnPotion"},{"floor":12.0,"key":"Swift Potion"},{"floor":13.0,"key":"BlessingOfTheForge"},{"floor":16.0,"key":"BlessingOfTheForge"},{"floor":21.0,"key":"Weak Potion"},{"floor":26.0,"key":"SteroidPotion"},{"floor":30.0,"key":"BlessingOfTheForge"},{"floor":32.0,"key":"SkillPotion"},{"floor":38,"key":"Explosive Potion"},{"floor":45,"key":"hexamod:SoulburnPotion"},{"floor":46,"key":"Strength Potion"}],"is_trial":false,"path_per_floor":["R","M","M","?","?","R","T","$","E","?","M","E","M","$","M","B",null,"R","M","M","M","$","?","T","$","?","E","M","M","E","$","M","B",null,"R","M","M","?","?","$","T","M","E","R","M","E","R","?","M","B",null,"E","$","R","B","B",null],"character_chosen":"THE_AUTOMATON","items_purchased":["PreservedInsect","bronze:MaxOutput","bronze:ProtectiveGoggles","Mummified Hand","bronze:Repulsor","Toolbox"],"campfire_rested":1,"item_purchase_floors":[22,25,31,40,40,53],"current_hp_per_floor":[70,70,70,70,70,70,70,70,57,57,57,58,65,63,70,52,70,70,70,59,51,58,58,58,58,58,65,66,70,70,70,70,41,70,80,80,80,80,90,90,90,90,44,71,79,87,87,87,90,54,90,83,83,83,90,46],"gold":18,"neow_bonus":"THREE_RARE_CARDS","is_daily":false,"chose_seed":false,"campfire_upgraded":5,"win_rate":0.0,"timestamp":1612131263,"path_taken":["R","M","M","?","?","R","T","$","E","?","M","E","M","?","M","BOSS","R","M","M","M","$","?","T","?","?","E","M","M","E","$","M","BOSS","R","M","M","?","?","$","T","M","E","R","M","E","R","?","M","BOSS","E","$","R","BOSS","BOSS"],"items_purchased_type":["Relic","Card","Relic","Relic","Card","Relic"],"build_version":"2020-12-22","purchased_purges":3,"victory":true,"max_hp_per_floor":[70,70,70,70,70,70,70,70,70,70,70,70,70,70,70,70,70,70,70,70,70,70,70,70,70,70,70,70,70,70,70,70,70,70,80,80,80,80,90,90,90,90,90,90,90,90,90,90,90,90,90,90,90,90,90,90],"card_choices":[{"not_picked":["bronze:HyperBeam","bronze:Assembly"],"picked":"bronze:SpaghettiCode","floor":0.0},{"not_picked":["bronze:Optimize","bronze:WildBeam"],"picked":"bronze:Refactor","floor":2.0},{"not_picked":["bronze:DelayedSlice","bronze:Deprecate","bronze:WildBeam"],"picked":"SKIP","floor":3.0},{"not_picked":["bronze:Deprecate","bronze:Backtrace"],"picked":"bronze:DelayedGuard","floor":8.0},{"not_picked":["bronze:Shield","bronze:Shell"],"picked":"bronze:Branch","floor":9.0},{"not_picked":["bronze:BronzeOrb","bronze:DigitalCarnage"],"picked":"bronze:Repair","floor":11.0},{"not_picked":["bronze:HyperBeam","bronze:Iterate"],"picked":"bronze:Branch","floor":12.0},{"not_picked":["bronze:Shell","bronze:BitShift"],"picked":"bronze:Safeguard","floor":13.0},{"not_picked":["bronze:DelayedSlice","bronze:BitShift"],"picked":"bronze:BronzeArmor","floor":14.0},{"not_picked":["bronze:Branch","bronze:ForLoop"],"picked":"bronze:Turbo","floor":15.0},{"not_picked":["bronze:ShipIt","bronze:ThunderWave"],"picked":"bronze:HardenedForm","floor":16.0},{"not_picked":["bronze:CutThrough","bronze:Deprecate"],"picked":"bronze:DelayedGuard+1","floor":19.0},{"not_picked":["bronze:ForceShield","bronze:Allocate"],"picked":"bronze:Optimize","floor":20.0},{"not_picked":["bronze:DelayedSlice","bronze:BitShift","bronze:Invalidate"],"picked":"SKIP","floor":21.0},{"not_picked":["bronze:Iterate+1","bronze:ThunderWave","bronze:OilSpill"],"picked":"SKIP","floor":22.0},{"not_picked":["bronze:Boost+1","bronze:BitShift","bronze:Allocate"],"picked":"SKIP","floor":25.0},{"not_picked":[],"picked":"bronze:DonuBeam","floor":26.0},{"not_picked":[],"picked":"bronze:DecaBeam","floor":26.0},{"not_picked":["bronze:OilSpill","bronze:Constructor"],"picked":"bronze:FineTuning+1","floor":27.0},{"not_picked":["bronze:DelayedSlice+1","bronze:OilSpill","bronze:Separator"],"picked":"SKIP","floor":28.0},{"not_picked":["bronze:Branch","bronze:Iterate"],"picked":"bronze:FineTuning+1","floor":29.0},{"not_picked":["bronze:ClassDefault+1","bronze:Turbo+1"],"picked":"bronze:TinkerersToolbox","floor":30.0},{"not_picked":["bronze:InfiniteBeams","bronze:Repair+1","bronze:GetLatest"],"picked":"SKIP","floor":32.0},{"not_picked":["bronze:BuggyMess+1","bronze:FineTuning"],"picked":"bronze:FollowUp+1","floor":36},{"not_picked":["bronze:DelayedSlice","bronze:FineTuning","bronze:DelayedGuard+1"],"picked":"SKIP","floor":37},{"not_picked":["bronze:FineTuning","bronze:BuggyMess","bronze:Shield"],"picked":"SKIP","floor":42},{"not_picked":["bronze:ClassDefault","bronze:ForceShield","bronze:Deprecate+1"],"picked":"SKIP","floor":43},{"not_picked":["bronze:ClassDefault","bronze:Turbo","bronze:BronzeArmor"],"picked":"SKIP","floor":45},{"not_picked":["bronze:Separator+1","bronze:BugBarrage","bronze:ShipIt"],"picked":"SKIP","floor":46},{"not_picked":["bronze:BitShift","bronze:Shield+1","bronze:ChildClass+1"],"picked":"SKIP","floor":49},{"not_picked":["bronze:ClassDefault","bronze:BronzeArmor+1","bronze:FollowUp+1"],"picked":"SKIP","floor":52}],"player_experience":1892514,"relics_obtained":[{"floor":7.0,"key":"Kunai"},{"floor":9.0,"key":"Juzu Bracelet"},{"floor":12.0,"key":"Letter Opener"},{"floor":27.0,"key":"Old Coin"},{"floor":30.0,"key":"Gremlin Horn"},{"floor":38,"key":"Du-Vu Doll"},{"floor":41,"key":"Ornamental Fan"},{"floor":43,"key":"Dead Branch"},{"floor":46,"key":"StoneCalendar"},{"floor":52,"key":"Incense Burner"}],"event_choices":[{"damage_healed":0.0,"max_hp_gain":0.0,"max_hp_loss":0.0,"gold_gain":0.0,"event_name":"FaceTrader","player_choice":"Leave","floor":5.0,"gold_loss":0.0,"damage_taken":0.0}],"is_beta":false,"boss_relics":[{"not_picked":["Runic Dome","Snecko Eye"],"picked":"Pandora\u0027s Box"},{"not_picked":["bronze:PlatinumCore","sneckomod:SneckoTalon"],"picked":"bronze:MakeshiftBattery"}],"items_purged_floors":[14,25,40],"is_endless":false,"potions_floor_spawned":[2,12,13,16,21,26,27,28,30,32,38,45,46,49,52],"ascension_level":4}}