{"host":"6xsbn6ynqlzwllfm","time":1612129687,"event":{"mods":["2.2 Compatiblity","BaseMod","Bestiary","Colored Map","Colored Powertips","Curses Come First","Highlight Path","Keyboard Shortcuts","Minty Spire (QoL Compilation)","Relic Stats","Slay the Relics Exporter","StSLib","SuperFastMode"],"gold_per_floor":[111,130,130,205,130,164,183,198,198,215,215,215],"floor_reached":11,"language":"ENG","playtime":254,"items_purged":["Strike_P"],"score":150,"play_id":"1993f310-bc50-428e-8c2c-994b045db3b8","local_time":"20210131164807","is_ascension_mode":true,"campfire_choices":[],"circlet_count":0,"master_deck":["AscendersBane","Strike_P","Strike_P","Strike_P","Defend_P","Defend_P","Defend_P","Defend_P","Eruption","Vigilance","Ragnarok","FlurryOfBlows","CrushJoints","DeusExMachina","Fasting2"],"relics":["PureWater","Pocketwatch","Du-Vu Doll"],"acts_visited":["Exordium"],"potions_floor_usage":[10,11],"damage_taken":[{"damage":7.0,"enemies":"2 Louse","floor":1.0,"turns":3.0},{"damage":2,"enemies":"Jaw Worm","floor":2,"turns":4},{"damage":16,"enemies":"Gremlin Nob","floor":6,"turns":3},{"damage":0,"enemies":"Small Slimes","floor":7,"turns":2},{"damage":9,"enemies":"2 Fungi Beasts","floor":8,"turns":4},{"damage":8,"enemies":"Large Slime","floor":10,"turns":3},{"damage":20,"enemies":"3 Sentries","floor":11,"turns":2}],"seed_played":"8143643691751610331","potions_obtained":[{"floor":8,"key":"BottledMiracle"},{"floor":10,"key":"Fruit Juice"}],"is_trial":false,"path_per_floor":["M","M","?","?","$","E","M","M","T","M","E"],"character_chosen":"WATCHER","items_purchased":[],"campfire_rested":0,"item_purchase_floors":[],"current_hp_per_floor":[54,52,52,41,41,25,25,16,16,8,0,0],"gold":215,"neow_bonus":"ONE_RANDOM_RARE_CARD","is_daily":false,"chose_seed":false,"campfire_upgraded":0,"win_rate":0.0,"timestamp":1612129687,"path_taken":["M","M","?","?","$","E","M","M","T","M","E"],"items_purchased_type":[],"build_version":"2020-12-22","purchased_purges":1,"victory":false,"max_hp_per_floor":[68,68,68,68,68,68,68,68,68,68,73,73],"relic_stats":{"counters":[7,21],"obtain_stats":[{"Du-Vu Doll":9,"PureWater":0,"Pocketwatch":6},{"Du-Vu Doll":5,"PureWater":0,"Pocketwatch":3},{"Du-Vu Doll":16,"PureWater":0,"Pocketwatch":10}],"Pocketwatch":[7]},"card_choices":[{"not_picked":["SashWhip","DeceiveReality"],"picked":"FlurryOfBlows","floor":1.0},{"not_picked":["Consecrate","WindmillStrike"],"picked":"CrushJoints","floor":2},{"not_picked":["Worship","EmptyBody"],"picked":"DeusExMachina","floor":6},{"not_picked":["Protect","FollowUp"],"picked":"Fasting2","floor":8}],"player_experience":1371376,"relics_obtained":[{"floor":6,"key":"Pocketwatch"},{"floor":9,"key":"Du-Vu Doll"}],"event_choices":[{"damage_healed":0,"gold_gain":0,"player_choice":"Ignored","damage_taken":0,"max_hp_gain":0,"max_hp_loss":0,"event_name":"Liars Game","floor":3,"gold_loss":0},{"damage_healed":0,"gold_gain":75,"player_choice":"Gather Gold","damage_taken":11,"max_hp_gain":0,"max_hp_loss":0,"event_name":"World of Goop","floor":4,"gold_loss":0}],"is_beta":false,"boss_relics":[],"items_purged_floors":[5],"is_endless":false,"potions_floor_spawned":[8,10],"killed_by":"3 Sentries","ascension_level":20}}