{"host":"j9ki0s1dicmcfq9y","time":1612111524,"event":{"mods":["BaseMod","Minty Spire (QoL Compilation)","StSLib","The Senshi"],"gold_per_floor":[118,128,128,82,95,124,139,155,229,304,339,339,359,374,374,476,526,542,523,523,47,63,63,82,101,101,111,111,111,111,124,124,228,228,244,244,244,244,296,328,328,184,184,194,204,204,221,236,236,236,236,236,67,96,96,96],"floor_reached":55,"language":"ENG","playtime":4826,"items_purged":[],"score":688,"play_id":"90bdd28c-9c95-4fd5-9a7c-0af5ee760bdc","local_time":"20210131114524","is_ascension_mode":false,"campfire_choices":[{"data":"theSenshi:SailorMarsAssists","floor":15,"key":"SMITH"},{"data":"Apotheosis","floor":23,"key":"SMITH"},{"floor":29,"key":"RECALL"},{"floor":32,"key":"REST"},{"data":"theSenshi:MoonCosmicPowerMakeUp","floor":41,"key":"SMITH"},{"floor":49,"key":"REST"},{"data":"theSenshi:InTheNameOfTheMoon","floor":52,"key":"SMITH"}],"circlet_count":0,"master_deck":["theSenshi:SailorKick","theSenshi:SailorKick","theSenshi:SailorKick","theSenshi:SailorBlock","theSenshi:SailorBlock","theSenshi:SailorBlock","theSenshi:RoseThrow+1","theSenshi:MoonPrismPowerMakeUp+1","theSenshi:SailorMercuryAssists","theSenshi:SailorJupiterAssists","theSenshi:SailorMarsAssists+1","theSenshi:MoonKick","theSenshi:MoonPunch","theSenshi:TuxedoSmokingBomber","theSenshi:TallSilhouette","theSenshi:SailorStarHealerAssists","theSenshi:MoonCosmicPowerMakeUp+1","theSenshi:SailorSaturnAssists","theSenshi:MoonPrincessHalation","theSenshi:VenusGlamour","Apotheosis+1","theSenshi:CrisisMakeUp+1","theSenshi:Sidestep+1","Shame","theSenshi:InTheNameOfTheMoon+1","Writhe","Parasite","theSenshi:LunasBite+1","theSenshi:MoonCrisisMakeUp"],"relics":["theSenshi:TransformationBroochRelic","NeowsBlessing","Torii","theSenshi:TransformationPenRelic","Du-Vu Doll","Tiny House","TungstenRod","theSenshi:CosmicHeartCompactRelic","Busted Crown","Ice Cream","Dead Branch","ClockworkSouvenir","Meat on the Bone","Bag of Preparation"],"acts_visited":["Exordium","TheCity","TheBeyond","TheEnding"],"potions_floor_usage":[7,13,14,19,27,33,39,53,54],"damage_taken":[{"damage":0,"enemies":"Jaw Worm","floor":1,"turns":1},{"damage":0,"enemies":"Cultist","floor":2,"turns":1},{"damage":0,"enemies":"2 Louse","floor":5,"turns":1},{"damage":9,"enemies":"Gremlin Nob","floor":6,"turns":5},{"damage":1,"enemies":"Large Slime","floor":7,"turns":6},{"damage":2,"enemies":"Lots of Slimes","floor":8,"turns":4},{"damage":1,"enemies":"Lagavulin","floor":11,"turns":6},{"damage":1,"enemies":"Looter","floor":13,"turns":3},{"damage":2,"enemies":"Exordium Thugs","floor":14,"turns":4},{"damage":12,"enemies":"Hexaghost","floor":16,"turns":11},{"damage":22,"enemies":"Chosen","floor":18,"turns":6},{"damage":1,"enemies":"2 Thieves","floor":19,"turns":4},{"damage":12,"enemies":"Centurion and Healer","floor":22,"turns":7},{"damage":12,"enemies":"Shelled Parasite and Fungi","floor":24,"turns":6},{"damage":7,"enemies":"Chosen and Byrds","floor":25,"turns":7},{"damage":16,"enemies":"Centurion and Healer","floor":27,"turns":5},{"damage":11,"enemies":"3 Cultists","floor":31,"turns":6},{"damage":34,"enemies":"Automaton","floor":33,"turns":10},{"damage":6,"enemies":"3 Darklings","floor":35,"turns":5},{"damage":52,"enemies":"2 Orb Walkers","floor":39,"turns":5},{"damage":5,"enemies":"Nemesis","floor":40,"turns":5},{"damage":8,"enemies":"Orb Walker","floor":44,"turns":3},{"damage":12,"enemies":"Writhing Mass","floor":45,"turns":5},{"damage":0,"enemies":"Transient","floor":47,"turns":5},{"damage":11,"enemies":"4 Shapes","floor":48,"turns":6},{"damage":55,"enemies":"Donu and Deca","floor":50,"turns":10},{"damage":80,"enemies":"Shield and Spear","floor":54,"turns":9},{"damage":91,"enemies":"The Heart","floor":55,"turns":9}],"seed_played":"-5326819369428145271","potions_obtained":[{"floor":2,"key":"Block Potion"},{"floor":6,"key":"Explosive Potion"},{"floor":11,"key":"Weak Potion"},{"floor":13,"key":"Fruit Juice"},{"floor":16,"key":"DuplicationPotion"},{"floor":17,"key":"FairyPotion"},{"floor":24,"key":"LiquidMemories"},{"floor":27,"key":"Fruit Juice"},{"floor":35,"key":"Explosive Potion"},{"floor":40,"key":"DuplicationPotion"},{"floor":48,"key":"AttackPotion"}],"is_trial":false,"path_per_floor":["M","M","?","$","M","E","M","M","T","?","E","?","M","M","R","B",null,"M","M","?","$","M","R","M","M","T","M","?","R","$","M","R","B",null,"M","$","?","?","?","E","R","$","T","M","M","$","M","M","R","B",null,"R","$","E","B"],"character_chosen":"THE_SENSHI","items_purchased":["theSenshi:SailorMarsAssists","TungstenRod","Apotheosis","ClockworkSouvenir","Fruit Juice","theSenshi:MoonCrisisMakeUp"],"campfire_rested":2,"item_purchase_floors":[4,21,21,42,53,53],"current_hp_per_floor":[75,75,75,75,75,66,65,63,63,52,51,51,55,58,58,51,85,63,67,67,67,70,70,68,71,71,60,60,60,60,54,81,62,90,89,89,90,90,48,53,53,53,53,57,55,55,60,59,86,57,90,90,95,42,0,0],"gold":96,"neow_bonus":"THREE_ENEMY_KILL","is_daily":false,"chose_seed":false,"campfire_upgraded":4,"win_rate":0.0,"timestamp":1612111524,"path_taken":["M","M","?","$","M","E","M","?","T","?","E","?","?","M","R","BOSS","M","M","?","?","M","R","M","M","T","M","?","R","?","M","R","BOSS","M","$","?","?","?","E","R","$","T","M","M","$","M","M","R","BOSS","R","$","E","BOSS"],"items_purchased_type":["Card","Relic","Card","Relic","Potion","Card"],"build_version":"2020-12-22","purchased_purges":0,"victory":false,"max_hp_per_floor":[75,75,75,75,75,75,75,75,75,75,75,75,80,80,80,80,85,85,85,85,85,85,85,85,85,85,90,90,90,90,90,90,90,90,90,90,90,90,90,90,90,90,90,90,90,90,90,90,90,90,90,90,95,95,95,95],"card_choices":[{"not_picked":["theSenshi:MoonKick","theSenshi:MercurysCunning"],"picked":"theSenshi:SailorMercuryAssists","floor":1},{"not_picked":["theSenshi:InTheNickOfTime","theSenshi:CrisisMakeUp"],"picked":"theSenshi:SailorJupiterAssists","floor":2},{"not_picked":["theSenshi:TuxedoMaskAssists","theSenshi:MoonHealingEscalation"],"picked":"theSenshi:MoonKick","floor":5},{"not_picked":["theSenshi:NeptunesGrace","theSenshi:SchoolBag"],"picked":"theSenshi:MoonPunch","floor":6},{"not_picked":["theSenshi:SchoolBag","theSenshi:LateForSchool"],"picked":"theSenshi:TuxedoSmokingBomber","floor":7},{"not_picked":["theSenshi:MoonTwilightFlash","theSenshi:Sidestep"],"picked":"theSenshi:TallSilhouette","floor":8},{"not_picked":["theSenshi:SchoolBag","theSenshi:MoonTwilightFlash"],"picked":"theSenshi:SailorStarHealerAssists","floor":11},{"not_picked":["theSenshi:InTheNickOfTime","theSenshi:PlutosSolemnity"],"picked":"theSenshi:MoonCosmicPowerMakeUp","floor":13},{"not_picked":["theSenshi:MoonTiaraMagic","theSenshi:MoonsReflection","theSenshi:MoonKick"],"picked":"SKIP","floor":14},{"not_picked":["theSenshi:SilverMoonCrystalPowerKiss","theSenshi:IWillPunishYou"],"picked":"theSenshi:SailorSaturnAssists","floor":16},{"not_picked":["theSenshi:SailorMarsAssists","theSenshi:SchoolBag+1"],"picked":"theSenshi:MoonPrincessHalation","floor":18},{"not_picked":["theSenshi:LunasBite","theSenshi:MoonPunch","theSenshi:MoonTiaraMagic+1"],"picked":"SKIP","floor":19},{"not_picked":["theSenshi:YouCanTalk","theSenshi:LateForSchool"],"picked":"theSenshi:CrisisMakeUp+1","floor":22},{"not_picked":["theSenshi:LateForSchool","theSenshi:MercurysCunning+1","theSenshi:LunasBite"],"picked":"SKIP","floor":24},{"not_picked":["theSenshi:MoonKick","theSenshi:MoonPrincessHalation"],"picked":"theSenshi:Sidestep+1","floor":25},{"not_picked":["theSenshi:MoonTiaraMagic","theSenshi:TallSilhouette","theSenshi:SupersonicWaves"],"picked":"SKIP","floor":27},{"not_picked":["theSenshi:TallSilhouette","theSenshi:KlutzyLuck"],"picked":"theSenshi:InTheNameOfTheMoon","floor":31},{"not_picked":["theSenshi:SupersonicWaves"],"picked":"SKIP","floor":35},{"not_picked":["theSenshi:TallSilhouette+1"],"picked":"SKIP","floor":40},{"not_picked":["theSenshi:PlutosSolemnity"],"picked":"SKIP","floor":44},{"not_picked":["theSenshi:Overload"],"picked":"SKIP","floor":45},{"not_picked":[],"picked":"theSenshi:LunasBite+1","floor":47},{"not_picked":["theSenshi:SchoolBag"],"picked":"SKIP","floor":48},{"not_picked":["theSenshi:SailorStarFighterAssists+1"],"picked":"SKIP","floor":54}],"player_experience":718919,"relics_obtained":[{"floor":6,"key":"Torii"},{"floor":9,"key":"theSenshi:TransformationPenRelic"},{"floor":11,"key":"Du-Vu Doll"},{"floor":39,"key":"Ice Cream"},{"floor":40,"key":"Dead Branch"},{"floor":43,"key":"Meat on the Bone"},{"floor":54,"key":"Bag of Preparation"}],"event_choices":[{"damage_healed":0,"gold_gain":0,"player_choice":"Upgraded","damage_taken":0,"max_hp_gain":0,"max_hp_loss":0,"event_name":"Upgrade Shrine","floor":3,"gold_loss":0,"cards_upgraded":["theSenshi:MoonPrismPowerMakeUp"]},{"damage_healed":0,"gold_gain":75,"player_choice":"Gather Gold","damage_taken":11,"max_hp_gain":0,"max_hp_loss":0,"event_name":"World of Goop","floor":10,"gold_loss":0},{"cards_removed":["theSenshi:SailorKick"],"damage_healed":0,"gold_gain":0,"player_choice":"Purged","damage_taken":0,"max_hp_gain":0,"max_hp_loss":0,"event_name":"Purifier","floor":12,"gold_loss":0},{"damage_healed":0,"gold_gain":0,"player_choice":"1 cards matched","damage_taken":0,"max_hp_gain":0,"max_hp_loss":0,"event_name":"Match and Keep!","floor":20,"gold_loss":0,"cards_obtained":["theSenshi:VenusGlamour"]},{"damage_healed":0,"gold_gain":0,"player_choice":"Stole Relic","damage_taken":0,"relics_obtained":["theSenshi:CosmicHeartCompactRelic"],"max_hp_gain":0,"max_hp_loss":0,"event_name":"Addict","floor":28,"gold_loss":0,"cards_obtained":["Shame"]},{"damage_healed":23,"gold_gain":0,"player_choice":"Writhe","damage_taken":0,"max_hp_gain":0,"max_hp_loss":0,"event_name":"Winding Halls","floor":37,"gold_loss":0,"cards_obtained":["Writhe"]},{"cards_removed":["theSenshi:SailorBlock"],"damage_healed":0,"gold_gain":0,"player_choice":"Removed Skill","damage_taken":0,"max_hp_gain":0,"max_hp_loss":0,"event_name":"Falling","floor":38,"gold_loss":0},{"damage_healed":0,"gold_gain":0,"player_choice":"Fight","damage_taken":0,"max_hp_gain":0,"max_hp_loss":0,"event_name":"Mysterious Sphere","floor":39,"gold_loss":0}],"is_beta":false,"boss_relics":[{"not_picked":["Fusion Hammer","Sozu"],"picked":"Tiny House"},{"not_picked":["Pandora\u0027s Box","Runic Pyramid"],"picked":"Busted Crown"}],"items_purged_floors":[],"is_endless":false,"potions_floor_spawned":[2,6,11,13,16,24,27,35,40,48],"killed_by":"The Heart","ascension_level":0}}