{"host":"laht7omblfcukqgz","time":1612090820,"event":{"mods":["Act Like it!","Astrologer","BaseMod","Beaked The Cultist","Card Forge","Colored Map","Colored Powertips","Gensokyo","GifTheSpireLib","HololiveMod","KinomotoSakuraMod(ñÿîVñ{?)","MarisaÅiñ∂âJÅ@ñÇóùçπÅj","Minty Spire (QoL Compilation)","Prisma Mod","StSLib","The Cursed"],"gold_per_floor":[101,101,132,147,167,200,200,212,212,241,241],"floor_reached":10,"language":"JPN","playtime":870,"items_purged":[],"score":130,"play_id":"0ce48aaf-2104-44a1-a14d-9e9845e59a59","local_time":"20210131200020","is_ascension_mode":false,"campfire_choices":[],"circlet_count":0,"master_deck":["Hololive_CallYozoraMel+1","Hololive_CallMomosuzuNene+5","Hololive_CallKiryuuCoco+1","Hololive_CallOmaruPolka+1","Hololive_CallShiroganeNoel+1","Hololive_Rebirth+1","Hololive_CallYozoraMel+1","Hololive_CallOmaruPolka+1","Hololive_CallKiryuuCoco+1","Hololive_CallMomosuzuNene+5","Hololive_CallShiroganeNoel+1","Hololive_Rebirth+1","Hololive_FlyingPonyTail+1"],"relics":["Hololive_TheStar","Hammer of Thor","Seething Fire","Anvil of the Gods","Pocketwatch","Hololive_LightStick","War Paint"],"acts_visited":["Exordium"],"potions_floor_usage":[],"damage_taken":[{"damage":0,"enemies":"Small Slimes","floor":1,"turns":2},{"damage":0,"enemies":"Cultist","floor":3,"turns":2},{"damage":0,"enemies":"Jaw Worm","floor":4,"turns":3},{"damage":0,"enemies":"Blue Slaver","floor":5,"turns":3},{"damage":0,"enemies":"Gremlin Nob","floor":6,"turns":3},{"damage":0,"enemies":"2 Fungi Beasts","floor":8,"turns":3},{"damage":0,"enemies":"3 Sentries","floor":10,"turns":5}],"seed_played":"-8391550440371354318","potions_obtained":[{"floor":0,"key":"AttackPotion"},{"floor":0,"key":"Block Potion"},{"floor":0,"key":"SneckoOil"}],"is_trial":false,"path_per_floor":["M","?","M","M","M","E","?","M","T","E"],"character_chosen":"Hololive_HololiveCharacter","items_purchased":[],"campfire_rested":0,"item_purchase_floors":[],"current_hp_per_floor":[35,35,35,35,35,35,35,32,32,32,32],"gold":241,"neow_bonus":"THREE_SMALL_POTIONS","is_daily":false,"chose_seed":false,"campfire_upgraded":0,"win_rate":0.0,"timestamp":1612090820,"path_taken":["M","?","M","M","?","E","?","M","T","E"],"items_purchased_type":[],"build_version":"2020-12-22","purchased_purges":0,"victory":false,"max_hp_per_floor":[35,35,35,35,35,35,35,32,32,32,32],"card_choices":[{"not_picked":["Hololive_Trident","Hololive_Sequa","Hololive_Psychosis"],"picked":"Hololive_CallMomosuzuNene","floor":1},{"not_picked":["Hololive_CallYuzukiChoco","Hololive_Drill","Hololive_RevenueBasedLive","Hololive_Psychosis"],"picked":"SKIP","floor":3},{"not_picked":["Hololive_StrengthChampion","Hololive_Breathe","Hololive_MaximGun","Hololive_Rebound"],"picked":"SKIP","floor":4},{"not_picked":["Hololive_StrengthChampion","Hololive_Breathe","Hololive_MaximGun","Hololive_Rebound"],"picked":"SKIP","floor":4},{"not_picked":["Hololive_Trident","Hololive_CallDoris","Hololive_Sequa","Hololive_CallNakiriAyame"],"picked":"SKIP","floor":5},{"not_picked":["Hololive_Breathe","Hololive_CallRosalyn","Hololive_MaximGun","Hololive_Psychosis"],"picked":"SKIP","floor":6},{"not_picked":["Hololive_RevenueBasedLive","Hololive_CallAmaneKanata","Hololive_Breathe","Hololive_CocoNews"],"picked":"SKIP","floor":8},{"not_picked":["Hololive_LuckPotion","Hololive_Breathe","Hololive_Drill","Hololive_StrengthChampion"],"picked":"SKIP","floor":10},{"not_picked":["Hololive_LuckPotion","Hololive_Breathe","Hololive_Drill","Hololive_StrengthChampion"],"picked":"SKIP","floor":10}],"player_experience":125210,"relics_obtained":[{"floor":6,"key":"Pocketwatch"},{"floor":9,"key":"Hololive_LightStick"},{"floor":10,"key":"War Paint"}],"event_choices":[{"damage_healed":0,"gold_gain":0,"cards_transformed":["Hololive_CallMomosuzuNene"],"player_choice":"Transformed","damage_taken":0,"max_hp_gain":0,"max_hp_loss":0,"event_name":"Transmorgrifier","floor":2,"gold_loss":0,"cards_obtained":["Hololive_CandyCastle"]},{"damage_healed":8,"gold_gain":0,"player_choice":"Healed and dodged fight","damage_taken":0,"max_hp_gain":0,"max_hp_loss":0,"event_name":"Mushrooms","floor":7,"gold_loss":0,"cards_obtained":["Parasite"]}],"is_beta":false,"boss_relics":[],"items_purged_floors":[],"is_endless":false,"potions_floor_spawned":[1,3,8],"killed_by":"3 Sentries","ascension_level":0}}