{"host":"jksa5rawk3m4gilz","time":1612120749,"event":{"mods":["BaseMod","Colored Map","Highlight Path","Minty Spire (QoL Compilation)","Quick Restart"],"gold_per_floor":[363,538,558,576,193,193,211,211,237,250,275,275,175,200,200,200,200],"floor_reached":16,"language":"ENG","playtime":559,"items_purged":["Doubt","Strike_R"],"score":160,"play_id":"806b7b73-d5db-45e5-81f8-58eedeaf30b0","local_time":"20210131201909","is_ascension_mode":true,"campfire_choices":[{"floor":6,"key":"DIG"},{"floor":12,"key":"REST"},{"floor":15,"key":"DIG"}],"circlet_count":0,"master_deck":["AscendersBane","Strike_R","Strike_R","Strike_R","Strike_R","Defend_R","Defend_R","Defend_R","Defend_R","Bash","Evolve","Rage","Wild Strike","Armaments","Fire Breathing","Evolve"],"relics":["Burning Blood","Shovel","Orichalcum","Golden Idol","Ancient Tea Set","Gremlin Horn"],"acts_visited":["Exordium"],"potions_floor_usage":[7,16,16,16],"damage_taken":[{"damage":21,"enemies":"Jaw Worm","floor":1,"turns":5},{"damage":11,"enemies":"Cultist","floor":3,"turns":4},{"damage":8,"enemies":"2 Louse","floor":4,"turns":5},{"damage":9,"enemies":"Large Slime","floor":7,"turns":8},{"damage":6,"enemies":"Looter","floor":10,"turns":3},{"damage":5,"enemies":"3 Louse","floor":11,"turns":5},{"damage":2,"enemies":"2 Fungi Beasts","floor":14,"turns":4},{"damage":50,"enemies":"The Guardian","floor":16,"turns":12}],"seed_played":"-3422855944867240926","potions_obtained":[{"floor":4,"key":"SpeedPotion"},{"floor":7,"key":"EntropicBrew"},{"floor":14,"key":"Dexterity Potion"}],"is_trial":false,"path_per_floor":["M","?","M","M","$","R","M","?","T","M","M","R","$","M","R","B"],"character_chosen":"IRONCLAD","items_purchased":["Shovel"],"campfire_rested":1,"item_purchase_floors":[5],"current_hp_per_floor":[35,35,30,28,28,28,25,25,25,25,26,46,46,50,50,0,0],"gold":200,"neow_bonus":"TWO_FIFTY_GOLD","is_daily":false,"chose_seed":false,"campfire_upgraded":0,"win_rate":0.0,"timestamp":1612120749,"path_taken":["M","?","M","M","$","R","M","?","T","M","M","R","?","?","R","BOSS"],"items_purchased_type":["Relic"],"build_version":"2020-12-22","purchased_purges":2,"victory":false,"max_hp_per_floor":[75,75,75,75,75,75,75,69,69,69,69,69,69,69,69,69,69],"card_choices":[{"not_picked":["Sword Boomerang","Flex"],"picked":"Evolve","floor":1},{"not_picked":["Clash","Dual Wield"],"picked":"Rage","floor":3},{"not_picked":["Pommel Strike","Entrench"],"picked":"Wild Strike","floor":4},{"not_picked":["Warcry","Sword Boomerang"],"picked":"Armaments","floor":7},{"not_picked":["Dark Embrace","Disarm"],"picked":"Fire Breathing","floor":10},{"not_picked":["Dark Embrace","Clothesline","Headbutt"],"picked":"SKIP","floor":11},{"not_picked":["Second Wind","Entrench"],"picked":"Evolve","floor":14}],"player_experience":1810832,"relics_obtained":[{"floor":6,"key":"Orichalcum"},{"floor":9,"key":"Ancient Tea Set"},{"floor":15,"key":"Gremlin Horn"}],"event_choices":[{"damage_healed":0,"gold_gain":175,"player_choice":"AGREE","damage_taken":0,"max_hp_gain":0,"max_hp_loss":0,"event_name":"Liars Game","floor":2,"gold_loss":0,"cards_obtained":["Doubt"]},{"damage_healed":0,"gold_gain":0,"player_choice":"Lose Max HP","damage_taken":0,"relics_obtained":["Golden Idol"],"max_hp_gain":0,"max_hp_loss":6,"event_name":"Golden Idol","floor":8,"gold_loss":0}],"is_beta":false,"boss_relics":[],"items_purged_floors":[5,13],"is_endless":false,"potions_floor_spawned":[4,7,14],"killed_by":"The Guardian","ascension_level":14}}