{"host":"p34rppyhk302xzzg","time":1612066057,"event":{"mods":["Act Like it!","Ascension Reborn","BaseMod","Better Vampires","BetterRewards","Colored Map","Gensokyo","Googly Eyes","Hallownest","Koishi","Lobotomy","LobotomyExtend","Marisa£®ÏF”Í°°ƒß¿Ì…≥£©","Minty Spire (QoL Compilation)","Pale of the Ancients","Quick Restart","Reimu£®≤©¿ˆ¡È√Œ£©","Remilia£®¿Ÿ√◊¿Ú—«£©","Replay The Spire","SOS£®Àπ∞Õ¥Ô÷Æ◊”£©","StSLib","The Administrix","The Bug Knight","UnlockEverythingMod","Waifu the Spire","Yakumo Yukari mod","Youmu£®ªÍ∆«—˝√Œ£©","noobMod","°æ“≈ŒÔø®≈∆°øREMEMod"],"gold_per_floor":[117,117,127,82,82,109,120,131,131,79,79,95,126,143,143,246,246,263,263,263,278,297,322,334,353,353,353,724,744,744,669,669,765,765,783,500,500,500],"floor_reached":37,"language":"ZHS","playtime":1725,"items_purged":["HollowMod:InfectedCysts"],"score":551,"play_id":"481da173-b20d-438d-9d88-98973b1b04f5","local_time":"20210131120737","is_ascension_mode":true,"campfire_choices":[{"data":"HollowMod:GrimmsGift","floor":15,"key":"SMITH"},{"data":"HollowMod:BaldurShell","floor":27,"key":"SMITH"}],"circlet_count":0,"master_deck":["Funeral","HollowMod:NailStrikeStart","HollowMod:NailStrikeStart","HollowMod:NailStrikeStart","HollowMod:QuickDashStart","HollowMod:QuickDashStart","HollowMod:QuickDashStart+1","HollowMod:QuickDashStart","HollowMod:FocusHealStart","HollowMod:PogoStrike","WasteWire_Metro_purple","HollowMod:InfectedAttack+1","FairyFestival","HollowMod:TaintedHusks","HollowMod:SoulStrike","HollowMod:RecoilStrike","MeatLantern","Bloodbath","HollowMod:MantisMark","Murderer","HollowMod:CoiledNail","HollowMod:QuirrelsAssistance+1","OSAHOGD","HollowMod:BaldurShell+1","Scorched","ShyLook","HollowMod:GrimmsGift+1","HollowMod:AwokenDreamNail","Wellcheers","HollowMod:GreatSlash","LittleHelper","HollowMod:CornifersMapStart+1","UniverseFragment","HollowMod:DungDefenderAura","CrumblingArmor","HollowMod:SoulSplash","PunishingBird","HollowMod:theNailsmith","Freischutz","HollowMod:FallenFury+1","Hallownest:attackMasterCycloneSlash","VoidDream","HollowMod:ElderbugsWisdom","OldLady","HollowMod:GrimmsGift+1","HollowMod:HeavyBlow","Swift Strike"],"relics":["HollowMod:VesselMask","REME_ComplimentaryCards","ice","CogitoBucket","LetterFromLob","Hallownest:DreamNailRelic","SolemnVow_r","TreeSap","Dream Catcher","LuminousBracelet","Toy Ornithopter","Orichalcum","AtMidnight","AspirationHeart","SacredBark","Blood Vial"],"acts_visited":["Exordium","Hallownest:Greenpath","Hallownest:CityofTears"],"potions_floor_usage":[12,13,14,16,16,23,29,35],"damage_taken":[{"damage":5,"enemies":"Hallownest:monsterHuskWarrior","floor":1,"turns":4},{"damage":42,"enemies":"Hallownest:monsterHuskGuard","floor":3,"turns":5},{"damage":52,"enemies":"Hallownest:eliteVengeflyKing","floor":6,"turns":6},{"damage":2,"enemies":"2_ Uuma","floor":7,"turns":3},{"damage":27,"enemies":"Hallownest:Guard_and_Warrior","floor":8,"turns":4},{"damage":52,"enemies":"Hallownest:MossCreep_and_Mosskin","floor":12,"turns":3},{"damage":5,"enemies":"Hallownest:eliteMossKnight","floor":13,"turns":4},{"damage":8,"enemies":"Hallownest:2_Tiktiks_1_Baldur_1_Crawlid","floor":14,"turns":3},{"damage":92,"enemies":"Hallownest:BossHornet","floor":16,"turns":4},{"damage":22,"enemies":"Hallownest:Guard_and_Sentry","floor":18,"turns":2},{"damage":79,"enemies":"Hallownest:2_Mistakes","floor":21,"turns":3},{"damage":0,"enemies":"Hallownest:2_Flukemon","floor":22,"turns":2},{"damage":22,"enemies":"Hallownest:Nosk","floor":23,"turns":4},{"damage":52,"enemies":"Hallownest:3_Mistakes","floor":24,"turns":3},{"damage":36,"enemies":"Hallownest:Master_and_Novice","floor":25,"turns":2},{"damage":24,"enemies":"Hallownest:monsterShrumalOgre","floor":29,"turns":6},{"damage":0,"enemies":"Hallownest:BossMantisLord","floor":33,"turns":1},{"damage":0,"enemies":"Hallownest:Shield_Heavy","floor":35,"turns":2},{"damage":246,"enemies":"Hallownest:2_Littles","floor":37,"turns":2}],"seed_played":"-8245251911419625555","potions_obtained":[{"floor":3,"key":"Weak Potion"},{"floor":6,"key":"Block Potion"},{"floor":12,"key":"SteroidPotion"},{"floor":13,"key":"EntropicBrew"},{"floor":16,"key":"Doom Potion"},{"floor":21,"key":"EssenceOfSteel"},{"floor":24,"key":"BlessingOfTheForge"},{"floor":33,"key":"Doom Potion"},{"floor":35,"key":"Fruit Juice"}],"is_trial":false,"path_per_floor":["M","?","M","$","?","E","M","M","T","$","?","M","?","M","R","B",null,"M","?","?","M","M","E","M","M","T","R","?","M","?","$","R_BF","B",null,"M","$","M"],"character_chosen":"THE_BUGKNIGHT","items_purchased":["HollowMod:SoulStrike","HollowMod:QuirrelsAssistance+1","Blood Vial","HollowMod:HeavyBlow","Swift Strike"],"campfire_rested":0,"item_purchase_floors":[4,10,36,36,36],"current_hp_per_floor":[70,70,39,39,39,7,76,52,52,52,52,1,4,92,92,9,103,81,93,93,55,62,73,30,11,11,11,11,108,108,108,108,108,108,118,118,0,0],"gold":500,"neow_bonus":"","is_daily":false,"chose_seed":false,"campfire_upgraded":2,"win_rate":0.0,"timestamp":1612066057,"path_taken":["M","?","?","$","?","E","M","M","T","?","?","M","?","?","R","BOSS","M","?","?","M","M","E","M","?","T","R","?","?","?","$","R_BF","BOSS","M","$","M"],"items_purchased_type":["Card","Card","Relic","Card","Card"],"build_version":"2020-12-22","purchased_purges":1,"victory":false,"max_hp_per_floor":[75,75,75,75,75,75,77,81,81,81,81,85,88,96,96,103,103,105,105,105,103,107,93,94,96,96,96,96,108,108,108,108,108,108,118,118,118,118],"card_choices":[{"not_picked":["Mercenary","LaLuna","Yin"],"picked":"Singing Bowl","floor":1},{"not_picked":["BeautyBeast","UniverseFragment"],"picked":"Funeral","floor":1},{"not_picked":["HollowMod:DreamGate","HollowMod:NewJinnsSoul"],"picked":"HollowMod:InfectedAttack","floor":1},{"not_picked":["GreedKing","UniverseFragment"],"picked":"FairyFestival","floor":3},{"not_picked":["HollowMod:GoodIntentions","HollowMod:MonarchWings"],"picked":"HollowMod:TaintedHusks","floor":3},{"not_picked":["HollowMod:CrystalDash","HollowMod:SiblingsSouls"],"picked":"HollowMod:RecoilStrike","floor":6},{"not_picked":["SpiderBud","Variant"],"picked":"MeatLantern","floor":6},{"not_picked":["CherryBlossoms","MHz"],"picked":"Bloodbath","floor":7},{"not_picked":["HollowMod:ChannelNail","HollowMod:FallenFury"],"picked":"HollowMod:MantisMark","floor":7},{"not_picked":["ShyLook","Wellcheers"],"picked":"Murderer","floor":8},{"not_picked":["HollowMod:SoulSplash","HollowMod:SiblingsShadow"],"picked":"HollowMod:CoiledNail","floor":8},{"not_picked":["BeautyBeast","CherryBlossoms"],"picked":"OSAHOGD","floor":12},{"not_picked":["HollowMod:WraithStrike","HollowMod:LifebloodCocoon"],"picked":"HollowMod:BaldurShell","floor":12},{"not_picked":["ShyLook","CrumblingArmor"],"picked":"Scorched","floor":13},{"not_picked":["HollowMod:SoulMaster","HollowMod:NewJinnsSoul"],"picked":"HollowMod:InfectedCysts","floor":13},{"not_picked":["PunishingBird","CherryBlossoms","SpiderBud"],"picked":"Singing Bowl","floor":14},{"not_picked":["LongBird","Mercenary"],"picked":"ShyLook","floor":14},{"not_picked":["HollowMod:CornifersMapStart","HollowMod:MonarchWings"],"picked":"HollowMod:GrimmsGift","floor":14},{"not_picked":["Variant","RedShoes"],"picked":"CrumblingArmor","floor":16},{"not_picked":["HollowMod:ElderbugsWisdom","HollowMod:LifebloodCore"],"picked":"HollowMod:AwokenDreamNail","floor":16},{"not_picked":["WallGazer","GreedKing","LaLuna"],"picked":"Singing Bowl","floor":18},{"not_picked":["MHz","LittleHelper"],"picked":"Wellcheers","floor":18},{"not_picked":["HollowMod:HowlingWraiths","HollowMod:TaintedHusks+1"],"picked":"HollowMod:GreatSlash","floor":18},{"not_picked":["BeautyBeast","Porccubus"],"picked":"LittleHelper","floor":21},{"not_picked":["HollowMod:SiblingsShadow","HollowMod:ZotesMagnificence"],"picked":"HollowMod:CornifersMapStart+1","floor":21},{"not_picked":["PunishingBird","VoidDream"],"picked":"UniverseFragment","floor":22},{"not_picked":["HollowMod:SoulVessel","HollowMod:VengefulVoid"],"picked":"HollowMod:DungDefenderAura","floor":22},{"not_picked":["MHz","BeautyBeast"],"picked":"CrumblingArmor","floor":23},{"not_picked":["HollowMod:NewInfectedGuardian","HollowMod:NewGlowingWomb"],"picked":"HollowMod:SoulSplash","floor":23},{"not_picked":["Scarecrow","SnowQueen"],"picked":"DespairKnight","floor":24},{"not_picked":["HollowMod:NewLittleFool","HollowMod:FastStrike"],"picked":"HollowMod:MantisMark+1","floor":24},{"not_picked":["WallGazer","BlackSwan"],"picked":"PunishingBird","floor":25},{"not_picked":["HollowMod:Grubsong+1","HollowMod:NewLittleFool+1"],"picked":"HollowMod:theNailsmith","floor":25},{"not_picked":["CENSORED","Rudolta"],"picked":"Freischutz","floor":29},{"not_picked":["HollowMod:InfectionAssault","HollowMod:FastStrike"],"picked":"HollowMod:FallenFury+1","floor":29},{"not_picked":["BlackArmy","WhiteNight"],"picked":"VoidDream","floor":33},{"not_picked":["HollowMod:NewInfectedGuardian","HollowMod:ZotesMagnificence"],"picked":"HollowMod:ElderbugsWisdom","floor":33},{"not_picked":["Laetitia","BigBird"],"picked":"OldLady","floor":35},{"not_picked":["HollowMod:VengefulVoid+1","HollowMod:SoulShaman+1"],"picked":"HollowMod:GrimmsGift+1","floor":35}],"player_experience":81546,"relics_obtained":[{"floor":1,"key":"LetterFromLob"},{"floor":6,"key":"Singing Bowl"},{"floor":13,"key":"Dream Catcher"},{"floor":23,"key":"Toy Ornithopter"},{"floor":26,"key":"Orichalcum"},{"floor":29,"key":"AtMidnight"}],"event_choices":[],"is_beta":false,"boss_relics":[{"not_picked":["Runic Dome","Busted Crown","Ring of Chaos"]},{"not_picked":["Replay:Drink Me","Painkiller Herb"],"picked":"SacredBark"}],"items_purged_floors":[31],"is_endless":false,"potions_floor_spawned":[3,6,12,13,16,21,22,24,33,35],"killed_by":"Hallownest:2_Littles","ascension_level":0}}