{"host":"jfbo3eu2ui08ej1u","time":1612071695,"event":{"mods":["2.2 Compatiblity","AchievementEnabler","Act Like it!","Aspiration","BaseMod","Better Altar","Better Match","Better Note","Better Sensory Stone","Better Skull","Better Third Choice","Block Reminder","Colored Map","Colored Powertips","Conspire","DeckTracker","Displayed Cursed Tome","Energized Spire","Fox Events","GifTheSpireLib","Hubris","Infinite Spire","Marked Mod","Minty Spire (QoL Compilation)","Pale of the Ancients","Poor People Problems","Quick Restart","Relic Filter","Reliquary","Reorder Act Four","Replay The Spire","Shop Mod","Spicy Shops","Spire Arcade","StSLib","Stuff the Spire","The Blue Laboratory","The Disciple","The Forsaken","The Hierophant","The Marked","Uncapped","Unceasing Turn Reminder","Wandering Minibosses"],"gold_per_floor":[111,130,35,210,224,224,253,282,308,438,448,79,79,79,79,183,183,154,154,206,221,221,346,356,271,319,423,423,481,481,580,580,677,677,686,240,240,92,115,256,265,363,363,483,493,493,41,41,41,41,46,863,863,419,419,442,442,10,10,10,10],"floor_reached":60,"language":"ENG","playtime":3191,"items_purged":["hierophant:Strike_Hierophant"],"score":1654,"play_id":"0e08dda4-8bd2-4025-ae91-b769f6e77037","local_time":"20210131004135","is_ascension_mode":true,"campfire_choices":[{"data":"hierophant:ChurchCoffers","floor":6.0,"key":"SMITH"},{"floor":13.0,"key":"REST"},{"data":"hierophant:Repentance","floor":30.0,"key":"SMITH"},{"data":"hierophant:Exaltation","floor":30.0,"key":"SMITH"},{"data":"hierophant:Sermon","floor":32.0,"key":"SMITH"},{"data":"hierophant:ThreeLashes","floor":32.0,"key":"SMITH"},{"data":"hierophant:Exaltation","floor":46.0,"key":"SMITH"},{"data":"hierophant:Exaltation","floor":46.0,"key":"SMITH"},{"data":"hierophant:DeathKnell","floor":49.0,"key":"SMITH"},{"data":"hierophant:Smite","floor":49.0,"key":"SMITH"},{"data":"StuffTheSpire:CelestialWarden","floor":55.0,"key":"SMITH"},{"data":"hierophant:FlamingChariot","floor":55.0,"key":"SMITH"},{"data":"hierophant:FieryStrike","floor":57.0,"key":"SMITH"},{"data":"hierophant:Defend_Hierophant","floor":57.0,"key":"SMITH"}],"circlet_count":0,"master_deck":["hierophant:Strike_Hierophant","hierophant:Strike_Hierophant","hierophant:Strike_Hierophant","hierophant:Punish+1","hierophant:Defend_Hierophant+1","hierophant:Defend_Hierophant","hierophant:Defend_Hierophant","hierophant:Defend_Hierophant","hierophant:ChurchCoffers+1","hierophant:FieryStrike+1","hierophant:FieryStrike+1","hierophant:Sermon+1","hierophant:FlamingChariot+1","hierophant:Levitation+1","hierophant:Exaltation+1","hierophant:Smite+1","hierophant:Repentance+1","hierophant:DeathKnell+1","Secret Technique+1","hierophant:ChurchCoffers+1","hierophant:Exaltation+1","hierophant:Exaltation+1","hierophant:FlamingChariot+1","hierophant:Smite+1","StuffTheSpire:CelestialWarden+1","hierophant:ThreeLashes+1"],"relics":["hierophant:PropheticMaskRelic","Omamori","ReplayTheSpireMod:CursedCoin","Shuriken","reliquary:Knoch","StuffTheSpire:TintedRock","Ancient Tea Set","reliquary:Boomerang","Replay:Arrowhead","hubris:Icosahedron","hubris:GrandSneckoEye","Bloody Idol","Iron Hammer","StuffTheSpire:GrapeVine","Akabeko","Whetstone","PreservedInsect","Lantern","theForsaken:Gavel","conspire:SlowCooker","StuffTheSpire:ForceGauntlet","StuffTheSpire:Mouthbags","aspiration:ChemicalBlood","infinitespire:ShieldingShard","infinitespire:EmpoweringShard","Blue Doll","Lee\u0027s Waffle","ReplayFunnel","aspiration:Lifesprig","Oddly Smooth Stone","paleoftheancients:Timepiece","Ice Cream","Gremlin Horn","paleoftheancients:SoulOfTheCollector","wanderingMiniBosses:MasterThiefsPresence","Oddly Smooth Stone","Orichalcum","infinitespire:Beetle Shell","Membership Card","Strawberry","Pear","Sundial"],"acts_visited":["Exordium","TheCity","TheBeyond","paleoftheancients:PaleOfTheAncients"],"potions_floor_usage":[],"damage_taken":[{"damage":0.0,"enemies":"Small Slimes","floor":1.0,"turns":3.0},{"damage":0.0,"enemies":"Jaw Worm","floor":2.0,"turns":4.0},{"damage":0.0,"enemies":"2 Louse","floor":5.0,"turns":1.0},{"damage":18.0,"enemies":"3 Sentries","floor":7.0,"turns":7.0},{"damage":9.0,"enemies":"conspire:MimicChest","floor":8.0,"turns":5.0},{"damage":10.0,"enemies":"Gremlin Nob","floor":10.0,"turns":3.0},{"damage":5.0,"enemies":"Looter","floor":11.0,"turns":3.0},{"damage":40.0,"enemies":"The Guardian","floor":16.0,"turns":14.0},{"damage":6.0,"enemies":"Chosen","floor":18.0,"turns":6.0},{"damage":0.0,"enemies":"Shell Parasite","floor":21.0,"turns":1.0},{"damage":3.0,"enemies":"Gremlin Leader","floor":23.0,"turns":5.0},{"damage":3.0,"enemies":"Cultist and Chosen","floor":24.0,"turns":3.0},{"damage":1.0,"enemies":"Book of Stabbing","floor":27.0,"turns":3.0},{"damage":10.0,"enemies":"Replay:Snechameleon","floor":29.0,"turns":3.0},{"damage":25.0,"enemies":"Nightmare","floor":31.0,"turns":4.0},{"damage":28.0,"enemies":"Collector","floor":33.0,"turns":8.0},{"damage":1.0,"enemies":"3 Shapes","floor":35.0,"turns":4.0},{"damage":3.0,"enemies":"Reptomancer","floor":40.0,"turns":4.0},{"damage":0.0,"enemies":"3 Darklings","floor":41.0,"turns":5.0},{"damage":0.0,"enemies":"R_Hoarder","floor":42.0,"turns":3.0},{"damage":0.0,"enemies":"Reptomancer","floor":44.0,"turns":2.0},{"damage":30.0,"enemies":"4 Shapes","floor":45.0,"turns":5.0},{"damage":13.0,"enemies":"Donu and Deca","floor":50.0,"turns":4.0},{"damage":21.0,"enemies":"Donu and Deca","floor":51.0,"turns":5.0},{"damage":7.0,"enemies":"Donu and Deca","floor":52.0,"turns":5.0},{"damage":0.0,"enemies":"Donu and Deca","floor":56.0,"turns":6.0},{"damage":181,"enemies":"paleoftheancients:N","floor":60,"turns":9}],"seed_played":"1975332149000042857","potions_obtained":[{"floor":1.0,"key":"ColorlessPotion"},{"floor":2.0,"key":"Swift Potion"},{"floor":7.0,"key":"AttackPotion"},{"floor":18.0,"key":"BlessingOfTheForge"},{"floor":22.0,"key":"foxEvents:VialedCaress"},{"floor":33.0,"key":"blueLaboratory:FruitPreserves"},{"floor":42.0,"key":"blueLaboratory:Moonshine"},{"floor":45.0,"key":"PowerPotion"},{"floor":45.0,"key":"DuplicationPotion"},{"floor":50.0,"key":"Strength Potion"},{"floor":51.0,"key":"blueLaboratory:LouseDecoction"},{"floor":52.0,"key":"Block Potion"}],"is_trial":false,"path_per_floor":["M","M","$","?","M","R","E","?","T","E","M","$","R","?","R_BF","B",null,"M","?","?","M","?","E","M","?","T","E","?","E","R","NM","R","B",null,"M","$","?","$","T","E","M","E","T","E","M","R","$","AVR","R","B","M","M","?","$","R","M","R","$","?","B"],"character_chosen":"HIEROPHANT","items_purchased":["ReplayTheSpireMod:CursedCoin","Shuriken","Replay:Arrowhead","StuffTheSpire:ForceGauntlet","Secret Technique","War Paint","Lee\u0027s Waffle","ReplayFunnel","aspiration:Lifesprig","Oddly Smooth Stone","Orichalcum","infinitespire:Beetle Shell","Membership Card","Strawberry","Pear","Sundial"],"campfire_rested":1,"item_purchase_floors":[3,3,12,36,36,38,47,47,47,54,54,54,58,58,58,58],"current_hp_per_floor":[75,75,75,75,75,75,57,48,48,38,33,33,55,55,75,35,75,69,31,36,41,41,48,63,63,63,63,63,58,58,38,38,20,63,63,63,63,63,63,63,63,63,63,63,38,38,70,70,70,70,65,70,70,70,70,70,70,87,87,0,0],"gold":10,"neow_bonus":"RANDOM_COMMON_RELIC","is_daily":false,"chose_seed":false,"campfire_upgraded":13,"win_rate":0.0,"timestamp":1612071695,"path_taken":["M","M","$","?","M","R","E","?","T","E","M","$","R","?","R_BF","BOSS","M","?","?","M","?","E","?","?","T","E","?","E","R","NM","R","BOSS","M","$","?","$","?","E","M","E","T","E","M","R","?","AVR","R","BOSS","M","M","?","$","R","M","R","$","?","BOSS"],"items_purchased_type":["Relic","Relic","Relic","Relic","Card","Relic","Relic","Relic","Relic","Relic","Relic","Relic","Relic","Relic","Relic","Relic"],"build_version":"2020-12-22","purchased_purges":1,"victory":false,"max_hp_per_floor":[75,75,75,75,75,75,75,75,75,75,75,75,75,75,75,75,75,75,75,75,75,63,63,63,63,63,63,63,63,63,63,63,63,63,63,63,63,63,63,63,63,63,63,63,63,63,70,70,70,70,70,70,70,70,70,70,70,87,87,87,87],"card_choices":[{"not_picked":["hierophant:Embezzle","hierophant:Sermon"],"picked":"hierophant:FieryStrike","floor":1.0},{"not_picked":["hierophant:AuricBeam","hierophant:RustyCrate"],"picked":"hierophant:FieryStrike","floor":2.0},{"not_picked":["hierophant:DisplayOfPower","hierophant:FlamingChariot"],"picked":"hierophant:ThreeLashes","floor":5.0},{"not_picked":["hierophant:RepressedViolence","hierophant:PristineSoul"],"picked":"hierophant:Sermon","floor":7.0},{"not_picked":["hierophant:Exaltation","hierophant:DivineIntervention","hierophant:SecretStash"],"picked":"SKIP","floor":10.0},{"not_picked":["hierophant:Encroach","hierophant:OrnateJavelin"],"picked":"hierophant:FlamingChariot","floor":11.0},{"not_picked":["hierophant:Cornucopia","hierophant:Determination"],"picked":"hierophant:Levitation","floor":16.0},{"not_picked":["hierophant:Purify","hierophant:Exaltation","hierophant:Encroach+1"],"picked":"SKIP","floor":18.0},{"not_picked":["hierophant:Remorse","hierophant:AuricShield"],"picked":"hierophant:Exaltation","floor":20.0},{"not_picked":["hierophant:Patience","hierophant:PristineSoul"],"picked":"hierophant:Smite","floor":20.0},{"not_picked":["hierophant:Rebuild","hierophant:Dazzle","hierophant:Zeal"],"picked":"SKIP","floor":21.0},{"not_picked":["hierophant:Embezzle","hierophant:Purify","hierophant:AuricBeam"],"picked":"SKIP","floor":23.0},{"not_picked":["hierophant:Remorse+1","hierophant:Determination","hierophant:FlamingChariot"],"picked":"SKIP","floor":24.0},{"not_picked":["hierophant:MirrorShield","hierophant:Doomsaying","hierophant:Rebuild"],"picked":"SKIP","floor":27.0},{"not_picked":["hierophant:Endure","hierophant:OrnateBuckler+1"],"picked":"hierophant:Repentance","floor":29.0},{"not_picked":["hierophant:Blessing","hierophant:OrnateJavelin","hierophant:AuricBeam"],"picked":"SKIP","floor":31.0},{"not_picked":["hierophant:BulkyChest","hierophant:Determination"],"picked":"hierophant:DeathKnell","floor":33.0},{"not_picked":["hierophant:Prophecy+1","hierophant:Shelter+1","hierophant:Zeal+1"],"picked":"SKIP","floor":35.0},{"not_picked":["hierophant:Remorse","hierophant:SecretStash+1"],"picked":"hierophant:Exaltation","floor":40.0},{"not_picked":["hierophant:OrnateBuckler+1","hierophant:WrathOfGod","hierophant:CoinFling+1"],"picked":"SKIP","floor":41.0},{"not_picked":["hierophant:Community","hierophant:Repentance","hierophant:Embezzle+1"],"picked":"SKIP","floor":42.0},{"not_picked":["hierophant:RepressedViolence+1","hierophant:Bribe+1"],"picked":"hierophant:Exaltation","floor":44.0},{"not_picked":["hierophant:PristineSoul","hierophant:Dazzle+1","hierophant:DisplayOfPower"],"picked":"SKIP","floor":45.0},{"not_picked":["hierophant:Smite","hierophant:Charity+1"],"picked":"hierophant:FlamingChariot","floor":51.0},{"not_picked":["hierophant:Encroach+1","hierophant:EyeForCoin"],"picked":"hierophant:Smite+1","floor":52.0},{"not_picked":["StuffTheSpire:Perfection","StuffTheSpire:Vigor"],"picked":"StuffTheSpire:CelestialWarden","floor":53.0},{"not_picked":["hierophant:Empathy","hierophant:Embezzle","hierophant:Prophecy+1"],"picked":"SKIP","floor":56.0}],"player_experience":1261698,"relics_obtained":[{"floor":7.0,"key":"reliquary:Knoch"},{"floor":8.0,"key":"StuffTheSpire:TintedRock"},{"floor":9.0,"key":"Ancient Tea Set"},{"floor":10.0,"key":"reliquary:Boomerang"},{"floor":20.0,"key":"Iron Hammer"},{"floor":23.0,"key":"StuffTheSpire:GrapeVine"},{"floor":26.0,"key":"Whetstone"},{"floor":27.0,"key":"PreservedInsect"},{"floor":29.0,"key":"Lantern"},{"floor":31.0,"key":"theForsaken:Gavel"},{"floor":39.0,"key":"StuffTheSpire:Mouthbags"},{"floor":40.0,"key":"aspiration:ChemicalBlood"},{"floor":42.0,"key":"infinitespire:ShieldingShard"},{"floor":43.0,"key":"infinitespire:EmpoweringShard"},{"floor":44.0,"key":"Blue Doll"},{"floor":52.0,"key":"paleoftheancients:SoulOfTheCollector"},{"floor":52.0,"key":"wanderingMiniBosses:MasterThiefsPresence"}],"event_choices":[{"damage_healed":0.0,"max_hp_gain":0.0,"max_hp_loss":0.0,"gold_gain":175.0,"event_name":"betterThird:BetterSerpent","player_choice":"AGREE","floor":4.0,"gold_loss":0.0,"damage_taken":35.0},{"damage_healed":0.0,"max_hp_gain":69.0,"max_hp_loss":31.0,"gold_gain":0.0,"event_name":"betterAltar:BetterAltar","player_choice":" Idol ","floor":19.0,"potions_obtained":[],"relics_lost":[],"gold_loss":0.0,"damage_taken":38.0,"relics_obtained":["Bloody Idol"]},{"damage_healed":0.0,"max_hp_gain":0.0,"max_hp_loss":0.0,"gold_gain":0.0,"event_name":"Addict","player_choice":"Obtained Relic","floor":25.0,"gold_loss":85.0,"damage_taken":0.0,"relics_obtained":["Akabeko"]},{"damage_healed":0.0,"max_hp_gain":0.0,"max_hp_loss":0.0,"gold_gain":0.0,"event_name":"Duplicator","player_choice":"Copied","floor":37.0,"gold_loss":0.0,"damage_taken":0.0,"cards_obtained":["hierophant:ChurchCoffers"]}],"is_beta":false,"boss_relics":[{"not_picked":["Replay:Wanted Poster","infinitespire:Cupcake"],"picked":"hubris:GrandSneckoEye"},{"not_picked":["energizedSpire:StickyHand","StuffTheSpire:RunicConfusion"],"picked":"conspire:SlowCooker"}],"items_purged_floors":[12],"is_endless":false,"potions_floor_spawned":[1,2,7,18,24,33,42,44,45,51],"killed_by":"paleoftheancients:N","ascension_level":1}}