{"host":"yx5rao87132cy5xq","time":1612084483,"event":{"mods":["2.2 Compatiblity","AchievementEnabler","BaseMod","Bestiary","Colored Map","Colored Powertips","Minty Spire (QoL Compilation)","Quick Restart","Relic Stats","Slay-I","SuperFastMode"],"gold_per_floor":[110,110,7,26,44,77,77,109,109,109,29,29,60,74,74,151,151,169,169,169,181,14,14,39,39,119,131,156,48,48,98,98,98,98],"floor_reached":33,"language":"ENG","playtime":1618,"items_purged":["Pain","Strike_R"],"score":563,"play_id":"d3d0a2f9-8b23-4bd9-92e3-d49f40c81de9","local_time":"20210131101443","is_ascension_mode":true,"campfire_choices":[{"data":"Wild Strike","floor":10.0,"key":"SMITH"},{"floor":12.0,"key":"REST"},{"floor":15.0,"key":"REST"},{"data":"Bash","floor":23.0,"key":"SMITH"},{"floor":32,"key":"REST"}],"circlet_count":0,"master_deck":["AscendersBane","Strike_R","Strike_R","Strike_R","Strike_R","Defend_R","Defend_R","Defend_R","Defend_R","Bash+1","Shrug It Off","Wild Strike+1","Warcry","Blood for Blood","Armaments","Wild Strike+1","Shrug It Off","Reaper","Iron Wave","Immolate","CurseOfTheBell","Shrug It Off","J.A.X.","Shockwave","Iron Wave","Feel No Pain","Second Wind","Fire Breathing+1","Battle Trance","Shrug It Off","Shame"],"relics":["Burning Blood","WarpedTongs","The Courier","Akabeko","Blue Candle","Regal Pillow","Calling Bell","InkBottle","Magic Flower","Lantern","Bottled Flame","Juzu Bracelet","Nunchaku","Kunai","Letter Opener","Centennial Puzzle"],"acts_visited":["Exordium","TheCity"],"potions_floor_usage":[24,33],"damage_taken":[{"damage":7.0,"enemies":"2 Louse","floor":1.0,"turns":3.0},{"damage":0.0,"enemies":"Cultist","floor":4.0,"turns":3.0},{"damage":11.0,"enemies":"Jaw Worm","floor":5.0,"turns":5.0},{"damage":29.0,"enemies":"Gremlin Nob","floor":6.0,"turns":4.0},{"damage":14.0,"enemies":"3 Sentries","floor":8.0,"turns":8.0},{"damage":8.0,"enemies":"Gremlin Nob","floor":13.0,"turns":3.0},{"damage":30.0,"enemies":"Exordium Thugs","floor":14.0,"turns":4.0},{"damage":7.0,"enemies":"Slime Boss","floor":16.0,"turns":13.0},{"damage":13.0,"enemies":"Chosen","floor":18.0,"turns":2.0},{"damage":29.0,"enemies":"Shell Parasite","floor":21.0,"turns":7.0},{"damage":36,"enemies":"Book of Stabbing","floor":24,"turns":7},{"damage":16,"enemies":"Snecko","floor":27,"turns":5},{"damage":31,"enemies":"Gremlin Leader","floor":28,"turns":7},{"damage":81,"enemies":"Automaton","floor":33,"turns":6}],"seed_played":"-3990292220808448507","potions_obtained":[{"floor":1.0,"key":"Explosive Potion"},{"floor":4.0,"key":"Dexterity Potion"},{"floor":8.0,"key":"Fire Potion"},{"floor":18.0,"key":"SkillPotion"},{"floor":27,"key":"Ancient Potion"},{"floor":28,"key":"DuplicationPotion"}],"is_trial":false,"path_per_floor":["M","?","$","M","M","E","?","E","T","R","$","R","E","M","R","B",null,"M","?","T","M","$","R","E","?","T","M","E","$","?","?","R","B"],"character_chosen":"IRONCLAD","items_purchased":["Warcry","Juzu Bracelet","Iron Wave","Battle Trance","Shrug It Off"],"campfire_rested":3,"item_purchase_floors":[3,22,22,29,29],"current_hp_per_floor":[67,67,67,73,68,45,45,37,37,37,37,59,57,38,75,75,75,71,71,71,51,51,51,42,42,42,35,36,36,36,36,73,0,0],"gold":98,"neow_bonus":"THREE_CARDS","is_daily":false,"chose_seed":false,"campfire_upgraded":2,"win_rate":0.0,"timestamp":1612084483,"path_taken":["M","?","$","?","M","E","?","E","T","R","$","R","E","M","R","BOSS","M","?","?","M","?","R","E","?","T","M","E","$","?","?","R","BOSS"],"items_purchased_type":["Card","Relic","Card","Card","Card"],"build_version":"2020-12-22","purchased_purges":2,"victory":false,"max_hp_per_floor":[75,75,75,75,75,75,75,75,75,75,75,75,75,75,75,75,75,75,75,75,75,75,75,75,75,75,75,75,75,75,75,75,75,75],"relic_stats":{"Regal Pillow":30,"counters":[14,77],"Blue Candle":[7],"Magic Flower":[29],"Juzu Bracelet":1,"Letter Opener":[5],"Burning Blood":87,"WarpedTongs":[74],"Nunchaku":[3],"Centennial Puzzle":[3],"Kunai":[5],"obtain_stats":[{"Regal Pillow":13,"Lantern":17,"Blue Candle":9,"Magic Flower":17,"The Courier":6,"Juzu Bracelet":22,"Letter Opener":28,"Burning Blood":0,"Akabeko":8,"WarpedTongs":2,"Calling Bell":17,"Bottled Flame":20,"Nunchaku":24,"Centennial Puzzle":30,"Kunai":26,"InkBottle":17},{"Regal Pillow":6,"Lantern":8,"Blue Candle":5,"Magic Flower":8,"The Courier":4,"Juzu Bracelet":10,"Letter Opener":13,"Burning Blood":0,"Akabeko":5,"WarpedTongs":1,"Calling Bell":8,"Bottled Flame":9,"Nunchaku":11,"Centennial Puzzle":13,"Kunai":11,"InkBottle":8},{"Regal Pillow":26,"Lantern":43,"Blue Candle":23,"Magic Flower":43,"The Courier":15,"Juzu Bracelet":52,"Letter Opener":71,"Burning Blood":0,"Akabeko":23,"WarpedTongs":3,"Calling Bell":43,"Bottled Flame":45,"Nunchaku":59,"Centennial Puzzle":71,"Kunai":59,"InkBottle":43}],"InkBottle":[10]},"card_choices":[{"not_picked":["Flex","Clothesline"],"picked":"Shrug It Off","floor":0.0},{"not_picked":["Pummel","Anger"],"picked":"Wild Strike","floor":1.0},{"not_picked":["Sever Soul","Ghostly Armor"],"picked":"Blood for Blood","floor":4.0},{"not_picked":["Warcry","Havoc"],"picked":"Armaments","floor":5.0},{"not_picked":["Inflame","True Grit"],"picked":"Wild Strike","floor":6.0},{"not_picked":["Headbutt","True Grit"],"picked":"Shrug It Off","floor":8.0},{"not_picked":["Pommel Strike","Clash"],"picked":"Reaper","floor":13.0},{"not_picked":["Shockwave","Infernal Blade"],"picked":"Iron Wave","floor":14.0},{"not_picked":["Reaper","Juggernaut"],"picked":"Immolate","floor":16.0},{"not_picked":["Feel No Pain","Havoc"],"picked":"Shrug It Off","floor":18.0},{"not_picked":["Seeing Red","Blood for Blood"],"picked":"Shockwave","floor":21.0},{"not_picked":["Twin Strike","Warcry"],"picked":"Feel No Pain","floor":24},{"not_picked":["Headbutt","Sword Boomerang"],"picked":"Fire Breathing+1","floor":27},{"not_picked":["Perfected Strike","Thunderclap","Pommel Strike"],"picked":"SKIP","floor":28}],"player_experience":926956,"relics_obtained":[{"floor":6.0,"key":"The Courier"},{"floor":8.0,"key":"Akabeko"},{"floor":9.0,"key":"Blue Candle"},{"floor":13.0,"key":"Regal Pillow"},{"floor":17.0,"key":"InkBottle"},{"floor":17.0,"key":"Magic Flower"},{"floor":17.0,"key":"Lantern"},{"floor":20.0,"key":"Bottled Flame"},{"floor":24,"key":"Nunchaku"},{"floor":26,"key":"Kunai"},{"floor":28,"key":"Letter Opener"}],"event_choices":[{"damage_healed":0.0,"max_hp_gain":0.0,"max_hp_loss":0.0,"gold_gain":0.0,"event_name":"Accursed Blacksmith","player_choice":"Rummage","floor":2.0,"gold_loss":0.0,"damage_taken":0.0,"relics_obtained":["WarpedTongs"],"cards_obtained":["Pain"]},{"damage_healed":0.0,"max_hp_gain":0.0,"max_hp_loss":0.0,"gold_gain":0.0,"event_name":"Living Wall","player_choice":"Grow","floor":7.0,"gold_loss":0.0,"damage_taken":0.0,"cards_upgraded":["Wild Strike"]},{"damage_healed":0.0,"max_hp_gain":0.0,"max_hp_loss":0.0,"gold_gain":0.0,"event_name":"Drug Dealer","player_choice":"Obtain J.A.X.","floor":19.0,"gold_loss":0.0,"damage_taken":0.0,"cards_obtained":["J.A.X."]},{"damage_healed":0,"gold_gain":0,"player_choice":"Read","damage_taken":0,"max_hp_gain":0,"max_hp_loss":0,"event_name":"The Library","floor":25,"gold_loss":0,"cards_obtained":["Second Wind"]},{"damage_healed":0,"gold_gain":0,"player_choice":"Stole Relic","damage_taken":0,"relics_obtained":["Centennial Puzzle"],"max_hp_gain":0,"max_hp_loss":0,"event_name":"Addict","floor":30,"gold_loss":0,"cards_obtained":["Shame"]},{"damage_healed":0,"gold_gain":50,"player_choice":"Stole From Cult","damage_taken":0,"max_hp_gain":0,"max_hp_loss":0,"event_name":"Nest","floor":31,"gold_loss":0}],"is_beta":false,"boss_relics":[{"not_picked":["Tiny House","Philosopher\u0027s Stone"],"picked":"Calling Bell"}],"items_purged_floors":[3,11],"is_endless":false,"potions_floor_spawned":[1,4,8,18,27,28],"killed_by":"Automaton","ascension_level":16}}