{"host":"cbu6enf2xtq4r7r3","time":1612117562,"event":{"mods":["2.2 Compatiblity","AlwaysNeverKeys","BaseMod","Better Match","Better Note","Better Sensory Stone","Better Skull","Better Third Choice","Colored Map","Colored Powertips","Defuse TimeMaze Blight","Emptier Cage","Minty Spire (QoL Compilation)","Permanent Neow","Quick Restart","Random Character Button","Relic Sorter","Reorder Act Four","Shop Mod","StSLib"],"gold_per_floor":[112,112,33,33,49,49,78,78,103,103,117,129,15,43,43,148,148,160,160,70,88,99,99,129,129,156,169,169,181,207,222,222,327,327,345,363,363,86,106,137,156,156,207,132,144,159,159,176,176,176],"floor_reached":51,"language":"ENG","playtime":2416,"items_purged":["Strike_B","Strike_B"],"score":1127,"play_id":"02d1be0a-5ec4-4304-8643-e66062bb9ce9","local_time":"20210131192602","is_ascension_mode":true,"campfire_choices":[{"floor":6,"key":"REST"},{"data":"Biased Cognition","floor":10,"key":"SMITH"},{"data":"Zap","floor":15,"key":"SMITH"},{"data":"Self Repair","floor":23,"key":"SMITH"},{"data":"Blind","floor":25,"key":"SMITH"},{"floor":28,"key":"REST"},{"data":"Capacitor","floor":32,"key":"SMITH"},{"data":"Creative AI","floor":42,"key":"SMITH"},{"data":"FTL","floor":47,"key":"SMITH"},{"floor":49,"key":"REST"}],"circlet_count":0,"master_deck":["Defend_B+1","Defend_B+1","Defend_B","Defend_B","Zap+1","Dualcast+1","Biased Cognition+1","Scrape","Blind+1","Lockon","DevaForm","Steam+1","Undo+1","Scrape","Cold Snap","FTL+1","Coolheaded+1","Fission+1","Skim+1","Armaments+1","Melter","Self Repair+1","Steam+1","Conserve Battery+1","All For One","Skim+1","Capacitor+1","Creative AI+1","Conserve Battery+1","Leap+1","Glacier+1","Leap+1","Panache+1","Chaos+1","Cold Snap","Glacier+1"],"relics":["Cracked Core","Toxic Egg 2","Bottled Tornado","Bronze Scales","Happy Flower","Philosopher\u0027s Stone","Symbiotic Virus","PreservedInsect","Dead Branch","Sozu","War Paint","Pear","Toy Ornithopter"],"acts_visited":["Exordium","TheCity","TheBeyond"],"potions_floor_usage":[14,16,21,22,24,29,30],"damage_taken":[{"damage":0,"enemies":"Small Slimes","floor":1,"turns":2},{"damage":0,"enemies":"2 Louse","floor":5,"turns":1},{"damage":5,"enemies":"Gremlin Nob","floor":7,"turns":3},{"damage":0,"enemies":"Cultist","floor":11,"turns":3},{"damage":0,"enemies":"Looter","floor":12,"turns":3},{"damage":5,"enemies":"3 Sentries","floor":14,"turns":4},{"damage":0,"enemies":"The Guardian","floor":16,"turns":9},{"damage":0,"enemies":"Spheric Guardian","floor":18,"turns":3},{"damage":12,"enemies":"3 Byrds","floor":21,"turns":3},{"damage":4,"enemies":"Centurion and Healer","floor":22,"turns":5},{"damage":26,"enemies":"Slavers","floor":24,"turns":5},{"damage":11,"enemies":"Shelled Parasite and Fungi","floor":27,"turns":3},{"damage":10,"enemies":"Cultist and Chosen","floor":29,"turns":6},{"damage":4,"enemies":"Book of Stabbing","floor":30,"turns":3},{"damage":3,"enemies":"Snake Plant","floor":31,"turns":3},{"damage":13,"enemies":"Collector","floor":33,"turns":15},{"damage":24,"enemies":"Orb Walker","floor":35,"turns":3},{"damage":12,"enemies":"3 Shapes","floor":36,"turns":5},{"damage":2,"enemies":"Sphere and 2 Shapes","floor":39,"turns":6},{"damage":0,"enemies":"Giant Head","floor":40,"turns":6},{"damage":35,"enemies":"Transient","floor":41,"turns":5},{"damage":0,"enemies":"3 Darklings","floor":45,"turns":3},{"damage":26,"enemies":"Spire Growth","floor":46,"turns":5},{"damage":0,"enemies":"Writhing Mass","floor":48,"turns":1},{"damage":13,"enemies":"Awakened One","floor":50,"turns":9}],"seed_played":"-5578270851322468238","potions_obtained":[{"floor":7,"key":"Strength Potion"},{"floor":11,"key":"Strength Potion"},{"floor":12,"key":"Explosive Potion"},{"floor":16,"key":"Dexterity Potion"},{"floor":18,"key":"FearPotion"},{"floor":24,"key":"FairyPotion"},{"floor":27,"key":"LiquidMemories"},{"floor":29,"key":"AttackPotion"}],"is_trial":false,"path_per_floor":["M","?","$","?","M","R","E","?","T","R","M","M","$","E","R","B",null,"M","?","?","M","M","R","E","R","T","M","R","M","E","M","R","B",null,"M","M","?","$","M","E","M","R","T","?","M","M","R","M","R","B",null],"character_chosen":"DEFECT","items_purchased":["Lockon","FTL","Leap+1","War Paint"],"campfire_rested":3,"item_purchase_floors":[3,13,38,38],"current_hp_per_floor":[50,50,50,23,23,45,40,40,40,40,40,40,40,35,35,35,65,65,65,65,53,49,49,33,33,33,22,44,44,50,57,57,54,70,56,54,54,54,62,82,57,57,57,57,67,51,51,51,76,73],"gold":176,"neow_bonus":"THREE_RARE_CARDS","is_daily":false,"chose_seed":false,"campfire_upgraded":7,"win_rate":0.0,"timestamp":1612117562,"path_taken":["M","?","$","?","M","R","E","?","T","R","?","M","$","E","R","BOSS","M","?","?","M","M","R","E","R","T","M","R","M","E","?","R","BOSS","M","M","?","$","M","E","M","R","T","?","M","M","R","M","R","BOSS"],"items_purchased_type":["Card","Card","Card","Relic"],"build_version":"2020-12-22","purchased_purges":2,"victory":true,"max_hp_per_floor":[75,75,75,75,75,75,75,75,75,75,75,75,75,75,75,75,75,75,75,75,75,75,75,75,75,75,75,75,75,75,75,75,75,75,75,75,75,75,75,85,85,85,85,85,85,85,85,85,85,85],"card_choices":[{"not_picked":["Meteor Strike","Thunder Strike"],"picked":"Biased Cognition","floor":0},{"not_picked":["Streamline","Redo"],"picked":"Scrape","floor":1},{"not_picked":["Forethought","Transmutation"],"picked":"Blind","floor":2},{"not_picked":["Recycle+1","Double Energy+1"],"picked":"Steam+1","floor":5},{"not_picked":["Doom and Gloom","Sunder"],"picked":"Undo+1","floor":7},{"not_picked":["Stack+1","Turbo+1"],"picked":"Cold Snap","floor":11},{"not_picked":["Barrage","Darkness+1","Sunder"],"picked":"SKIP","floor":12},{"not_picked":["Cold Snap","Sweeping Beam"],"picked":"Coolheaded+1","floor":14},{"not_picked":["Machine Learning","Amplify+1"],"picked":"Fission+1","floor":16},{"not_picked":["Gash","Stack+1"],"picked":"Skim+1","floor":18},{"not_picked":["Sweeping Beam","Gash"],"picked":"Melter","floor":21},{"not_picked":["Stack+1","Redo+1"],"picked":"Self Repair","floor":22},{"not_picked":["Go for the Eyes","Redo+1"],"picked":"Steam+1","floor":24},{"not_picked":["Chaos+1","Stack+1"],"picked":"Conserve Battery+1","floor":27},{"not_picked":["Hologram+1","Ball Lightning+1"],"picked":"All For One","floor":29},{"not_picked":["Steam+1","Hologram+1"],"picked":"Skim+1","floor":30},{"not_picked":["Barrage","Compile Driver"],"picked":"Capacitor","floor":31},{"not_picked":["Amplify+1","Echo Form"],"picked":"Creative AI","floor":33},{"not_picked":["Darkness+1","Go for the Eyes+1","Beam Cell"],"picked":"SKIP","floor":35},{"not_picked":["Sweeping Beam+1","Reinforced Body+1"],"picked":"Conserve Battery+1","floor":36},{"not_picked":["Barrage+1","Reinforced Body+1"],"picked":"Glacier+1","floor":39},{"not_picked":["Rebound","Consume+1"],"picked":"Leap+1","floor":40},{"not_picked":["Rebound+1","Fusion+1","Sweeping Beam+1"],"picked":"SKIP","floor":41},{"not_picked":["Apotheosis+1","Master of Strategy+1"],"picked":"Panache+1","floor":44},{"not_picked":["Recycle+1","Electrodynamics"],"picked":"Chaos+1","floor":45},{"not_picked":["Fusion+1","Compile Driver+1"],"picked":"Cold Snap","floor":46},{"not_picked":["Fusion+1","Reprogram+1"],"picked":"Glacier+1","floor":48}],"player_experience":120699,"relics_obtained":[{"floor":7,"key":"Bottled Tornado"},{"floor":9,"key":"Bronze Scales"},{"floor":14,"key":"Happy Flower"},{"floor":24,"key":"Symbiotic Virus"},{"floor":26,"key":"PreservedInsect"},{"floor":30,"key":"Dead Branch"},{"floor":40,"key":"Pear"},{"floor":43,"key":"Toy Ornithopter"}],"event_choices":[{"damage_healed":0,"gold_gain":1,"player_choice":"1","damage_taken":0,"max_hp_gain":0,"max_hp_loss":0,"event_name":"betterStone:BetterStone","floor":2,"gold_loss":0},{"damage_healed":0,"gold_gain":0,"cards_transformed":["Strike_B"],"player_choice":"Transformed","damage_taken":0,"max_hp_gain":0,"max_hp_loss":0,"event_name":"Transmorgrifier","floor":8,"gold_loss":0,"cards_obtained":["Scrape"]},{"cards_removed":["Undo"],"damage_healed":0,"gold_gain":0,"player_choice":"Take \u0026 Give","damage_taken":0,"max_hp_gain":0,"max_hp_loss":0,"event_name":"betterNote:BetterNote","floor":19,"gold_loss":0,"cards_obtained":["Armaments"]},{"cards_removed":["Strike_B"],"damage_healed":0,"gold_gain":0,"player_choice":"Upgrade and Remove","damage_taken":0,"max_hp_gain":0,"max_hp_loss":0,"event_name":"Designer","floor":20,"gold_loss":90,"cards_upgraded":["Defend_B"]},{"damage_healed":0,"gold_gain":0,"player_choice":"Ignored","damage_taken":0,"max_hp_gain":0,"max_hp_loss":0,"event_name":"Tomb of Lord Red Mask","floor":37,"gold_loss":0},{"damage_healed":0,"gold_gain":0,"player_choice":"2","damage_taken":0,"max_hp_gain":0,"max_hp_loss":0,"event_name":"betterMatch:BetterMatch","floor":44,"gold_loss":0,"cards_obtained":["betterMatch:ColorlessRareCard"]}],"is_beta":false,"boss_relics":[{"not_picked":["Snecko Eye","Pandora\u0027s Box"],"picked":"Philosopher\u0027s Stone"},{"not_picked":["Nuclear Battery","Coffee Dripper"],"picked":"Sozu"}],"items_purged_floors":[13,38],"is_endless":false,"potions_floor_spawned":[7,11,12,16,18,24,27,29,35,36,41],"ascension_level":7}}