{"host":"2htk0ftrajbcnypf","time":1612098822,"event":{"mods":["AchievementEnabler","BaseMod","Better Note","Custom Start","Grow up Mod","Minty Spire (QoL Compilation)","Permanent Neow","Rare Cards Sparkle","Relic Filter Mod","Remove Card Discount Mod","Replay The Spire","StSLib","SuperFastMode"],"gold_per_floor":[112,112,56,56,109,140,165,165,165,188,203,226,55,130,130,258,258,282,301,48,48,48,48,91,91,91,107,107,120,118,142,142,270,333,348,41,64,88,4,4,47,71,96,167,218,270,270,317,317,377],"floor_reached":51,"language":"ZHS","playtime":1990,"items_purged":["Injury","Strike_R","Strike_R","Defend_R","Defend_R","Bash","Strike_R","Defend_R","Strike_R","Regret","ReplayTheSpireMod:Splinters","Iron Wave","Strike_R+1","Burning Pact","Armaments+1"],"score":649,"play_id":"defce4b0-891a-4e8b-adc0-c92c1f90c1ff","local_time":"20210131211342","is_ascension_mode":false,"campfire_choices":[{"data":"Pommel Strike","floor":8,"key":"SMITH"},{"data":"Pommel Strike","floor":15,"key":"SMITH"},{"data":"Replay:Many Hands","floor":23,"key":"SMITH"},{"data":"Anger","floor":25,"key":"SMITH"},{"data":"Panache","floor":28,"key":"SMITH"},{"data":"Brutality","floor":32,"key":"SMITH"},{"data":"Thunderclap","floor":40,"key":"SMITH"},{"data":"Flash of Steel","floor":47,"key":"SMITH"},{"data":"Flex","floor":49,"key":"SMITH"}],"circlet_count":0,"master_deck":["Defend_R+3","Pommel Strike+1","ReplayTheSpireMod:Faulty Equipment","Finesse+1","Pommel Strike+1","Anger+1","Intimidate","Flex+1","Brutality+1","Panache+1","Replay:Many Hands+1","Replay:Undeath\u0027s Touch+1","Burning Pact+1","Dropkick+1","Twin Strike+1","Thunderclap+1","Clash","Flash of Steel+1","Clash+1"],"relics":["Black Blood","Golden Idol","ReplayTheSpireMod:CursedCoin","Simple Rune","Vajra","War Paint","Replay:WaspNest","Happy Flower","Letter Opener","Replay:Wax Seal","Mercury Hourglass","Replay:Grab Bag","SlaversCollar","Philosopher\u0027s Stone","Tiny House","Bag of Marbles","OrangePellets","Frozen Egg 2","Replay:Bandana"],"acts_visited":["Exordium","TheCity","TheBeyond"],"potions_floor_usage":[6,16,27,37,50,50,50],"damage_taken":[{"damage":3,"enemies":"Jaw Worm","floor":1,"turns":4},{"damage":16,"enemies":"3 Sentries","floor":6,"turns":7},{"damage":0,"enemies":"Small Slimes","floor":7,"turns":2},{"damage":4,"enemies":"2 Louse","floor":11,"turns":2},{"damage":13,"enemies":"Exordium Thugs","floor":12,"turns":3},{"damage":27,"enemies":"The Guardian","floor":16,"turns":5},{"damage":11,"enemies":"Spheric Guardian","floor":18,"turns":3},{"damage":17,"enemies":"Chosen","floor":19,"turns":4},{"damage":1,"enemies":"Gremlin Leader","floor":24,"turns":2},{"damage":4,"enemies":"3 Cultists","floor":27,"turns":3},{"damage":12,"enemies":"Centurion and Healer","floor":29,"turns":2},{"damage":10,"enemies":"Shelled Parasite and Fungi","floor":31,"turns":2},{"damage":49,"enemies":"Champ","floor":33,"turns":5},{"damage":23,"enemies":"3 Shapes","floor":35,"turns":3},{"damage":5,"enemies":"Orb Walker","floor":37,"turns":2},{"damage":12,"enemies":"Jaw Worm Horde","floor":38,"turns":2},{"damage":34,"enemies":"Nemesis","floor":41,"turns":3},{"damage":4,"enemies":"Transient","floor":42,"turns":5},{"damage":1,"enemies":"Maw","floor":44,"turns":2},{"damage":22,"enemies":"4 Shapes","floor":45,"turns":2},{"damage":1,"enemies":"Spire Growth","floor":46,"turns":2},{"damage":18,"enemies":"Jaw Worm Horde","floor":48,"turns":2},{"damage":52,"enemies":"Replay:Hell Engine","floor":50,"turns":4}],"seed_played":"-3979431260855572711","potions_obtained":[{"floor":5,"key":"Ancient Potion"},{"floor":12,"key":"Dexterity Potion"},{"floor":19,"key":"AttackPotion"},{"floor":24,"key":"Explosive Potion"},{"floor":33,"key":"Strength Potion"},{"floor":34,"key":"Weak Potion"},{"floor":41,"key":"FairyPotion"},{"floor":44,"key":"Swift Potion"}],"is_trial":false,"path_per_floor":["M","?","$","?","?","E","M","R","T","T","M","M","$","?","R","B",null,"M","M","$","?","?","R","E","R","T","M","R","M","$","M","R","B",null,"M","$","M","M","$","R","E","M","T","M","M","M","R","M","R","B",null],"character_chosen":"IRONCLAD","items_purchased":["ReplayTheSpireMod:CursedCoin","Finesse","Pommel Strike","Anger","Panache","Letter Opener","Bag of Marbles","OrangePellets","Flash of Steel"],"campfire_rested":0,"item_purchase_floors":[3,3,3,3,13,20,36,36,39],"current_hp_per_floor":[100,110,120,130,140,140,156,166,176,186,198,201,211,199,209,198,260,270,275,285,295,305,315,330,340,350,360,370,380,390,400,410,383,435,434,444,461,471,481,491,479,497,507,528,528,549,559,563,573,543],"gold":377,"neow_bonus":"","is_daily":false,"chose_seed":false,"campfire_upgraded":9,"win_rate":0.0,"timestamp":1612098822,"path_taken":["M","?","$","?","?","E","?","R","T","?","M","M","$","?","R","BOSS","M","?","?","?","?","R","E","R","T","M","R","?","$","M","R","BOSS","M","$","M","M","$","R","E","M","T","?","M","M","R","M","R","BOSS"],"items_purchased_type":["Relic","Card","Card","Card","Card","Relic","Relic","Relic","Card"],"build_version":"2020-12-22","purchased_purges":15,"victory":true,"max_hp_per_floor":[100,110,120,130,140,150,160,170,180,190,200,210,220,230,240,250,260,270,280,290,300,310,320,330,340,350,360,370,380,390,400,410,420,435,445,455,465,475,485,495,505,515,525,535,545,555,565,575,585,595],"card_choices":[{"not_picked":["Headbutt","Perfected Strike"],"picked":"Pommel Strike","floor":1},{"not_picked":["ReplayTheSpireMod:Stacked","Thunderclap"],"picked":"Burning Pact","floor":5},{"not_picked":["Sword Boomerang","Twin Strike"],"picked":"Iron Wave","floor":5},{"not_picked":["Cleave","Rupture"],"picked":"Intimidate","floor":6},{"not_picked":["Twin Strike","Thunderclap"],"picked":"Flex","floor":7},{"not_picked":["Sever Soul","Twin Strike"],"picked":"Brutality","floor":11},{"not_picked":["Sword Boomerang","Hemokinesis"],"picked":"Cleave","floor":12},{"not_picked":["Feed","Demonic Infusion"],"picked":"Replay:Many Hands","floor":16},{"not_picked":["Shrug It Off","Replay:Undeath\u0027s Touch"],"picked":"Armaments+1","floor":18},{"not_picked":["Headbutt","Sword Boomerang"],"picked":"Replay:Undeath\u0027s Touch+1","floor":19},{"not_picked":["Juggernaut","True Grit","Flex"],"picked":"SKIP","floor":24},{"not_picked":["Pommel Strike","Warcry"],"picked":"Burning Pact+1","floor":27},{"not_picked":["Second Wind","Body Slam"],"picked":"Dropkick+1","floor":29},{"not_picked":["Clothesline","Life Link"],"picked":"Twin Strike+1","floor":31},{"not_picked":["Hemokinesis","Dark Embrace"],"picked":"Thunderclap","floor":34},{"not_picked":["Iron Wave+1","Perfected Strike","Warcry"],"picked":"SKIP","floor":35},{"not_picked":["Perfected Strike","Feel No Pain+1","True Grit"],"picked":"SKIP","floor":37},{"not_picked":["Pommel Strike+1","Armaments"],"picked":"Clash","floor":38},{"not_picked":["Uppercut","Replay:Many Hands","ReplayReversal"],"picked":"SKIP","floor":41},{"not_picked":["Twin Strike+1","Sword Boomerang","Anger"],"picked":"SKIP","floor":42},{"not_picked":["Run Through","Replay:Undeath\u0027s Touch","Clothesline+1"],"picked":"SKIP","floor":44},{"not_picked":["Iron Wave+1","Metallicize+1","Thunderclap"],"picked":"SKIP","floor":45},{"not_picked":["Headbutt+1","Corruption+1"],"picked":"Clash+1","floor":46},{"not_picked":["Shrug It Off","Thunderclap+1","Twin Strike+1"],"picked":"SKIP","floor":48}],"player_experience":0,"relics_obtained":[{"floor":5,"key":"Vajra"},{"floor":6,"key":"War Paint"},{"floor":9,"key":"Replay:WaspNest"},{"floor":10,"key":"Happy Flower"},{"floor":24,"key":"Replay:Wax Seal"},{"floor":26,"key":"Mercury Hourglass"},{"floor":41,"key":"Frozen Egg 2"},{"floor":43,"key":"Replay:Bandana"}],"event_choices":[{"damage_healed":0,"gold_gain":0,"player_choice":"Take Wound","damage_taken":0,"relics_obtained":["Golden Idol"],"max_hp_gain":0,"max_hp_loss":0,"event_name":"Golden Idol","floor":2,"gold_loss":0,"cards_obtained":["Injury"]},{"damage_healed":0,"gold_gain":0,"player_choice":"Box","damage_taken":0,"relics_obtained":["Simple Rune"],"max_hp_gain":0,"max_hp_loss":0,"event_name":"Big Fish","floor":4,"gold_loss":0,"cards_obtained":["Regret"]},{"damage_healed":0,"gold_gain":75,"player_choice":"Touch","damage_taken":22,"max_hp_gain":0,"max_hp_loss":0,"event_name":"FaceTrader","floor":14,"gold_loss":0},{"damage_healed":0,"gold_gain":0,"player_choice":"Ignored","damage_taken":0,"max_hp_gain":0,"max_hp_loss":0,"event_name":"N\u0027loth","floor":21,"gold_loss":0},{"cards_removed":["Cleave"],"damage_healed":0,"gold_gain":0,"player_choice":"Purged","damage_taken":0,"max_hp_gain":0,"max_hp_loss":0,"event_name":"Purifier","floor":22,"gold_loss":0}],"is_beta":false,"boss_relics":[{"not_picked":["Fusion Hammer","Runic Pyramid"],"picked":"Black Blood"},{"not_picked":["SacredBark","Empty Cage"],"picked":"Replay:Grab Bag"},{"not_picked":["Busted Crown","Sozu"],"picked":"SlaversCollar"},{"not_picked":["Coffee Dripper","Circlet"],"picked":"Philosopher\u0027s Stone"},{"not_picked":["Calling Bell","Astrolabe"],"picked":"Tiny House"}],"items_purged_floors":[3,3,3,3,3,3,3,3,3,13,13,13,20,30,36],"is_endless":false,"potions_floor_spawned":[12,19,24,33,41,42,44,45,48],"ascension_level":0}}