{"host":"nnmmiiw4bez2c8ei","time":1612062666,"event":{"mods":["AchievementEnabler","BaseMod","Colored Map","Colored Powertips","Minty Spire (QoL Compilation)","Rare Cards Sparkle","StSLib"],"gold_per_floor":[117,117,26,201,214,248,248,290,317,317,348,367,439,389,389,498,498,527,545,573,582,611,611,611,611],"floor_reached":24,"language":"KOR","playtime":976,"items_purged":[],"score":296,"play_id":"ad4fae20-609b-4324-a22d-52a67f5fba78","local_time":"20210131121106","is_ascension_mode":true,"campfire_choices":[{"data":"Metallicize","floor":7.0,"key":"SMITH"},{"floor":15.0,"key":"REST"},{"data":"Armaments","floor":23.0,"key":"SMITH"}],"circlet_count":0,"master_deck":["Strike_R","Strike_R","Strike_R+1","Defend_R+1","Defend_R","Defend_R","Bash","Hemokinesis","Battle Trance","Panacea","Metallicize+1","Metallicize","Berserk","Bloodletting","Flex","Feed","Armaments+1","Twin Strike","Armaments","Evolve","Panacea","Cleave"],"relics":["Burning Blood","NeowsBlessing","CeramicFish","Bag of Marbles","Nunchaku","Akabeko","Paper Frog","SacredBark"],"acts_visited":["Exordium","TheCity"],"potions_floor_usage":[24],"damage_taken":[{"damage":0.0,"enemies":"Jaw Worm","floor":1.0,"turns":1.0},{"damage":0.0,"enemies":"2 Louse","floor":5.0,"turns":1.0},{"damage":0.0,"enemies":"Lagavulin","floor":6.0,"turns":1.0},{"damage":15.0,"enemies":"3 Sentries","floor":8.0,"turns":13.0},{"damage":19.0,"enemies":"Lagavulin","floor":11.0,"turns":5.0},{"damage":6.0,"enemies":"Small Slimes","floor":12.0,"turns":3.0},{"damage":15.0,"enemies":"Gremlin Nob","floor":13.0,"turns":3.0},{"damage":39.0,"enemies":"Hexaghost","floor":16.0,"turns":9.0},{"damage":8.0,"enemies":"2 Thieves","floor":18.0,"turns":4.0},{"damage":19.0,"enemies":"Shell Parasite","floor":20.0,"turns":6.0},{"damage":14.0,"enemies":"Cultist and Chosen","floor":22.0,"turns":8.0},{"damage":49,"enemies":"Book of Stabbing","floor":24,"turns":5}],"seed_played":"-7699251656540757145","potions_obtained":[{"floor":1.0,"key":"BloodPotion"},{"floor":6.0,"key":"SteroidPotion"},{"floor":8.0,"key":"Weak Potion"},{"floor":22.0,"key":"Strength Potion"}],"is_trial":false,"path_per_floor":["M","?","$","?","M","E","R","E","T","?","E","M","?","?","R","B",null,"M","?","M","?","M","R","E"],"character_chosen":"IRONCLAD","items_purchased":["Panacea"],"campfire_rested":1,"item_purchase_floors":[3],"current_hp_per_floor":[80,80,80,80,80,80,80,71,71,55,42,42,33,33,57,24,66,67,67,57,57,49,49,0,0],"gold":611,"neow_bonus":"THREE_ENEMY_KILL","is_daily":false,"chose_seed":false,"campfire_upgraded":2,"win_rate":0.0,"timestamp":1612062666,"path_taken":["M","?","$","?","M","E","R","E","T","?","E","?","?","?","R","BOSS","M","?","M","?","M","R","E"],"items_purchased_type":["Card"],"build_version":"2020-12-22","purchased_purges":0,"victory":false,"max_hp_per_floor":[80,80,80,80,80,80,80,80,80,80,80,80,80,80,80,80,80,83,83,86,86,86,86,86,86],"card_choices":[{"not_picked":["Anger","Sentinel"],"picked":"Hemokinesis","floor":1.0},{"not_picked":["Flex","Wild Strike"],"picked":"Metallicize","floor":5.0},{"not_picked":["Battle Trance","Body Slam"],"picked":"Metallicize","floor":6.0},{"not_picked":["Infernal Blade","Shrug It Off"],"picked":"Berserk","floor":8.0},{"not_picked":["Headbutt","Pommel Strike","Sword Boomerang"],"picked":"SKIP","floor":11.0},{"not_picked":["Flex","Twin Strike"],"picked":"Bloodletting","floor":12.0},{"not_picked":["Havoc","Headbutt"],"picked":"Flex","floor":13.0},{"not_picked":["Impervious","Fiend Fire"],"picked":"Feed","floor":16.0},{"not_picked":["Sword Boomerang","Clothesline"],"picked":"Armaments","floor":18.0},{"not_picked":["Heavy Blade","Cleave"],"picked":"Evolve","floor":20.0},{"not_picked":["Shrug It Off+1","Pommel Strike+1"],"picked":"Cleave","floor":22.0}],"player_experience":492445,"relics_obtained":[{"floor":6.0,"key":"CeramicFish"},{"floor":8.0,"key":"Bag of Marbles"},{"floor":9.0,"key":"Nunchaku"},{"floor":11.0,"key":"Akabeko"},{"floor":13.0,"key":"Paper Frog"}],"event_choices":[{"damage_healed":0.0,"max_hp_gain":0.0,"max_hp_loss":0.0,"gold_gain":0.0,"cards_transformed":["Strike_R"],"event_name":"Living Wall","player_choice":"Change","floor":2.0,"gold_loss":0.0,"damage_taken":0.0,"cards_obtained":["Battle Trance"]},{"damage_healed":0.0,"max_hp_gain":0.0,"max_hp_loss":0.0,"gold_gain":175.0,"event_name":"Liars Game","player_choice":"AGREE","floor":4.0,"gold_loss":0.0,"damage_taken":0.0,"cards_obtained":["Doubt"]},{"damage_healed":0.0,"max_hp_gain":0.0,"max_hp_loss":0.0,"gold_gain":0.0,"event_name":"Shining Light","player_choice":"Entered Light","floor":10.0,"gold_loss":0.0,"damage_taken":16.0,"cards_upgraded":["Strike_R","Defend_R"]},{"damage_healed":0.0,"max_hp_gain":0.0,"max_hp_loss":0.0,"gold_gain":0.0,"event_name":"Dead Adventurer","player_choice":"Searched \u00272\u0027 times","floor":13.0,"gold_loss":0.0,"damage_taken":0.0},{"cards_removed":["Doubt"],"damage_healed":0.0,"max_hp_gain":0.0,"max_hp_loss":0.0,"gold_gain":0.0,"event_name":"The Cleric","player_choice":"Card Removal","floor":14.0,"gold_loss":50.0,"damage_taken":0.0},{"damage_healed":0.0,"max_hp_gain":0.0,"max_hp_loss":0.0,"gold_gain":0.0,"cards_transformed":["Strike_R","Defend_R"],"event_name":"Drug Dealer","player_choice":"Became Test Subject","floor":19.0,"gold_loss":0.0,"damage_taken":0.0,"cards_obtained":["Twin Strike","Armaments"]},{"damage_healed":0.0,"max_hp_gain":0.0,"max_hp_loss":0.0,"gold_gain":0.0,"event_name":"Duplicator","player_choice":"Copied","floor":21.0,"gold_loss":0.0,"damage_taken":0.0,"cards_obtained":["Panacea"]}],"is_beta":false,"boss_relics":[{"not_picked":["Velvet Choker","SlaversCollar"],"picked":"SacredBark"}],"items_purged_floors":[],"is_endless":false,"potions_floor_spawned":[1,6,8,11,22],"killed_by":"Book of Stabbing","ascension_level":5}}