{"host":"d73an99q9oevilk5","time":1612106277,"event":{"mods":["2.2 Compatiblity","AchievementEnabler","Act Like it!","Aspiration","BaseMod","Beaked The Cultist","Better Third Choice","BetterRewards","Colored Map","Colored Powertips","Conspire","Downfall","GifTheSpireLib","Halation","Hubris","Infinite Spire","Mimic Mod","Minty Spire (QoL Compilation)","Quick Restart","Relic Sorter","Reliquary","Replay The Spire","Shop Mod","Spikes Relics","StSLib","Stuff the Spire","The Cursed","The Necromancer","The Saiyan","Waifu the Spire","egg","slay the spire mod where everything is the same but ironclad has a cowboy hat"],"gold_per_floor":[99,84,103,103,118,218,267,367,399,419,436,336,336,270,288,387,387,387,404,414,426,426,426],"floor_reached":22,"language":"ENG","playtime":1009,"items_purged":[],"score":186,"play_id":"2506195c-4027-4147-803e-8054bdafcc52","local_time":"20210131081757","is_ascension_mode":false,"campfire_choices":[{"data":"beaked:Ceremony","floor":1.0,"key":"SMITH"},{"data":"beaked:Ceremony","floor":8.0,"key":"SMITH"},{"data":"beaked:Ceremony","floor":12.0,"key":"SMITH"},{"floor":18.0,"key":"DIG"}],"circlet_count":0,"master_deck":["beaked:Strike_Y","beaked:Strike_Y","beaked:Strike_Y","beaked:Strike_Y","beaked:Strike_Y","beaked:Strike_Y","beaked:Defend_Y","beaked:Defend_Y","beaked:Defend_Y","beaked:Defend_Y","beaked:Ceremony+1","beaked:Ceremony+1","beaked:Ceremony+1","beaked:Evade","beaked:Insight","beaked:HuntressSpirit","beaked:CursingBlood","beaked:MimicHuntress","beaked:Evade","beaked:Foresight","beaked:Sacrifice","beaked:MachineSpirit"],"relics":["beaked:MendingPlumage","hubris:Towel","downfall:GremlinWheel","aspiration:Lifesprig","Shuriken","downfall:HeartBlessingGreen","aspiration:PoetsPen","Darkstone Periapt"],"acts_visited":["Exordium","TheCity"],"potions_floor_usage":[22,22],"damage_taken":[{"damage":10.0,"enemies":"downfall:FleeingMerchant","floor":2.0,"turns":4.0},{"damage":0.0,"enemies":"Small Slimes","floor":3.0,"turns":3.0},{"damage":7.0,"enemies":"2 Louse","floor":5.0,"turns":4.0},{"damage":33.0,"enemies":"2 Louse","floor":6.0,"turns":5.0},{"damage":38.0,"enemies":"Gremlin Nob","floor":9.0,"turns":5.0},{"damage":9.0,"enemies":"Cultist","floor":10.0,"turns":5.0},{"damage":15.0,"enemies":"Exordium Wildlife","floor":11.0,"turns":4.0},{"damage":9.0,"enemies":"downfall:FleeingMerchant","floor":14.0,"turns":4.0},{"damage":13.0,"enemies":"Blue Slaver","floor":15.0,"turns":5.0},{"damage":29.0,"enemies":"IC_STATUS_ARCHETYPE","floor":16.0,"turns":11.0},{"damage":32.0,"enemies":"Shell Parasite","floor":19.0,"turns":5.0},{"damage":43.0,"enemies":"Chosen and Byrds","floor":20.0,"turns":9.0},{"damage":29.0,"enemies":"Snake Plant","floor":21.0,"turns":5.0},{"damage":87,"enemies":"3 Cultists","floor":22,"turns":5}],"seed_played":"3409204662471930343","potions_obtained":[{"floor":0.0,"key":"EntropicBrew"},{"floor":0.0,"key":"Venom Potion"},{"floor":0.0,"key":"Ancient Potion"},{"floor":5.0,"key":"Weak Potion"},{"floor":9.0,"key":"Death Potion"},{"floor":15.0,"key":"Slimebound:ThreeZeroPotion"},{"floor":16.0,"key":"PowerPotion"},{"floor":19.0,"key":"Swift Potion"},{"floor":21.0,"key":"Block Potion"}],"is_trial":false,"path_per_floor":["R","$","M","?","M","?","T","R","E","M","M","R","?","$","M","B",null,"R_BF","M","M","M","M"],"character_chosen":"BEAKED_THE_CULTIST","items_purchased":["SkillPotion"],"campfire_rested":0,"item_purchase_floors":[14],"current_hp_per_floor":[50,46,50,50,46,27,27,27,4,11,12,12,12,14,22,28,50,50,37,34,43,0,0],"gold":426,"neow_bonus":"THREE_SMALL_POTIONS","is_daily":false,"chose_seed":false,"campfire_upgraded":3,"win_rate":0.0,"timestamp":1612106277,"path_taken":["R","$","M","?","M","?","T","R","E","?","M","R","?","$","M","BOSS","R_BF","M","M","M","M"],"items_purchased_type":["Potion"],"build_version":"2020-12-22","purchased_purges":0,"victory":false,"max_hp_per_floor":[50,50,50,50,50,50,50,50,50,50,50,50,50,50,50,50,50,50,50,50,50,50,50],"card_choices":[{"not_picked":["beaked:Roost","beaked:FeelMyPain"],"picked":"beaked:Evade","floor":2.0},{"not_picked":["beaked:Redirect","beaked:StickSmack","beaked:Windmill"],"picked":"SKIP","floor":3.0},{"not_picked":["beaked:SurvivalInstinct","beaked:Cower"],"picked":"beaked:Insight","floor":5.0},{"not_picked":["beaked:WarriorEssence","beaked:Daydream"],"picked":"beaked:HuntressSpirit","floor":9.0},{"not_picked":["beaked:FeelMyPain","beaked:MimicWarrior"],"picked":"beaked:CursingBlood","floor":10.0},{"not_picked":["beaked:Poke","beaked:Caw"],"picked":"beaked:MimicHuntress","floor":11.0},{"not_picked":["beaked:Caw","beaked:DigDeep"],"picked":"beaked:Evade","floor":14.0},{"not_picked":["beaked:Windmill","beaked:Redirect"],"picked":"beaked:Foresight","floor":15.0},{"not_picked":["beaked:FullHouse","beaked:ShadowFade"],"picked":"beaked:Sacrifice","floor":16.0},{"not_picked":["beaked:TuckingFeathers","beaked:Evade+1"],"picked":"beaked:MachineSpirit","floor":19.0},{"not_picked":["beaked:WarriorSpirit","beaked:MachineSpirit","beaked:Brace"],"picked":"SKIP","floor":20.0},{"not_picked":["beaked:RuinSticks","beaked:Tweet","beaked:Insight+1"],"picked":"SKIP","floor":21.0}],"player_experience":1802999,"relics_obtained":[{"floor":6.0,"key":"downfall:GremlinWheel"},{"floor":7.0,"key":"aspiration:Lifesprig"},{"floor":9.0,"key":"Shuriken"},{"floor":18.0,"key":"Darkstone Periapt"}],"event_choices":[{"damage_healed":0.0,"max_hp_gain":0.0,"max_hp_loss":0.0,"gold_gain":100.0,"event_name":"Wheel of Change","player_choice":"Gold","floor":8.0,"gold_loss":0.0,"damage_taken":0.0}],"is_beta":false,"boss_relics":[{"not_picked":["Painkiller Herb","Empty Cage"],"picked":"aspiration:PoetsPen"}],"items_purged_floors":[],"is_endless":false,"potions_floor_spawned":[5,9,10,15,16,19,21],"killed_by":"3 Cultists","ascension_level":0}}