{"host":"pdsyh71gl8fwuuoe","time":1612135532,"event":{"mods":["AchievementEnabler","Ascension Unlocker","BaseMod","Bestiary","Colored Powertips","Curses Come First","Custom Start","Highlight Path","Minty Spire (QoL Compilation)","Permanent Neow","Quick Restart","Relic Stats","StSLib"],"gold_per_floor":[114,129,129,31,50,50,81,81,81,0,25,25,25,40,40,142,142,157,57,57,71,71,71,71,71],"floor_reached":24,"language":"ENG","playtime":1213,"items_purged":["Strike_B","Strike_B"],"score":303,"play_id":"9e0457b0-538f-4a80-b077-be150e5516f9","local_time":"20210131182532","is_ascension_mode":true,"campfire_choices":[{"data":"Rip and Tear","floor":6,"key":"SMITH"},{"data":"Hologram","floor":8,"key":"SMITH"},{"data":"Defragment","floor":12,"key":"SMITH"},{"floor":15,"key":"REST"},{"data":"Rainbow","floor":23,"key":"SMITH"}],"circlet_count":0,"master_deck":["AscendersBane","Strike_B","Defend_B","Defend_B","Defend_B","Defend_B","Zap","Dualcast","Capacitor","Rip and Tear+1","Leap","Ball Lightning","Hologram+1","Defragment+1","Machine Learning","Sweeping Beam","Rainbow+1","Coolheaded","Conserve Battery","Writhe"],"relics":["Cracked Core","Darkstone Periapt","Blood Vial","Pen Nib","Orichalcum","Sozu","Omamori"],"acts_visited":["Exordium","TheCity"],"potions_floor_usage":[11],"damage_taken":[{"damage":8,"enemies":"Small Slimes","floor":1,"turns":3},{"damage":1,"enemies":"Cultist","floor":2,"turns":4},{"damage":9,"enemies":"2 Louse","floor":5,"turns":3},{"damage":24,"enemies":"Gremlin Nob","floor":7,"turns":4},{"damage":8,"enemies":"Lagavulin","floor":11,"turns":6},{"damage":14,"enemies":"Exordium Thugs","floor":14,"turns":4},{"damage":10,"enemies":"Slime Boss","floor":16,"turns":6},{"damage":24,"enemies":"2 Thieves","floor":18,"turns":4},{"damage":1,"enemies":"Shell Parasite","floor":21,"turns":6},{"damage":59,"enemies":"Slavers","floor":24,"turns":3}],"seed_played":"-3004996816398711030","potions_obtained":[{"floor":1,"key":"LiquidBronze"},{"floor":7,"key":"Weak Potion"},{"floor":14,"key":"SteroidPotion"}],"is_trial":false,"path_per_floor":["M","M","?","$","M","R","E","R","T","$","E","R","?","M","R","B",null,"M","$","?","M","?","R","E"],"character_chosen":"DEFECT","items_purchased":["Leap","Defragment"],"campfire_rested":1,"item_purchase_floors":[4,10],"current_hp_per_floor":[67,66,66,66,57,57,33,33,33,33,27,27,20,8,32,24,68,46,46,46,47,53,53,0,0],"gold":71,"neow_bonus":"TEN_PERCENT_HP_BONUS","is_daily":false,"chose_seed":false,"campfire_upgraded":4,"win_rate":0.0,"timestamp":1612135532,"path_taken":["M","M","?","?","M","R","E","R","T","$","E","R","?","?","R","BOSS","M","$","?","M","?","R","E"],"items_purchased_type":["Card","Card"],"build_version":"2020-12-22","purchased_purges":2,"victory":false,"max_hp_per_floor":[82,82,82,82,82,82,82,82,82,82,82,82,82,82,82,82,82,82,82,82,82,88,88,88,88],"relic_stats":{"Darkstone Periapt":6,"Blood Vial":12,"Sozu":0,"counters":[10,43],"Pen Nib":[3],"Orichalcum":[48],"obtain_stats":[{"Darkstone Periapt":7,"Blood Vial":9,"Sozu":17,"Pen Nib":11,"Omamori":22,"Orichalcum":13,"Cracked Core":0},{"Darkstone Periapt":4,"Blood Vial":4,"Sozu":7,"Pen Nib":5,"Omamori":9,"Orichalcum":5,"Cracked Core":0},{"Darkstone Periapt":14,"Blood Vial":14,"Sozu":30,"Pen Nib":20,"Omamori":40,"Orichalcum":20,"Cracked Core":0}]},"card_choices":[{"not_picked":["Gash","Undo"],"picked":"Capacitor","floor":1},{"not_picked":["Redo","Compile Driver"],"picked":"Rip and Tear","floor":2},{"not_picked":["Rebound","Beam Cell"],"picked":"Ball Lightning","floor":5},{"not_picked":["Melter","Recycle"],"picked":"Hologram","floor":7},{"not_picked":["Hologram","Ball Lightning"],"picked":"Machine Learning","floor":11},{"not_picked":["Leap","Stack"],"picked":"Sweeping Beam","floor":14},{"not_picked":["Core Surge","Amplify"],"picked":"Rainbow","floor":16},{"not_picked":["Scrape","Leap+1"],"picked":"Coolheaded","floor":18},{"not_picked":["Streamline","Go for the Eyes"],"picked":"Conserve Battery","floor":21}],"player_experience":412974,"relics_obtained":[{"floor":7,"key":"Darkstone Periapt"},{"floor":9,"key":"Blood Vial"},{"floor":11,"key":"Pen Nib"}],"event_choices":[{"cards_removed":["Strike_B"],"damage_healed":0,"gold_gain":0,"player_choice":"Offered Basic","damage_taken":0,"max_hp_gain":0,"max_hp_loss":0,"event_name":"Bonfire Elementals","floor":3,"gold_loss":0},{"damage_healed":0,"gold_gain":0,"player_choice":"Success","damage_taken":7,"relics_obtained":["Orichalcum"],"max_hp_gain":0,"max_hp_loss":0,"event_name":"Scrap Ooze","floor":13,"gold_loss":0},{"damage_healed":0,"gold_gain":0,"player_choice":"Opened","damage_taken":0,"relics_obtained":["Omamori"],"max_hp_gain":0,"max_hp_loss":0,"event_name":"The Mausoleum","floor":22,"gold_loss":0,"cards_obtained":["Writhe"]}],"is_beta":false,"boss_relics":[{"not_picked":["Pandora\u0027s Box","Tiny House"],"picked":"Sozu"}],"items_purged_floors":[4,19],"is_endless":false,"potions_floor_spawned":[1,7,14],"killed_by":"Slavers","ascension_level":10}}