{"host":"ordk2y2ebcetabk6","time":1612134366,"event":{"mods":["AlwaysNeverKeys","BaseMod","Better Debug","Colored Map","Colored Powertips","Dark Map","Highlight Path","Minty Spire (QoL Compilation)","Morshu Shopkeeper","Permanent Neow","Rare Cards Sparkle","Spire Arcade","StSLib","The Widow"],"gold_per_floor":[115,129,54,74,90,90,90,90,90,90,90,105,105,105,105,208,208,224,124,49,319,339,339,366,366,366,366,1,1,36,53,53,154,154,170,187,199,49,64,64,64,80,103,103,112,130,130,139,139,139],"floor_reached":51,"language":"ENG","playtime":1138,"items_purged":["theWidow:StrikeWidow","theWidow:StrikeWidow","theWidow:DefendWidow","theWidow:Distill2"],"score":948,"play_id":"e1ccd4fd-f8c7-433f-9030-77010cc00415","local_time":"20210131160606","is_ascension_mode":false,"campfire_choices":[{"data":"theWidow:FiberglassDagger","floor":6,"key":"SMITH"},{"data":"theWidow:FiberglassDagger+1","floor":8,"key":"SMITH"},{"data":"theWidow:FiberglassDagger+2","floor":11,"key":"SMITH"},{"data":"theWidow:FiberglassDagger+3","floor":13,"key":"SMITH"},{"data":"theWidow:FiberglassDagger+5","floor":15,"key":"SMITH"},{"data":"theWidow:FiberglassDagger+6","floor":23,"key":"SMITH"},{"data":"theWidow:FiberglassDagger+7","floor":25,"key":"SMITH"},{"data":"theWidow:FiberglassDagger+8","floor":27,"key":"SMITH"},{"data":"theWidow:FiberglassDagger+9","floor":29,"key":"SMITH"},{"data":"theWidow:FiberglassDagger+10","floor":32,"key":"SMITH"},{"data":"theWidow:LaserRay","floor":40,"key":"SMITH"},{"data":"theWidow:FiberglassDagger+11","floor":41,"key":"SMITH"},{"data":"theWidow:LaserRay+1","floor":49,"key":"SMITH"}],"circlet_count":0,"master_deck":["theWidow:DefendWidow","theWidow:DefendWidow","theWidow:DefendWidow","theWidow:Steelweave","theWidow:StringShot","theWidow:FiberglassDagger+12","theWidow:LaserRay+2","theWidow:Iterate+1","Discovery","Doubt"],"relics":["theWidow:CyberheartRelic","WingedGreaves","Empty Cage","Frozen Egg 2","Letter Opener","Singing Bowl","Mercury Hourglass","SacredBark","CeramicFish","Bronze Scales"],"acts_visited":["Exordium","TheCity","TheBeyond"],"potions_floor_usage":[18,18,18,30,33,36,36,42,50,50,50],"damage_taken":[{"damage":0,"enemies":"Jaw Worm","floor":1,"turns":3},{"damage":0,"enemies":"Small Slimes","floor":2,"turns":2},{"damage":0,"enemies":"2 Louse","floor":4,"turns":3},{"damage":5,"enemies":"Lots of Slimes","floor":5,"turns":4},{"damage":0,"enemies":"Exordium Wildlife","floor":12,"turns":2},{"damage":24,"enemies":"Hexaghost","floor":16,"turns":6},{"damage":0,"enemies":"Chosen","floor":18,"turns":3},{"damage":0,"enemies":"Spheric Guardian","floor":22,"turns":1},{"damage":11,"enemies":"Gremlin Leader","floor":24,"turns":2},{"damage":0,"enemies":"Book of Stabbing","floor":30,"turns":2},{"damage":0,"enemies":"Snake Plant","floor":31,"turns":1},{"damage":0,"enemies":"Collector","floor":33,"turns":1},{"damage":4,"enemies":"3 Shapes","floor":35,"turns":3},{"damage":7,"enemies":"3 Darklings","floor":36,"turns":7},{"damage":26,"enemies":"4 Shapes","floor":37,"turns":3},{"damage":16,"enemies":"Transient","floor":39,"turns":5},{"damage":2,"enemies":"Sphere and 2 Shapes","floor":42,"turns":3},{"damage":15,"enemies":"3 Darklings","floor":46,"turns":4},{"damage":0,"enemies":"Donu and Deca","floor":50,"turns":2}],"seed_played":"-6942231587675975987","potions_obtained":[{"floor":1,"key":"Dexterity Potion"},{"floor":4,"key":"Explosive Potion"},{"floor":5,"key":"Fire Potion"},{"floor":22,"key":"Explosive Potion"},{"floor":24,"key":"DuplicationPotion"},{"floor":37,"key":"Explosive Potion"},{"floor":42,"key":"Energy Potion"},{"floor":46,"key":"DistilledChaos"}],"is_trial":false,"path_per_floor":["M","M","$","M","M","R","?","R","T","?","R","M","R","?","R","B",null,"M","$","?","?","M","R","E","R","T","R","$","R","E","M","R","B",null,"M","M","M","$","M","R","R","M","T","?","?","M","T","?","R","B",null],"character_chosen":"THE_WIDOW","items_purchased":["Singing Bowl"],"campfire_rested":0,"item_purchase_floors":[28],"current_hp_per_floor":[75,75,75,75,70,70,55,55,55,55,55,55,55,55,55,31,75,75,75,75,48,48,48,37,37,37,37,37,37,39,41,41,43,81,79,74,50,50,36,36,36,36,36,36,36,23,23,93,93,93],"gold":139,"neow_bonus":"ONE_RANDOM_RARE_CARD","is_daily":false,"chose_seed":false,"campfire_upgraded":13,"win_rate":0.0,"timestamp":1612134366,"path_taken":["M","M","$","M","M","R","?","R","T","?","R","M","R","?","R","BOSS","M","$","?","?","?","R","E","R","T","R","$","R","E","M","R","BOSS","M","M","?","?","M","R","R","M","T","?","?","M","?","?","R","BOSS"],"items_purchased_type":["Relic"],"build_version":"2020-12-22","purchased_purges":4,"victory":true,"max_hp_per_floor":[75,75,75,75,75,75,75,75,75,75,75,75,75,75,75,75,75,75,75,75,75,75,75,75,75,75,75,75,75,77,79,79,81,81,83,85,87,87,89,89,89,91,91,91,91,93,93,93,93,93],"card_choices":[{"not_picked":["theWidow:Harden","theWidow:Hide"],"picked":"theWidow:LaserRay","floor":1},{"not_picked":["theWidow:Forge","theWidow:GeminiBot"],"picked":"theWidow:Iterate","floor":2},{"not_picked":["theWidow:GeminiBot","theWidow:Refine","theWidow:Toxic"],"picked":"SKIP","floor":4},{"not_picked":["theWidow:Toxic","theWidow:Hide","theWidow:MetalBurrs"],"picked":"SKIP","floor":5},{"not_picked":["theWidow:MetalBurrs","theWidow:ScrapHeap","theWidow:Forge"],"picked":"SKIP","floor":12},{"not_picked":["theWidow:TranscendentForm","theWidow:TheBigOne"],"picked":"theWidow:Distill2","floor":16},{"not_picked":["theWidow:ShockEmitters","theWidow:Neurojack","theWidow:Underfoot"],"picked":"SKIP","floor":18},{"not_picked":["theWidow:Desperation","theWidow:Lair","theWidow:BackupBattery"],"picked":"SKIP","floor":22},{"not_picked":["theWidow:HydraulicLimbs+1","theWidow:Lace+1","theWidow:Ironthread+1"],"picked":"SKIP","floor":24},{"not_picked":["theWidow:GeminiBot+1","theWidow:Ironthread","theWidow:Lair+1"],"picked":"Singing Bowl","floor":30},{"not_picked":["theWidow:Ironthread","theWidow:Underfoot","theWidow:BackupBattery+1"],"picked":"Singing Bowl","floor":31},{"not_picked":["theWidow:Distill2","theWidow:BlackVenom","theWidow:HydraulicLimbs+1"],"picked":"Singing Bowl","floor":33},{"not_picked":["theWidow:Stinger+1","theWidow:SadisticIntent+1","theWidow:Lace+1"],"picked":"Singing Bowl","floor":35},{"not_picked":["theWidow:RocketDash","theWidow:ImprovisedExplosive+1","theWidow:BioInformatics+1"],"picked":"Singing Bowl","floor":36},{"not_picked":["theWidow:Desperation","theWidow:SludgeWave","theWidow:Weld"],"picked":"Singing Bowl","floor":37},{"not_picked":["theWidow:Chemistry+1","theWidow:HydraulicLimbs+1","theWidow:ImprovisedExplosive"],"picked":"Singing Bowl","floor":39},{"not_picked":["theWidow:Ambush+1","theWidow:Weaving+1","theWidow:MetalBurrs"],"picked":"Singing Bowl","floor":42},{"not_picked":["Thinking Ahead","Blind"],"picked":"Discovery","floor":45},{"not_picked":["theWidow:Underfoot","theWidow:VenomStrike+1","theWidow:ScrapHeap"],"picked":"Singing Bowl","floor":46}],"player_experience":930697,"relics_obtained":[{"floor":9,"key":"WingedGreaves"},{"floor":24,"key":"Frozen Egg 2"},{"floor":26,"key":"Letter Opener"},{"floor":30,"key":"Mercury Hourglass"},{"floor":43,"key":"CeramicFish"},{"floor":47,"key":"Bronze Scales"}],"event_choices":[{"damage_healed":0,"gold_gain":0,"player_choice":"Entered Light","damage_taken":15,"max_hp_gain":0,"max_hp_loss":0,"event_name":"Shining Light","floor":7,"gold_loss":0,"cards_upgraded":["theWidow:StrikeWidow","theWidow:Iterate"]},{"damage_healed":0,"gold_gain":0,"player_choice":"Ignored","damage_taken":0,"max_hp_gain":0,"max_hp_loss":0,"event_name":"Liars Game","floor":10,"gold_loss":0},{"damage_healed":0,"gold_gain":0,"player_choice":"Upgraded","damage_taken":0,"max_hp_gain":0,"max_hp_loss":0,"event_name":"Upgrade Shrine","floor":14,"gold_loss":0,"cards_upgraded":["theWidow:FiberglassDagger"]},{"cards_removed":["theWidow:StrikeWidow"],"damage_healed":0,"gold_gain":0,"player_choice":"Gave Gold","damage_taken":0,"max_hp_gain":0,"max_hp_loss":0,"event_name":"Beggar","floor":20,"gold_loss":75},{"damage_healed":0,"gold_gain":270,"player_choice":"GOLD GOLD GOLD ","damage_taken":27,"max_hp_gain":0,"max_hp_loss":0,"event_name":"Knowing Skull","floor":21,"potions_obtained":[],"gold_loss":0,"cards_obtained":[]},{"damage_healed":0,"gold_gain":0,"player_choice":"Ignored","damage_taken":0,"max_hp_gain":0,"max_hp_loss":0,"event_name":"Mysterious Sphere","floor":44,"gold_loss":0},{"damage_healed":0,"gold_gain":0,"player_choice":"Memory 1","damage_taken":0,"max_hp_gain":0,"max_hp_loss":0,"event_name":"SensoryStone","floor":45,"gold_loss":0},{"damage_healed":70,"gold_gain":0,"player_choice":"Heal","damage_taken":0,"max_hp_gain":0,"max_hp_loss":0,"event_name":"MindBloom","floor":48,"gold_loss":0,"cards_obtained":["Doubt"]}],"is_beta":false,"boss_relics":[{"not_picked":["Pandora\u0027s Box","Snecko Eye"],"picked":"Empty Cage"},{"not_picked":["Astrolabe","Fusion Hammer"],"picked":"SacredBark"}],"items_purged_floors":[3,19,28,38],"is_endless":false,"potions_floor_spawned":[1,4,5,16,22,24,30,37,42,46],"ascension_level":0}}