{"host":"nug5xkek4sujf8as","time":1612074595,"event":{"mods":["Act Like it!","Aspiration","BaseMod","Booster Modes","CapriCore","Colored Powertips","Conspire","Energized Spire","Gensokyo","Minty Spire (QoL Compilation)","Permanent Neow","Quick Restart","Replay The Spire","Shop Mod","Spicy Shops","StSLib","【功能Mod】混沌之环修复补丁","【遗物卡牌】REMEMod","篝火指南"],"gold_per_floor":[109,9,9,32,42,42,73,73,73,73,73],"floor_reached":10,"language":"ZHS","playtime":223,"items_purged":[],"score":102,"play_id":"c1d0c874-00bb-45bd-be7e-be114f2fca7e","local_time":"20210131142955","is_ascension_mode":true,"campfire_choices":[{"data":"Defend_B+1","floor":6.0,"key":"SMITH"},{"data":"Creative AI","floor":8,"key":"SMITH"}],"circlet_count":0,"master_deck":["AscendersBane","Strike_B+1","Strike_B","Strike_B","Defend_B+2","Defend_B","Defend_B","Zap","Dualcast","conspire:Purge","Crystallizer","Ghostly","Ball Lightning","Creative AI+1"],"relics":["REME_ComplimentaryCards","REME_DemonsWealth","Simple Rune","MealTicket","Peace Pipe"],"acts_visited":["Exordium"],"potions_floor_usage":[],"damage_taken":[{"damage":5.0,"enemies":"Small Slimes","floor":1.0,"turns":3.0},{"damage":7.0,"enemies":"2 Louse","floor":5.0,"turns":4.0},{"damage":30,"enemies":"Lagavulin","floor":7,"turns":6},{"damage":26,"enemies":"Gremlin Nob","floor":10,"turns":4}],"seed_played":"-7664521645721939202","potions_obtained":[{"floor":1.0,"key":"Weak Potion"}],"is_trial":false,"path_per_floor":["M","?","?","T","M","R","E","R","T","E"],"character_chosen":"DEFECT","items_purchased":[],"campfire_rested":0,"item_purchase_floors":[],"current_hp_per_floor":[63,63,63,63,56,56,26,26,26,0,0],"gold":73,"neow_bonus":"BOSS_RELIC","is_daily":false,"chose_seed":false,"campfire_upgraded":2,"win_rate":0.0,"timestamp":1612074595,"path_taken":["M","?","?","?","?","R","E","R","T","E"],"items_purchased_type":[],"build_version":"2020-12-22","purchased_purges":0,"victory":false,"max_hp_per_floor":[75,75,75,75,75,75,75,75,75,75,75],"card_choices":[{"not_picked":["Gash","Streamline","Normality"],"picked":"Crystallizer","floor":1.0},{"not_picked":["Barrage","Conserve Battery","Delirium"],"picked":"Ball Lightning","floor":5.0},{"not_picked":["Go for the Eyes","Cold Snap","Amnesia"],"picked":"Creative AI","floor":7}],"player_experience":757090,"relics_obtained":[{"floor":4.0,"key":"Simple Rune"},{"floor":7,"key":"MealTicket"},{"floor":9,"key":"Peace Pipe"}],"event_choices":[{"damage_healed":0.0,"max_hp_gain":0.0,"max_hp_loss":0.0,"gold_gain":0.0,"event_name":"conspire:LoneGhost","player_choice":"Argue","floor":2.0,"gold_loss":0.0,"damage_taken":0.0},{"damage_healed":0.0,"max_hp_gain":0.0,"max_hp_loss":0.0,"gold_gain":0.0,"event_name":"conspire:Investor","player_choice":"Leave","floor":3.0,"gold_loss":0.0,"damage_taken":0.0}],"is_beta":false,"boss_relics":[],"items_purged_floors":[],"is_endless":false,"potions_floor_spawned":[1],"killed_by":"Gremlin Nob","ascension_level":12}}