{"host":"w7pthw6r6331n954","time":1612124405,"event":{"mods":["AchievementEnabler","BaseMod","BetterRewards","Colored Map","Colored Powertips","Custom Start","Hero for Fun","Jorbs\u0027s Wanderer Trilogy","Minty Spire (QoL Compilation)","Replay The Spire","Shop Mod","StSLib"],"gold_per_floor":[17,17,34,45,58,58,83,93,116,116,134,134,151,164,164,263,263,283,208,208],"floor_reached":19,"language":"ENG","playtime":235,"items_purged":["Serious_Side_Hops"],"score":323,"play_id":"5895becd-f831-47ff-8d81-54df5786b4a2","local_time":"20210131152005","is_ascension_mode":false,"campfire_choices":[{"floor":6,"key":"RECALL"},{"data":"Strike_Y","floor":10,"key":"SMITH"},{"data":"Strike_Y","floor":12,"key":"SMITH"}],"circlet_count":0,"master_deck":["Strike_Y+1","Strike_Y+1","Strike_Y","Strike_Y","Strike_Y","Defend_Y","Defend_Y","Defend_Y"],"relics":["Cape","Sozu"],"acts_visited":["Exordium","TheCity"],"potions_floor_usage":[],"damage_taken":[{"damage":0,"enemies":"Jaw Worm","floor":1,"turns":1},{"damage":0,"enemies":"Cultist","floor":3,"turns":1},{"damage":0,"enemies":"Small Slimes","floor":4,"turns":1},{"damage":0,"enemies":"3 Louse","floor":5,"turns":1},{"damage":0,"enemies":"Lagavulin","floor":7,"turns":1},{"damage":0,"enemies":"Large Slime","floor":8,"turns":1},{"damage":0,"enemies":"Red Slaver","floor":11,"turns":1},{"damage":0,"enemies":"Lots of Slimes","floor":13,"turns":2},{"damage":0,"enemies":"Large Slime","floor":14,"turns":1},{"damage":0,"enemies":"Slime Boss","floor":16,"turns":1},{"damage":0,"enemies":"Shell Parasite","floor":18,"turns":1}],"seed_played":"6109687516599637560","potions_obtained":[],"is_trial":false,"path_per_floor":["M","?","M","M","M","R","E","M","T","R","M","R","M","M","R_BF","B",null,"M","$"],"character_chosen":"OPM","items_purchased":[],"campfire_rested":0,"item_purchase_floors":[],"current_hp_per_floor":[1098,1098,1098,1098,1098,1098,1098,1098,1098,1098,1098,1098,1098,1098,1098,1098,1098,1098,1098,1098],"gold":208,"neow_bonus":"TEN_PERCENT_HP_BONUS","is_daily":false,"chose_seed":false,"campfire_upgraded":2,"win_rate":0.0,"timestamp":1612124405,"path_taken":["M","?","M","M","?","R","E","M","T","R","M","R","M","M","R_BF","BOSS","M","$"],"items_purchased_type":[],"build_version":"2020-12-22","purchased_purges":1,"victory":false,"max_hp_per_floor":[1098,1098,1098,1098,1098,1098,1098,1098,1098,1098,1098,1098,1098,1098,1098,1098,1098,1098,1098,1098],"card_choices":[{"not_picked":["Slap","Normal_Punch","Do_Nothing"],"picked":"SKIP","floor":1},{"not_picked":["Slap","Ignore","Toss_Stone"],"picked":"SKIP","floor":3},{"not_picked":["Hop","Ignore","Yawn"],"picked":"SKIP","floor":4},{"not_picked":["Yawn","Toss_Stone","Hop"],"picked":"SKIP","floor":5},{"not_picked":["Consecutive_Normal_Punch","Toss_Stone","Hop"],"picked":"SKIP","floor":7},{"not_picked":["Side_Hop","Slap","Ignore"],"picked":"SKIP","floor":8},{"not_picked":["Hop","Wear_Disguise","Side_Hop"],"picked":"SKIP","floor":11},{"not_picked":["Hop","Slap","Do_Nothing"],"picked":"SKIP","floor":13},{"not_picked":["Normal_Punch","Terrifying_Presence","Do_Nothing"],"picked":"SKIP","floor":14},{"not_picked":["Consecutive_Normal_Punch","Slap","Hop"],"picked":"SKIP","floor":18}],"player_experience":1192189,"relics_obtained":[],"event_choices":[{"cards_removed":["Defend_Y"],"damage_healed":0,"gold_gain":0,"player_choice":"Purged","damage_taken":0,"max_hp_gain":0,"max_hp_loss":0,"event_name":"Purifier","floor":2,"gold_loss":0}],"is_beta":false,"boss_relics":[{"not_picked":["Abe\u0027s Treasure","Snecko Eye"],"picked":"Sozu"}],"items_purged_floors":[19],"is_endless":false,"potions_floor_spawned":[4,5,11,13,16],"ascension_level":0}}