{"host":"hszimsrtxxc2k25w","time":1612123484,"event":{"mods":["AchievementEnabler","BaseMod","Colored Map","DeckTracker","Minty Spire (QoL Compilation)","Rare Cards Sparkle","SuperFastMode"],"gold_per_floor":[19,37,50,119,119,119,139,153,153,168,168,179,211,136,136,213,213,229,154,154,167,184,184,213,213,213,229,229,263,277,292,292,370,370,388,131,141,141,159,187,187,218,264,317,155,155,155,168,168,168],"floor_reached":51,"language":"KOR","playtime":1552,"items_purged":["Strike_G","Tools of the Trade","Defend_G"],"score":1657,"play_id":"d9834034-9cab-4615-bb3f-27e64419297b","local_time":"20210201050444","is_ascension_mode":true,"campfire_choices":[{"data":"Cloak And Dagger","floor":6.0,"key":"SMITH"},{"data":"Panache","floor":11.0,"key":"SMITH"},{"data":"Blade Dance","floor":15.0,"key":"SMITH"},{"data":"A Thousand Cuts","floor":23.0,"key":"SMITH"},{"floor":25.0,"key":"REST"},{"floor":28.0,"key":"REST"},{"floor":32.0,"key":"REST"},{"data":"Adrenaline","floor":41.0,"key":"SMITH"},{"data":"Accuracy","floor":47,"key":"SMITH"},{"data":"Finisher","floor":49,"key":"SMITH"}],"circlet_count":0,"master_deck":["AscendersBane","Defend_G","Survivor","Neutralize","Panache+1","Cloak And Dagger+1","Dash","Backstab","Dagger Spray","Masterful Stab","Venomology","Blade Dance+1","A Thousand Cuts+1","Caltrops+1","Blade Dance+1","Escape Plan","Finisher+1","Adrenaline+1","Dodge and Roll","Accuracy+1","Deflect+1"],"relics":["Ring of the Snake","Ninja Scroll","StrikeDummy","InkBottle","Astrolabe","Kunai","Eternal Feather","Akabeko","Empty Cage","Lantern","Bird Faced Urn","Mummified Hand","Dream Catcher","Turnip","Toxic Egg 2"],"acts_visited":["Exordium","TheCity","TheBeyond"],"potions_floor_usage":[44,50,50,50],"damage_taken":[{"damage":14.0,"enemies":"Cultist","floor":1.0,"turns":6.0},{"damage":12.0,"enemies":"Small Slimes","floor":2.0,"turns":4.0},{"damage":0.0,"enemies":"2 Louse","floor":3.0,"turns":4.0},{"damage":0.0,"enemies":"2 Fungi Beasts","floor":7.0,"turns":3.0},{"damage":0.0,"enemies":"Lots of Slimes","floor":8.0,"turns":1.0},{"damage":0.0,"enemies":"Large Slime","floor":10.0,"turns":3.0},{"damage":3.0,"enemies":"Exordium Wildlife","floor":12.0,"turns":3.0},{"damage":0.0,"enemies":"3 Sentries","floor":13.0,"turns":4.0},{"damage":18.0,"enemies":"The Guardian","floor":16.0,"turns":12.0},{"damage":6.0,"enemies":"3 Byrds","floor":18.0,"turns":3.0},{"damage":11.0,"enemies":"2 Thieves","floor":21.0,"turns":2.0},{"damage":0.0,"enemies":"Chosen and Byrds","floor":22.0,"turns":3.0},{"damage":32.0,"enemies":"Book of Stabbing","floor":24.0,"turns":3.0},{"damage":21.0,"enemies":"Cultist and Chosen","floor":27.0,"turns":5.0},{"damage":0.0,"enemies":"Gremlin Leader","floor":29.0,"turns":5.0},{"damage":0.0,"enemies":"3 Cultists","floor":30.0,"turns":2.0},{"damage":8.0,"enemies":"Snecko","floor":31.0,"turns":3.0},{"damage":10.0,"enemies":"Champ","floor":33.0,"turns":7.0},{"damage":0.0,"enemies":"Orb Walker","floor":35.0,"turns":1.0},{"damage":12.0,"enemies":"3 Shapes","floor":37.0,"turns":2.0},{"damage":0.0,"enemies":"Transient","floor":39.0,"turns":6.0},{"damage":0.0,"enemies":"Nemesis","floor":40.0,"turns":4.0},{"damage":0,"enemies":"Reptomancer","floor":42,"turns":2},{"damage":0,"enemies":"2 Orb Walkers","floor":44,"turns":2},{"damage":0,"enemies":"Jaw Worm Horde","floor":48,"turns":1},{"damage":58,"enemies":"Awakened One","floor":50,"turns":8}],"seed_played":"-7348824415568773004","potions_obtained":[{"floor":1.0,"key":"SpeedPotion"},{"floor":3.0,"key":"CultistPotion"},{"floor":8.0,"key":"PowerPotion"},{"floor":39.0,"key":"LiquidMemories"},{"floor":40.0,"key":"SkillPotion"},{"floor":44,"key":"DuplicationPotion"}],"is_trial":false,"path_per_floor":["M","M","M","T","?","R","M","M","T","M","R","M","E","$","R","B",null,"M","?","?","M","M","R","E","R","T","M","R","E","M","M","R","B",null,"M","$","M","?","M","E","R","E","T","?","$","T","R","M","R","B",null],"character_chosen":"THE_SILENT","items_purchased":["Lantern","Accuracy"],"campfire_rested":3,"item_purchase_floors":[36,45],"current_hp_per_floor":[45,33,33,33,33,33,33,33,33,33,33,30,42,42,42,24,56,50,50,50,39,39,39,7,26,26,5,36,36,36,28,59,49,62,62,62,50,50,50,50,62,63,63,63,63,63,63,63,63,11],"gold":168,"neow_bonus":"RANDOM_COLORLESS_2","is_daily":false,"chose_seed":false,"campfire_upgraded":7,"win_rate":0.0,"timestamp":1612123484,"path_taken":["M","M","M","?","?","R","M","M","T","M","R","M","E","$","R","BOSS","M","?","?","M","M","R","E","R","T","M","R","E","?","?","R","BOSS","M","$","?","?","M","E","R","E","T","?","$","?","R","M","R","BOSS"],"items_purchased_type":["Relic","Card"],"build_version":"2020-12-22","purchased_purges":3,"victory":true,"max_hp_per_floor":[66,66,66,66,66,66,66,66,66,66,66,66,66,66,66,66,66,66,66,66,66,66,66,66,66,66,66,66,66,66,66,66,66,66,66,66,66,63,63,63,63,63,63,63,63,63,63,63,63,63],"card_choices":[{"not_picked":["Secret Technique","Thinking Ahead"],"picked":"Panache","floor":0.0},{"not_picked":["Dodge and Roll","Sucker Punch","Flying Knee"],"picked":"SKIP","floor":1.0},{"not_picked":["Slice","Acrobatics"],"picked":"Cloak And Dagger","floor":2.0},{"not_picked":["Quick Slash","Outmaneuver"],"picked":"Dash","floor":3.0},{"not_picked":["Backflip","Quick Slash"],"picked":"Dagger Spray","floor":7.0},{"not_picked":["Expertise","Deadly Poison"],"picked":"Masterful Stab","floor":8.0},{"not_picked":["Outmaneuver","Deadly Poison"],"picked":"Venomology","floor":10.0},{"not_picked":["Flying Knee","Deadly Poison","Outmaneuver"],"picked":"SKIP","floor":12.0},{"not_picked":["Acrobatics","Backstab"],"picked":"Blade Dance","floor":13.0},{"not_picked":["Adrenaline","Glass Knife"],"picked":"A Thousand Cuts","floor":16.0},{"not_picked":["Cloak And Dagger","Bane","Poisoned Stab"],"picked":"SKIP","floor":18.0},{"not_picked":["Setup","Catalyst","Blade Dance+1"],"picked":"SKIP","floor":21.0},{"not_picked":["Choke","Riddle With Holes","Grand Finale"],"picked":"SKIP","floor":22.0},{"not_picked":["Poisoned Stab+1","Slice+1"],"picked":"Escape Plan","floor":24.0},{"not_picked":["Caltrops","Tactician","Poisoned Stab+1"],"picked":"SKIP","floor":27.0},{"not_picked":["Masterful Stab+1","Die Die Die"],"picked":"Finisher","floor":29.0},{"not_picked":["Noxious Fumes","Flechettes","Predator"],"picked":"SKIP","floor":30.0},{"not_picked":["Bouncing Flask","Dagger Throw","Bane"],"picked":"SKIP","floor":31.0},{"not_picked":["Storm of Steel","Glass Knife"],"picked":"Adrenaline","floor":33.0},{"not_picked":["Dagger Throw","Well Laid Plans","Quick Slash"],"picked":"SKIP","floor":35.0},{"not_picked":["Deflect","Underhanded Strike"],"picked":"Dodge and Roll","floor":37.0},{"not_picked":["All Out Attack","Crippling Poison","Catalyst+1"],"picked":"SKIP","floor":39.0},{"not_picked":["All Out Attack","Night Terror","Dodge and Roll"],"picked":"SKIP","floor":40.0},{"not_picked":["All Out Attack","Night Terror","Dodge and Roll"],"picked":"SKIP","floor":40.0},{"not_picked":["Escape Plan","Leg Sweep+1","Slice"],"picked":"SKIP","floor":42},{"not_picked":["Bane","Outmaneuver+1"],"picked":"Deflect+1","floor":48}],"player_experience":660911,"relics_obtained":[{"floor":4.0,"key":"Ninja Scroll"},{"floor":9.0,"key":"StrikeDummy"},{"floor":13.0,"key":"InkBottle"},{"floor":24.0,"key":"Kunai"},{"floor":26.0,"key":"Eternal Feather"},{"floor":29.0,"key":"Akabeko"},{"floor":40.0,"key":"Bird Faced Urn"},{"floor":42,"key":"Mummified Hand"},{"floor":43,"key":"Dream Catcher"},{"floor":44,"key":"Turnip"},{"floor":46,"key":"Toxic Egg 2"}],"event_choices":[{"damage_healed":0.0,"max_hp_gain":0.0,"max_hp_loss":0.0,"gold_gain":0.0,"cards_transformed":["Strike_G"],"event_name":"Living Wall","player_choice":"Change","floor":5.0,"gold_loss":0.0,"damage_taken":0.0,"cards_obtained":["Backstab"]},{"cards_removed":["Sucker Punch"],"damage_healed":0.0,"max_hp_gain":0.0,"max_hp_loss":0.0,"gold_gain":0.0,"event_name":"Beggar","player_choice":"Gave Gold","floor":19.0,"gold_loss":75.0,"damage_taken":0.0},{"damage_healed":0.0,"max_hp_gain":0.0,"max_hp_loss":0.0,"gold_gain":0.0,"cards_transformed":["Defend_G"],"event_name":"Transmorgrifier","player_choice":"Transformed","floor":20.0,"gold_loss":0.0,"damage_taken":0.0,"cards_obtained":["Tools of the Trade"]},{"damage_healed":0.0,"max_hp_gain":0.0,"max_hp_loss":3.0,"gold_gain":0.0,"event_name":"Winding Halls","player_choice":"Max HP","floor":38.0,"gold_loss":0.0,"damage_taken":0.0},{"damage_healed":0,"gold_gain":0,"player_choice":"Fight","damage_taken":0,"max_hp_gain":0,"max_hp_loss":0,"event_name":"Mysterious Sphere","floor":44,"gold_loss":0}],"is_beta":false,"boss_relics":[{"not_picked":["Pandora\u0027s Box","Fusion Hammer"],"picked":"Astrolabe"},{"not_picked":["Ring of the Serpent","HoveringKite"],"picked":"Empty Cage"}],"items_purged_floors":[14,36,45],"is_endless":false,"potions_floor_spawned":[1,3,8,21,24,29,33,39,40,44],"ascension_level":19}}