{"host":"iph0xvuia0glosgr","time":1612099532,"event":{"mods":["AchievementEnabler","BaseMod","Minty Spire (QoL Compilation)"],"gold_per_floor":[115,20,33,51,64,91,91,123,193,113,129,140,140,169,169,169,169],"floor_reached":16,"language":"ENG","playtime":1299,"items_purged":[],"score":154,"play_id":"e9e15862-8bc4-4e43-ba8b-b47c40f5b4fd","local_time":"20210131132532","is_ascension_mode":true,"campfire_choices":[{"floor":7,"key":"REST"},{"floor":13,"key":"REST"},{"floor":15,"key":"REST"}],"circlet_count":0,"master_deck":["Strike_G","Strike_G","Strike_G","Strike_G","Strike_G","Defend_G","Defend_G","Defend_G","Defend_G","Defend_G","Survivor","Neutralize","Night Terror","Dagger Throw","Blade Dance","Deflect","Finisher","Masterful Stab","Eviscerate","Blade Dance","Eviscerate","Eviscerate","Corpse Explosion","Crippling Poison","Well Laid Plans"],"relics":["Ring of the Snake","PreservedInsect","Ginger","Lantern"],"acts_visited":["Exordium"],"potions_floor_usage":[6,8,12,16],"damage_taken":[{"damage":4,"enemies":"Cultist","floor":1,"turns":5},{"damage":0,"enemies":"Jaw Worm","floor":3,"turns":5},{"damage":0,"enemies":"2 Louse","floor":4,"turns":3},{"damage":0,"enemies":"Large Slime","floor":5,"turns":4},{"damage":23,"enemies":"Gremlin Nob","floor":6,"turns":4},{"damage":0,"enemies":"3 Sentries","floor":8,"turns":3},{"damage":7,"enemies":"2 Fungi Beasts","floor":11,"turns":3},{"damage":10,"enemies":"Exordium Thugs","floor":12,"turns":2},{"damage":18,"enemies":"Lagavulin","floor":14,"turns":5},{"damage":60,"enemies":"The Guardian","floor":16,"turns":8}],"seed_played":"-303203424980332452","potions_obtained":[{"floor":3,"key":"LiquidMemories"},{"floor":6,"key":"GamblersBrew"},{"floor":11,"key":"GamblersBrew"},{"floor":12,"key":"SneckoOil"}],"is_trial":false,"path_per_floor":["M","$","M","M","M","E","R","E","T","$","M","M","R","E","R","B"],"character_chosen":"THE_SILENT","items_purchased":["Blade Dance","Deflect","Eviscerate"],"campfire_rested":3,"item_purchase_floors":[2,2,10],"current_hp_per_floor":[59,59,59,59,59,36,54,54,54,54,47,37,55,37,55,0,0],"gold":169,"neow_bonus":"THREE_RARE_CARDS","is_daily":false,"chose_seed":false,"campfire_upgraded":0,"win_rate":0.0,"timestamp":1612099532,"path_taken":["M","$","M","M","M","E","R","E","T","$","?","M","R","E","R","BOSS"],"items_purchased_type":["Card","Card","Card"],"build_version":"2020-12-22","purchased_purges":0,"victory":false,"max_hp_per_floor":[63,63,63,63,63,63,63,63,63,63,63,63,63,63,63,63,63],"card_choices":[{"not_picked":["Adrenaline","Doppelganger"],"picked":"Night Terror","floor":0},{"not_picked":["Dodge and Roll","Outmaneuver"],"picked":"Dagger Throw","floor":1},{"not_picked":["Eviscerate","Leg Sweep"],"picked":"Finisher","floor":3},{"not_picked":["Dodge and Roll","Deflect"],"picked":"Masterful Stab","floor":4},{"not_picked":["Outmaneuver","Dash"],"picked":"Eviscerate","floor":5},{"not_picked":["Choke","Flying Knee"],"picked":"Blade Dance","floor":6},{"not_picked":["Endless Agony","Concentrate"],"picked":"Eviscerate","floor":8},{"not_picked":["Predator","Choke"],"picked":"Corpse Explosion","floor":11},{"not_picked":["Poisoned Stab","Sucker Punch"],"picked":"Crippling Poison","floor":12},{"not_picked":["Flying Knee","Tactician"],"picked":"Well Laid Plans","floor":14}],"player_experience":318543,"relics_obtained":[{"floor":6,"key":"PreservedInsect"},{"floor":8,"key":"Ginger"},{"floor":14,"key":"Lantern"}],"event_choices":[],"is_beta":false,"boss_relics":[],"items_purged_floors":[],"is_endless":false,"potions_floor_spawned":[3,6,11,12],"killed_by":"The Guardian","ascension_level":1}}