{"host":"nlowmoq7gy18n72d","time":1612128216,"event":{"mods":["BaseMod","Colored Powertips","Conspire","Downfall","Hermit","Highlight Path","Infinite Spire","Jorbs\u0027s Wanderer Trilogy","Minty Spire (QoL Compilation)","Rare Cards Sparkle","Replay The Spire","StSLib","The Cursed","The Hierophant"],"gold_per_floor":[10,10,23,42,57,87,101,136,183,183,183,183,183,201,201,303,303,303,303],"floor_reached":18,"language":"ENG","playtime":658,"items_purged":[],"score":181,"play_id":"6260ea9e-d538-47e6-aaac-5ca1027dd25c","local_time":"20210201002336","is_ascension_mode":true,"campfire_choices":[{"floor":10,"key":"REST"},{"floor":13,"key":"REST"},{"floor":15,"key":"REST"}],"circlet_count":0,"master_deck":["hermit:Strike_Hermit","hermit:Strike_Hermit+1","hermit:Strike_Hermit","hermit:Strike_Hermit","hermit:Defend_Hermit+1","hermit:Defend_Hermit+1","hermit:Defend_Hermit+1","hermit:Defend_Hermit+1","hermit:Snapshot","hermit:Covet","hermit:Roughhouse","hermit:BodyArmor+1","Envenom+1","hexamod:Hexaguard","Bane","Slimebound:MassFeed","CurseOfTheBell"],"relics":["hermit:Momento","PrismaticShard","Bag of Marbles","Oddly Smooth Stone","Gremlin Food","Replay:Grab Bag","Replay:Bronze Core","Velvet Choker","Calling Bell","Incense Burner","Omamori","Replay:Bottled Eggs"],"acts_visited":["Exordium","TheCity"],"potions_floor_usage":[6,16,18],"damage_taken":[{"damage":0,"enemies":"2 Louse","floor":1,"turns":1},{"damage":1,"enemies":"Jaw Worm","floor":3,"turns":3},{"damage":2,"enemies":"conspire:RoseBush","floor":4,"turns":2},{"damage":8,"enemies":"conspire:2 RoseBushes","floor":5,"turns":4},{"damage":21,"enemies":"3 Sentries","floor":6,"turns":8},{"damage":3,"enemies":"Gremlin Gang","floor":7,"turns":4},{"damage":32,"enemies":"Replay:BlueRogue","floor":8,"turns":7},{"damage":18,"enemies":"Large Slime","floor":14,"turns":7},{"damage":48,"enemies":"Slime Boss","floor":16,"turns":8},{"damage":77,"enemies":"conspire:FuzzyDice","floor":18,"turns":7}],"seed_played":"8085362197842051364","potions_obtained":[{"floor":1,"key":"Energy Potion"},{"floor":4,"key":"SteroidPotion"},{"floor":5,"key":"Regen Potion"},{"floor":7,"key":"ColorlessPotion"}],"is_trial":false,"path_per_floor":["M","?","M","M","M","E","M","E","T","R","?","?","R","M","R","B",null,"M"],"character_chosen":"HERMIT","items_purchased":[],"campfire_rested":3,"item_purchase_floors":[],"current_hp_per_floor":[75,75,74,72,64,43,40,8,8,30,30,30,52,34,56,8,75,0,0],"gold":303,"neow_bonus":"THREE_RARE_CARDS","is_daily":false,"chose_seed":false,"campfire_upgraded":0,"win_rate":0.0,"timestamp":1612128216,"path_taken":["M","?","M","M","M","E","M","E","T","R","?","?","R","M","R","BOSS","M"],"items_purchased_type":[],"build_version":"2020-12-22","purchased_purges":0,"victory":false,"max_hp_per_floor":[75,75,75,75,75,75,75,75,75,75,75,75,75,75,75,75,75,75,75],"card_choices":[{"not_picked":["hermit:RoundhouseKick","hermit:HeroicBravado"],"picked":"hermit:Roughhouse","floor":0},{"not_picked":["hermit:Vantage","hermit:Ricochet"],"picked":"hermit:BodyArmor","floor":1},{"not_picked":["champ:RisingSlash","sneckomod:RainOfDice","bronze:CutThrough"],"picked":"SKIP","floor":3},{"not_picked":["Dark Embrace","BattleHymn","stsjorbsmod:BlackTentacles"],"picked":"SKIP","floor":4},{"not_picked":["sneckomod:UnknownClassINFINITE_BLACK","bronze:DelayedGuard"],"picked":"Envenom","floor":5},{"not_picked":["Indignation","sneckomod:UnknownClassGREEN"],"picked":"hexamod:Hexaguard","floor":6},{"not_picked":["stsjorbsmod:DoubleCheck","Slimebound:FinishingTackle","stsjorbsmod:Materialize"],"picked":"SKIP","floor":7},{"not_picked":["Hologram","champ:PreemptiveStrike","hierophant:Mercenaries"],"picked":"SKIP","floor":8},{"not_picked":["stsjorbsmod:Commune","Nirvana"],"picked":"Bane","floor":14},{"not_picked":["stsjorbsmod:Banish","MasterReality"],"picked":"Slimebound:MassFeed","floor":16}],"player_experience":748144,"relics_obtained":[{"floor":6,"key":"Bag of Marbles"},{"floor":8,"key":"Oddly Smooth Stone"},{"floor":9,"key":"Gremlin Food"},{"floor":17,"key":"Incense Burner"},{"floor":17,"key":"Omamori"},{"floor":17,"key":"Replay:Bottled Eggs"}],"event_choices":[],"is_beta":false,"boss_relics":[{"not_picked":["Painkiller Herb","Coffee Dripper"],"picked":"Replay:Grab Bag"},{"not_picked":["Philosopher\u0027s Stone","Replay:Wanted Poster"],"picked":"Replay:Bronze Core"},{"not_picked":["conspire:SeveredTorchhead","ChewingGum"],"picked":"Velvet Choker"},{"not_picked":["Replay:Drink Me","hermit:ClaspedLocket"],"picked":"Calling Bell"}],"items_purged_floors":[],"is_endless":false,"potions_floor_spawned":[1,4,5,7],"killed_by":"conspire:FuzzyDice","ascension_level":1}}