{"host":"1mv6gj0zv8k9e9tz","time":1612110297,"event":{"mods":["AchievementEnabler","BaseMod","Better Third Choice","Colored Map","DeckTracker","Highlight Path","KOR Keyword Fix","Keyboard Shortcuts","Minty Spire (QoL Compilation)","Permanent Neow","Quick Restart","Rare Cards Sparkle","StSLib","SuperFastMode","everything is the same but u backflip on backflip"],"gold_per_floor":[111,111,131,148,168,168,168,168,168,196,196,215,215,240,240,339,339,352,371,371,386,396,396,412,412,466,466,566,581,613,633,633,737,737,747,767,538,538,588,588,603,616,616,616,238,88,106,137,137,137,137,137,24,54,54],"floor_reached":56,"language":"KOR","playtime":1928,"items_purged":["Strike_B","Strike_B"],"score":1859,"play_id":"dcfa72ff-703b-43a7-be86-23a052cc0a8a","local_time":"20210201012457","is_ascension_mode":true,"campfire_choices":[{"data":"Buffer","floor":6.0,"key":"SMITH"},{"floor":8.0,"key":"REST"},{"data":"Defragment","floor":13.0,"key":"SMITH"},{"data":"Electrodynamics","floor":15.0,"key":"SMITH"},{"data":"Zap","floor":23.0,"key":"SMITH"},{"data":"Dualcast","floor":25.0,"key":"SMITH"},{"data":"Coolheaded","floor":27.0,"key":"SMITH"},{"data":"Buffer","floor":32.0,"key":"SMITH"},{"floor":40.0,"key":"RECALL"},{"data":"Glacier","floor":44.0,"key":"SMITH"},{"data":"Defragment","floor":49.0,"key":"SMITH"},{"data":"Hologram","floor":52,"key":"SMITH"}],"circlet_count":0,"master_deck":["AscendersBane","Strike_B","Strike_B","Defend_B+1","Defend_B","Defend_B+1","Defend_B","Zap+1","Dualcast+1","Electrodynamics+1","Hologram+1","Defragment+1","Buffer+1","Self Repair","Coolheaded+1","Ball Lightning","Force Field+1","Compile Driver+1","Buffer+1","Capacitor+1","Defragment+1","Madness","Madness","Hologram+1","Glacier+1","Defragment+1","BootSequence","Static Discharge"],"relics":["Cracked Core","Lizard Tail","StoneCalendar","Sozu","Lantern","Oddly Smooth Stone","Cursed Key","DollysMirror","Membership Card","Calipers","Emotion Chip","PreservedInsect","Sling","Boot"],"acts_visited":["Exordium","TheCity","TheBeyond","TheEnding"],"potions_floor_usage":[],"damage_taken":[{"damage":8.0,"enemies":"Small Slimes","floor":1.0,"turns":3.0},{"damage":0.0,"enemies":"2 Louse","floor":3.0,"turns":1.0},{"damage":0.0,"enemies":"Jaw Worm","floor":4.0,"turns":3.0},{"damage":10.0,"enemies":"Gremlin Gang","floor":5.0,"turns":3.0},{"damage":0.0,"enemies":"Gremlin Nob","floor":10.0,"turns":4.0},{"damage":0.0,"enemies":"Blue Slaver","floor":12.0,"turns":4.0},{"damage":24.0,"enemies":"Lagavulin","floor":14.0,"turns":6.0},{"damage":9.0,"enemies":"Hexaghost","floor":16.0,"turns":13.0},{"damage":0.0,"enemies":"3 Byrds","floor":18.0,"turns":1.0},{"damage":27.0,"enemies":"Spheric Guardian","floor":19.0,"turns":4.0},{"damage":0.0,"enemies":"Centurion and Healer","floor":21.0,"turns":4.0},{"damage":8.0,"enemies":"Snake Plant","floor":22.0,"turns":4.0},{"damage":4.0,"enemies":"Chosen and Byrds","floor":24.0,"turns":5.0},{"damage":10.0,"enemies":"Snecko","floor":29.0,"turns":3.0},{"damage":32.0,"enemies":"Gremlin Leader","floor":30.0,"turns":6.0},{"damage":28.0,"enemies":"Shelled Parasite and Fungi","floor":31.0,"turns":4.0},{"damage":0.0,"enemies":"Automaton","floor":33.0,"turns":9.0},{"damage":0.0,"enemies":"3 Shapes","floor":35.0,"turns":4.0},{"damage":0.0,"enemies":"Orb Walker","floor":36.0,"turns":4.0},{"damage":0.0,"enemies":"Mind Bloom Boss Battle","floor":39.0,"turns":5.0},{"damage":17.0,"enemies":"Jaw Worm Horde","floor":41.0,"turns":3.0},{"damage":22.0,"enemies":"3 Darklings","floor":42.0,"turns":5.0},{"damage":24.0,"enemies":"Transient","floor":47.0,"turns":5.0},{"damage":2.0,"enemies":"Nemesis","floor":48.0,"turns":7.0},{"damage":48,"enemies":"Awakened One","floor":50,"turns":16},{"damage":41,"enemies":"Shield and Spear","floor":54,"turns":6},{"damage":58,"enemies":"The Heart","floor":55,"turns":11}],"seed_played":"-795439941374970039","potions_obtained":[{"floor":4.0,"key":"Ancient Potion"},{"floor":10.0,"key":"Dexterity Potion"},{"floor":12.0,"key":"Energy Potion"}],"is_trial":false,"path_per_floor":["M","?","M","M","M","R","?","R","T","E","?","M","R","E","R","B",null,"M","M","?","M","M","R","M","R","T","R","?","M","E","M","R","B",null,"M","M","$","?","?","R","M","M","T","R","$","$","M","E","R","B",null,"R","$","E","B",null],"character_chosen":"DEFECT","items_purchased":["DollysMirror","Membership Card","Defragment","Calipers","Emotion Chip","Sling","Static Discharge"],"campfire_rested":1,"item_purchase_floors":[37,45,45,45,46,53,53],"current_hp_per_floor":[42,27,27,27,17,17,17,39,39,39,44,44,44,27,27,25,66,66,46,90,90,89,89,90,90,90,90,90,87,62,41,41,41,78,85,90,90,79,86,86,76,61,61,61,61,61,44,49,49,8,70,70,70,29,24],"gold":54,"neow_bonus":"THREE_RARE_CARDS","is_daily":false,"chose_seed":false,"campfire_upgraded":10,"win_rate":0.0,"timestamp":1612110297,"path_taken":["M","?","M","M","M","R","?","R","T","E","?","M","R","E","R","BOSS","M","M","?","M","?","R","M","R","T","R","?","?","E","M","R","BOSS","M","M","$","?","?","R","M","M","T","R","?","$","M","E","R","BOSS","R","$","E","BOSS"],"items_purchased_type":["Relic","Relic","Card","Relic","Relic","Relic","Card"],"build_version":"2020-12-22","purchased_purges":2,"victory":true,"max_hp_per_floor":[75,75,75,75,75,75,75,75,75,75,80,80,80,80,80,80,80,80,80,90,90,90,90,90,90,90,90,90,90,90,90,90,90,90,90,90,90,90,90,90,90,90,90,90,90,90,90,90,90,90,90,90,90,90,90],"card_choices":[{"not_picked":["Core Surge","Reboot"],"picked":"Electrodynamics","floor":0.0},{"not_picked":["Streamline","Aggregate","Gash"],"picked":"SKIP","floor":1.0},{"not_picked":["Steam Power","Stack"],"picked":"Hologram","floor":3.0},{"not_picked":["Gash","Double Energy"],"picked":"Defragment","floor":4.0},{"not_picked":["Sweeping Beam","Coolheaded"],"picked":"Buffer","floor":5.0},{"not_picked":["Stack","Rebound","Go for the Eyes"],"picked":"SKIP","floor":10.0},{"not_picked":["Compile Driver","Go for the Eyes"],"picked":"Self Repair","floor":12.0},{"not_picked":["Gash","Beam Cell"],"picked":"Coolheaded","floor":14.0},{"not_picked":["All For One","Hyperbeam"],"picked":"Electrodynamics","floor":16.0},{"not_picked":["Gash","Compile Driver"],"picked":"Ball Lightning","floor":18.0},{"not_picked":["Steam","Force Field","Reprogram"],"picked":"SKIP","floor":19.0},{"not_picked":["Compile Driver","Steam+1"],"picked":"Force Field+1","floor":21.0},{"not_picked":["Scrape","Sweeping Beam","Gash+1"],"picked":"SKIP","floor":22.0},{"not_picked":["Force Field","Hologram","Doom and Gloom"],"picked":"SKIP","floor":24.0},{"not_picked":["Redo","Stack+1"],"picked":"Compile Driver+1","floor":29.0},{"not_picked":["Turbo+1","Force Field","Rebound"],"picked":"SKIP","floor":30.0},{"not_picked":["Compile Driver","Coolheaded"],"picked":"Buffer","floor":31.0},{"not_picked":["Force Field","Stack","Aggregate+1"],"picked":"SKIP","floor":35.0},{"not_picked":["Scrape","Turbo"],"picked":"Capacitor+1","floor":36.0},{"not_picked":["Gash","Beam Cell+1"],"picked":"Hologram+1","floor":39.0},{"not_picked":["Sweeping Beam","Rebound+1"],"picked":"Glacier","floor":41.0},{"not_picked":["Multi-Cast","Melter","Turbo"],"picked":"SKIP","floor":42.0},{"not_picked":["Cold Snap","Stack","Auto Shields"],"picked":"SKIP","floor":47.0},{"not_picked":["Leap","Turbo+1"],"picked":"BootSequence","floor":48.0},{"not_picked":["Skim","Gash+1","Loop"],"picked":"SKIP","floor":54}],"player_experience":601783,"relics_obtained":[{"floor":10.0,"key":"Lizard Tail"},{"floor":14.0,"key":"StoneCalendar"},{"floor":26.0,"key":"Lantern"},{"floor":30.0,"key":"Oddly Smooth Stone"},{"floor":48.0,"key":"PreservedInsect"},{"floor":54,"key":"Boot"}],"event_choices":[{"damage_healed":42.0,"max_hp_gain":0.0,"max_hp_loss":75.0,"gold_gain":0.0,"event_name":"betterThird:BetterShining","player_choice":"Upgrade","floor":2.0,"gold_loss":0.0,"damage_taken":15.0,"cards_upgraded":["Defend_B","Defend_B"]},{"damage_healed":0.0,"max_hp_gain":0.0,"max_hp_loss":0.0,"gold_gain":0.0,"event_name":"betterThird:BetterSerpent","player_choice":"Ignored","floor":7.0,"gold_loss":0.0,"damage_taken":168.0},{"damage_healed":0.0,"max_hp_gain":5.0,"max_hp_loss":0.0,"gold_gain":0.0,"event_name":"Big Fish","player_choice":"Donut","floor":11.0,"gold_loss":0.0,"damage_taken":0.0},{"cards_removed":["Electrodynamics"],"damage_healed":34.0,"max_hp_gain":10.0,"max_hp_loss":0.0,"gold_gain":0.0,"event_name":"Bonfire Elementals","player_choice":"Offered Rare","floor":20.0,"gold_loss":0.0,"damage_taken":0.0},{"damage_healed":0.0,"max_hp_gain":0.0,"max_hp_loss":0.0,"gold_gain":100.0,"event_name":"Golden Shrine","player_choice":"Pray","floor":28.0,"gold_loss":0.0,"damage_taken":0.0},{"damage_healed":0.0,"max_hp_gain":0.0,"max_hp_loss":0.0,"gold_gain":0.0,"event_name":"Winding Halls","player_choice":"Embrace Madness","floor":38.0,"gold_loss":0.0,"damage_taken":11.0,"cards_obtained":["Madness","Madness"]},{"damage_healed":0.0,"max_hp_gain":0.0,"max_hp_loss":0.0,"gold_gain":0.0,"event_name":"MindBloom","player_choice":"Fight","floor":39.0,"gold_loss":0.0,"damage_taken":0.0}],"is_beta":false,"boss_relics":[{"not_picked":["Pandora\u0027s Box","Runic Dome"],"picked":"Sozu"},{"not_picked":["SacredBark","Empty Cage"],"picked":"Cursed Key"}],"items_purged_floors":[37,45],"is_endless":false,"potions_floor_spawned":[4,10,12,18,19,24,31,39,42,47,48],"ascension_level":12}}