{"host":"yqveedbda5h7irme","time":1612115577,"event":{"mods":["AchievementEnabler","Aspiration","BaseMod","BetterRewards","Colored Powertips","Conspire","Downfall","GifTheSpireLib","Hermit","Hubris","Infinite Spire","Marked Mod","Minty Spire (QoL Compilation)","Reliquary","Replay The Spire","StSLib","Stuff the Spire","The Death Knight","The Hierophant","The Jungle","The Necromancer","The Servant 0.9.4"],"gold_per_floor":[99,99,99,99,99,99,99,99,6,6,6,0,19,34,53,158,158,58,70,89,89,89,89,89,117,102,2,97,110,110,138,155,254,254,254,268,280,30,30,63,87,87,87,87,98,143,43,43,56,56,56,91,52,52,56,56],"floor_reached":57,"language":"ENG","playtime":3382,"items_purged":["StuffTheSpire:CuriosityCurse"],"score":1279,"play_id":"76c65dd4-1243-460e-a678-1add74deda19","local_time":"20210131185257","is_ascension_mode":false,"campfire_choices":[{"floor":1,"key":"RECALL"},{"data":"bronze:ChosenStrike","floor":11,"key":"SMITH"},{"data":"bronze:Iterate","floor":18,"key":"SMITH"},{"floor":27,"key":"DIG"},{"data":"bronze:BronzeOrb","floor":30,"key":"SMITH"},{"data":"bronze:BurnOut","floor":35,"key":"SMITH"},{"floor":44,"key":"REST"},{"data":"expansioncontent:DashGenerateEvil","floor":47,"key":"SMITH"},{"floor":54,"key":"REST"}],"circlet_count":0,"master_deck":["bronze:Strike","bronze:Strike","bronze:Defend","bronze:Defend","bronze:Defend","bronze:Defend","bronze:Replicate","bronze:Goto","bronze:ChosenStrike+1","bronze:BitShift","bronze:Fortify","bronze:Optimize","bronze:Iterate+1","bronze:WildBeam","bronze:Boost","bronze:HardenedForm","bronze:WhirlingStrike","bronze:Turbo","Hallucinations","Voices","infinitespire:UltimateForm","Writhe","bronze:HyperBeam","bronze:Iterate+1","bronze:ClassDefault+1","bronze:BronzeOrb+1","bronze:Break","bronze:BurnOut+1","bronze:BugBarrage+1","bronze:GetLatest+1","expansioncontent:DashGenerateEvil+1","bronze:Shield+1","bronze:BronzeOrb+1","bronze:GetLatest+1","bronze:WildBeam+1","bronze:OilSpill","bronze:BuggyMess+1"],"relics":["bronze:BronzeCore","downfall:HeartsMalice","Pear","Ring of Fury","Ring of Misfortune","StuffTheSpire:Kangaroo","downfall:HeartBlessingRed","reliquary:Knoch","Shovel","conspire:DeflatedDodgeball","Omamori","downfall:HeartBlessingGreen","hubris:TinFlute","StuffTheSpire:CocoNut","StuffTheSpire:Rhapsscallions","bronze:MakeshiftBattery","hubris:DeckOfHolding","hubris:Towel","infinitespire:CursedDice","downfall:HeartBlessingBlue","StuffTheSpire:Nightcore"],"acts_visited":["Exordium","theJungle:Jungle","TheBeyond","TheEnding"],"potions_floor_usage":[16,36,42,50,55,55,56],"damage_taken":[{"damage":0,"enemies":"Small Slimes","floor":2,"turns":1},{"damage":0,"enemies":"2 Louse","floor":3,"turns":1},{"damage":0,"enemies":"Cultist","floor":6,"turns":1},{"damage":5,"enemies":"downfall:FleeingMerchant","floor":9,"turns":4},{"damage":0,"enemies":"downfall:FleeingMerchant","floor":12,"turns":4},{"damage":4,"enemies":"Blue Slaver","floor":13,"turns":3},{"damage":11,"enemies":"Exordium Wildlife","floor":14,"turns":2},{"damage":0,"enemies":"Large Slime","floor":15,"turns":4},{"damage":27,"enemies":"WA_ARCHETYPE_RETAIN","floor":16,"turns":6},{"damage":0,"enemies":"theJungle:GiantWrat","floor":19,"turns":2},{"damage":7,"enemies":"theJungle:5_Spyders","floor":20,"turns":6},{"damage":7,"enemies":"theJungle:MamaSnecko","floor":25,"turns":5},{"damage":1,"enemies":"downfall:FleeingMerchant","floor":26,"turns":4},{"damage":0,"enemies":"downfall:FleeingMerchant","floor":28,"turns":3},{"damage":0,"enemies":"theJungle:Lyon","floor":29,"turns":1},{"damage":0,"enemies":"theJungle:2_Phrogs","floor":31,"turns":5},{"damage":0,"enemies":"theJungle:Snecko_Cultist_And_Trap","floor":32,"turns":2},{"damage":37,"enemies":"DF_ARCHETYPE_CLAW","floor":33,"turns":6},{"damage":0,"enemies":"3 Shapes","floor":36,"turns":2},{"damage":0,"enemies":"3 Darklings","floor":37,"turns":3},{"damage":31,"enemies":"Nemesis","floor":40,"turns":3},{"damage":0,"enemies":"Maw","floor":42,"turns":1},{"damage":0,"enemies":"4 Shapes","floor":45,"turns":2},{"damage":0,"enemies":"2 Orb Walkers","floor":46,"turns":2},{"damage":0,"enemies":"3 Darklings","floor":49,"turns":2},{"damage":5,"enemies":"IC_BLOCK_ARCHETYPE","floor":50,"turns":6},{"damage":43,"enemies":"downfall:CharBossMerchant","floor":52,"turns":7},{"damage":115,"enemies":"downfall:NeowBoss","floor":55,"turns":19},{"damage":13,"enemies":"downfall:NeowBossFinal","floor":56,"turns":5}],"seed_played":"1415321651228541218","potions_obtained":[{"floor":13,"key":"PowerPotion"},{"floor":14,"key":"Energy Potion"},{"floor":15,"key":"SteroidPotion"},{"floor":16,"key":"Fire Potion"},{"floor":31,"key":"Strength Potion"},{"floor":39,"key":"SmokeBomb"},{"floor":45,"key":"ColorlessPotion"},{"floor":52,"key":"champ:CounterPotion"}],"is_trial":false,"path_per_floor":["R","M","M","?","?","M","T","?","$","?","R","$","M","M","M","B",null,"R","M","M","?","?","?","T","E","$","R","$","M","R","E","M","B",null,"R","M","M","$","?","E","T","M","?","R","M","?","R","$","M","B",null,"E","$","R","B","B",null],"character_chosen":"THE_AUTOMATON","items_purchased":["bronze:Fortify","StuffTheSpire:CocoNut","expansioncontent:DashGenerateEvil","bronze:BuggyMess+1"],"campfire_rested":2,"item_purchase_floors":[9,28,38,53],"current_hp_per_floor":[70,70,70,70,70,70,80,80,75,75,75,75,71,60,60,33,80,80,80,73,73,73,73,73,66,65,65,72,72,72,74,74,37,89,89,89,89,89,89,58,58,58,58,84,84,84,94,94,94,89,99,56,56,85,35,22],"gold":56,"neow_bonus":"THREE_ENEMY_KILL","is_daily":false,"chose_seed":false,"campfire_upgraded":5,"win_rate":0.0,"timestamp":1612115577,"path_taken":["R","M","M","?","?","?","T","?","?","?","R","$","M","?","M","BOSS","R","M","M","?","?","?","T","E","$","R","?","?","R","E","M","BOSS","R","M","M","$","?","E","T","?","?","R","M","?","R","?","M","BOSS","E","$","R","BOSS","BOSS"],"items_purchased_type":["Card","Relic","Card","Card"],"build_version":"2020-12-22","purchased_purges":1,"victory":true,"max_hp_per_floor":[70,70,70,70,70,70,80,80,80,80,80,80,80,80,80,80,80,80,80,80,80,80,80,80,80,80,80,87,87,87,89,89,89,89,89,89,89,89,89,89,89,89,89,89,89,89,99,99,99,99,99,99,99,99,99,99],"card_choices":[{"not_picked":["bronze:Overheat","bronze:Shield","bronze:CutThrough"],"picked":"SKIP","floor":2},{"not_picked":["bronze:Terminator","bronze:GetLatest"],"picked":"bronze:ChosenStrike","floor":3},{"not_picked":["bronze:DelayedGuard","bronze:Overheat"],"picked":"bronze:BitShift","floor":6},{"not_picked":["bronze:BitShift","bronze:NullPointer","bronze:Allocate"],"picked":"SKIP","floor":9},{"not_picked":["bronze:OilSpill","bronze:CutThrough"],"picked":"bronze:Optimize","floor":12},{"not_picked":["bronze:ClassDefault","bronze:Backtrace"],"picked":"bronze:Iterate","floor":13},{"not_picked":["bronze:Branch","bronze:CutThrough"],"picked":"bronze:WildBeam","floor":14},{"not_picked":["bronze:DarkDash","bronze:SpaghettiCode"],"picked":"bronze:Boost","floor":15},{"not_picked":["bronze:Assembly","bronze:RecursiveStrike"],"picked":"bronze:HardenedForm","floor":16},{"not_picked":["bronze:Philosophize+1","bronze:Constructor+1"],"picked":"bronze:WhirlingStrike","floor":19},{"not_picked":["bronze:WildBeam+1","bronze:Return"],"picked":"bronze:Turbo","floor":20},{"not_picked":["infinitespire:FutureSight","infinitespire:Starlight"],"picked":"infinitespire:UltimateForm","floor":21},{"not_picked":["bronze:BugBarrage+1","bronze:FineTuning"],"picked":"bronze:HyperBeam","floor":25},{"not_picked":["bronze:Separator","bronze:ClassDefault"],"picked":"bronze:Iterate+1","floor":26},{"not_picked":["bronze:OilSpill+1","bronze:DelayedSlice"],"picked":"bronze:ClassDefault+1","floor":28},{"not_picked":["bronze:ForceShield","bronze:Branch+1"],"picked":"bronze:BronzeOrb","floor":29},{"not_picked":["bronze:Terminator","bronze:Deprecate"],"picked":"bronze:Break","floor":31},{"not_picked":["bronze:CutThrough+1","bronze:OilSpill","bronze:Branch"],"picked":"SKIP","floor":32},{"not_picked":["bronze:Virus","bronze:Format"],"picked":"bronze:BurnOut","floor":33},{"not_picked":["bronze:Shield","bronze:Turbo+1"],"picked":"bronze:BugBarrage+1","floor":36},{"not_picked":["bronze:RecursiveStrike","bronze:ForLoop"],"picked":"bronze:GetLatest+1","floor":37},{"not_picked":["bronze:BuggyMess","bronze:NullPointer+1"],"picked":"bronze:Shield+1","floor":40},{"not_picked":["bronze:OilSpill","bronze:Constructor+1"],"picked":"bronze:BronzeOrb+1","floor":45},{"not_picked":["bronze:Shield+1","bronze:Philosophize"],"picked":"bronze:GetLatest+1","floor":46},{"not_picked":["bronze:Separator","bronze:WhirlingStrike"],"picked":"bronze:WildBeam+1","floor":49},{"not_picked":["bronze:MaxOutput","bronze:Separator"],"picked":"bronze:OilSpill","floor":52}],"player_experience":169839,"relics_obtained":[{"floor":7,"key":"Pear"},{"floor":10,"key":"Ring of Fury"},{"floor":10,"key":"Ring of Misfortune"},{"floor":24,"key":"conspire:DeflatedDodgeball"},{"floor":25,"key":"Omamori"},{"floor":27,"key":"hubris:TinFlute"},{"floor":31,"key":"StuffTheSpire:Rhapsscallions"},{"floor":40,"key":"hubris:DeckOfHolding"},{"floor":46,"key":"infinitespire:CursedDice"},{"floor":52,"key":"StuffTheSpire:Nightcore"}],"event_choices":[{"damage_healed":0,"gold_gain":0,"player_choice":"Ignored","damage_taken":0,"max_hp_gain":0,"max_hp_loss":0,"event_name":"NoteForYourself","floor":5,"gold_loss":0},{"cards_removed":["bronze:Strike"],"damage_healed":0,"gold_gain":0,"player_choice":"Card Removal","damage_taken":0,"max_hp_gain":0,"max_hp_loss":0,"event_name":"The Cleric","floor":8,"gold_loss":0},{"damage_healed":0,"gold_gain":0,"player_choice":"Got Potions","damage_taken":0,"max_hp_gain":0,"max_hp_loss":0,"event_name":"Lab","floor":39,"gold_loss":0},{"damage_healed":0,"gold_gain":0,"player_choice":"Fight","damage_taken":0,"max_hp_gain":0,"max_hp_loss":0,"event_name":"Mysterious Sphere","floor":46,"gold_loss":0}],"is_beta":false,"boss_relics":[{"not_picked":["SacredBark","StuffTheSpire:RunicConfusion"],"picked":"StuffTheSpire:Kangaroo"},{"not_picked":["Cursed Key","infinitespire:Cupcake"],"picked":"bronze:MakeshiftBattery"}],"items_purged_floors":[38],"is_endless":false,"potions_floor_spawned":[13,14,15,16,25,29,31,45,49,52],"ascension_level":0}}