{"host":"k2mw1od0xoi9pcfj","time":1612098914,"event":{"mods":["AchievementEnabler","Act Like it!","Aspiration","BaseMod","Beaked The Cultist","Downfall","Energized Spire","Highlight Path","Minty Spire (QoL Compilation)","Permanent Neow","Relic Stats","Reliquary","Replay The Spire","Retaliation","StSLib","The Death Knight"],"gold_per_floor":[117,130,130,140,140,140,151,151,151],"floor_reached":8,"language":"ENG","playtime":394,"items_purged":[],"score":48,"play_id":"8df7216b-269f-43b9-8f80-68c48633f588","local_time":"20210131071514","daily_mods":["Vintage"],"is_ascension_mode":false,"campfire_choices":[{"data":"DeathKnight:RuneTap","floor":6,"key":"SMITH"}],"circlet_count":0,"master_deck":["DeathKnight:Strike_DeathKnight","DeathKnight:Strike_DeathKnight","DeathKnight:Strike_DeathKnight","DeathKnight:Strike_DeathKnight","DeathKnight:Defend_DeathKnight","DeathKnight:Defend_DeathKnight","DeathKnight:Defend_DeathKnight","DeathKnight:Defend_DeathKnight","DeathKnight:Defend_DeathKnight","DeathKnight:RuneTap+1","DeathKnight:RuneStrike","Pot Of Greed","Pot Of Greed","DeathKnight:DancingRuneblade"],"relics":["DeathKnight:BrokenRuneblade","Grinning Jar","DeathKnight:CorpseWagon","aspiration:DSix","aspiration:HummingbirdHeart","Peace Pipe"],"acts_visited":["Exordium"],"potions_floor_usage":[7],"damage_taken":[{"damage":2,"enemies":"2 Louse","floor":1,"turns":4},{"damage":3,"enemies":"Cultist","floor":2,"turns":5},{"damage":6,"enemies":"Jaw Worm","floor":4,"turns":3},{"damage":0,"enemies":"3 Louse","floor":7,"turns":5},{"damage":29,"enemies":"3 Sentries","floor":8,"turns":7}],"seed_played":"-4637919449952874544","potions_obtained":[{"floor":4,"key":"DeathKnight:RunicPotion"},{"floor":7,"key":"Fruit Juice"}],"is_trial":true,"path_per_floor":["M","M","?","M","?","R","M","E"],"character_chosen":"DEATH_KNIGHT","items_purchased":[],"campfire_rested":0,"item_purchase_floors":[],"current_hp_per_floor":[73,70,70,64,64,64,69,40,40],"gold":151,"neow_bonus":"","is_daily":false,"chose_seed":false,"campfire_upgraded":1,"win_rate":0.0,"timestamp":1612098914,"path_taken":["M","M","?","?","?","R","M","E"],"items_purchased_type":[],"build_version":"2020-12-22","purchased_purges":0,"victory":false,"max_hp_per_floor":[75,75,75,75,75,75,80,80,80],"relic_stats":{"Peace Pipe":0,"counters":[5,24],"obtain_stats":[{"Peace Pipe":7,"DeathKnight:CorpseWagon":2,"aspiration:HummingbirdHeart":5,"Grinning Jar":1,"aspiration:DSix":4,"DeathKnight:BrokenRuneblade":0},{"Peace Pipe":4,"DeathKnight:CorpseWagon":2,"aspiration:HummingbirdHeart":3,"Grinning Jar":1,"aspiration:DSix":3,"DeathKnight:BrokenRuneblade":0},{"Peace Pipe":17,"DeathKnight:CorpseWagon":9,"aspiration:HummingbirdHeart":12,"Grinning Jar":4,"aspiration:DSix":12,"DeathKnight:BrokenRuneblade":0}]},"card_choices":[],"player_experience":736602,"relics_obtained":[{"floor":1,"key":"Grinning Jar"},{"floor":2,"key":"DeathKnight:CorpseWagon"},{"floor":4,"key":"aspiration:DSix"},{"floor":7,"key":"Peace Pipe"}],"event_choices":[{"damage_healed":0,"gold_gain":0,"cards_transformed":["DeathKnight:Strike_DeathKnight"],"player_choice":"Transformed","damage_taken":0,"max_hp_gain":0,"max_hp_loss":0,"event_name":"Transmorgrifier","floor":3,"gold_loss":0,"cards_obtained":["DeathKnight:DancingRuneblade"]}],"is_beta":false,"boss_relics":[],"items_purged_floors":[],"is_endless":true,"potions_floor_spawned":[4,7],"killed_by":"3 Sentries","ascension_level":0}}