{"host":"k7udt7atmcuzf6l0","time":1612119217,"event":{"mods":["AchievementEnabler","BaseMod","BetterRewards","Colored Map","Colored Powertips","Highlight Path","Minty Spire (QoL Compilation)","Quick Restart","Rare Cards Sparkle","Relic Stats","StSLib","UnlockEverythingMod"],"gold_per_floor":[110,110,61,79,92,92,24,84,84,84,159,191,207,224,224,321,321,331,331,351,351,351,351,378,378,378,396,396,412,412,412],"floor_reached":30,"language":"ZHS","playtime":616,"items_purged":[],"score":248,"play_id":"3f3935d8-0c73-4092-be79-280f2d274aed","local_time":"20210201025337","is_ascension_mode":false,"campfire_choices":[{"data":"Armaments","floor":6.0,"key":"SMITH"},{"data":"Inflame","floor":10.0,"key":"SMITH"},{"data":"Berserk","floor":15.0,"key":"SMITH"},{"data":"Limit Break","floor":23.0,"key":"SMITH"},{"floor":25.0,"key":"REST"},{"floor":28,"key":"REST"}],"circlet_count":0,"master_deck":["Strike_R","Strike_R","Strike_R+1","Strike_R","Strike_R","Defend_R","Defend_R","Defend_R","Bash+1","Inflame+1","Armaments+1","Infernal Blade","Sword Boomerang","Whirlwind","Berserk+1","Uppercut+1","Limit Break+1","Body Slam+1","Writhe","Thunderclap+1","Pommel Strike+1","Headbutt+1","Hemokinesis+1","Twin Strike+1","Intimidate+1"],"relics":["Philosopher\u0027s Stone","Oddly Smooth Stone","Molten Egg 2","Dream Catcher","Black Star","Pear","Thread and Needle","Pantograph","Sundial"],"acts_visited":["Exordium","TheCity"],"potions_floor_usage":[],"damage_taken":[{"damage":10.0,"enemies":"Jaw Worm","floor":1.0,"turns":3.0},{"damage":6.0,"enemies":"Small Slimes","floor":4.0,"turns":3.0},{"damage":0.0,"enemies":"2 Louse","floor":5.0,"turns":2.0},{"damage":0.0,"enemies":"Gremlin Nob","floor":8.0,"turns":2.0},{"damage":7.0,"enemies":"Gremlin Nob","floor":12.0,"turns":3.0},{"damage":0.0,"enemies":"Blue Slaver","floor":13.0,"turns":2.0},{"damage":0.0,"enemies":"Large Slime","floor":14.0,"turns":2.0},{"damage":6.0,"enemies":"The Guardian","floor":16.0,"turns":6.0},{"damage":19.0,"enemies":"2 Thieves","floor":18.0,"turns":3.0},{"damage":12.0,"enemies":"Spheric Guardian","floor":20.0,"turns":4.0},{"damage":58.0,"enemies":"Slavers","floor":24.0,"turns":5.0},{"damage":10.0,"enemies":"3 Cultists","floor":27.0,"turns":3.0},{"damage":24,"enemies":"Centurion and Healer","floor":29,"turns":5},{"damage":21,"enemies":"Book of Stabbing","floor":30,"turns":2}],"seed_played":"2698931262784728338","potions_obtained":[{"floor":8.0,"key":"Regen Potion"},{"floor":12.0,"key":"Ancient Potion"},{"floor":13.0,"key":"BlessingOfTheForge"},{"floor":14.0,"key":"Block Potion"},{"floor":18.0,"key":"SkillPotion"},{"floor":29,"key":"SneckoOil"}],"is_trial":false,"path_per_floor":["M","?","$","M","M","R","$","?","T","R","?","E","M","M","R","B",null,"M","?","M","?","?","R","E","R","T","M","R","M","E"],"character_chosen":"IRONCLAD","items_purchased":["Armaments","Whirlwind"],"campfire_rested":2,"item_purchase_floors":[3,7],"current_hp_per_floor":[70,54,54,48,48,48,48,48,48,48,37,39,39,39,39,33,80,61,71,59,59,59,59,1,28,28,18,45,21,0,0],"gold":412,"neow_bonus":"BOSS_RELIC","is_daily":false,"chose_seed":false,"campfire_upgraded":4,"win_rate":0.0,"timestamp":1612119217,"path_taken":["M","?","$","M","M","R","$","?","T","R","?","E","M","M","R","BOSS","M","?","M","?","?","R","E","R","T","M","R","M","E"],"items_purchased_type":["Card","Card"],"build_version":"2020-12-22","purchased_purges":0,"victory":false,"max_hp_per_floor":[80,80,80,80,80,80,80,80,80,80,80,80,80,80,80,80,80,80,90,90,90,90,90,90,90,90,90,90,90,90,90],"relic_stats":{"Dream Catcher":2,"counters":[14,45],"Sundial":[0],"Pantograph":0,"Black Star":1,"obtain_stats":[{"Dream Catcher":12,"Pear":19,"Sundial":26,"Pantograph":24,"Oddly Smooth Stone":8,"Philosopher\u0027s Stone":0,"Molten Egg 2":9,"Thread and Needle":24,"Black Star":17,"Burning Blood":0},{"Dream Catcher":5,"Pear":9,"Sundial":11,"Pantograph":11,"Oddly Smooth Stone":4,"Philosopher\u0027s Stone":0,"Molten Egg 2":4,"Thread and Needle":11,"Black Star":8,"Burning Blood":0},{"Dream Catcher":13,"Pear":26,"Sundial":35,"Pantograph":35,"Oddly Smooth Stone":10,"Philosopher\u0027s Stone":0,"Molten Egg 2":10,"Thread and Needle":35,"Black Star":23,"Burning Blood":0}]},"card_choices":[{"not_picked":["Perfected Strike","Havoc"],"picked":"Inflame","floor":1.0},{"not_picked":["Bloodletting","Iron Wave"],"picked":"Infernal Blade","floor":4.0},{"not_picked":["Battle Trance","Cleave"],"picked":"Sword Boomerang","floor":5.0},{"not_picked":["Perfected Strike+1","Feel No Pain"],"picked":"Berserk","floor":12.0},{"not_picked":["Ghostly Armor","Sever Soul+1","Searing Blow+1"],"picked":"SKIP","floor":13.0},{"not_picked":["Combust","Armaments"],"picked":"Uppercut+1","floor":14.0},{"not_picked":["Bludgeon+1","Impervious"],"picked":"Limit Break","floor":16.0},{"not_picked":["Wild Strike+1","Ghostly Armor"],"picked":"Body Slam+1","floor":18.0},{"not_picked":["Iron Wave+1","Anger+1"],"picked":"Thunderclap+1","floor":20.0},{"not_picked":["Metallicize","True Grit"],"picked":"Pommel Strike+1","floor":24.0},{"not_picked":["Hemokinesis+1","Dual Wield"],"picked":"Headbutt+1","floor":25.0},{"not_picked":["Combust","Clothesline+1"],"picked":"Hemokinesis+1","floor":27.0},{"not_picked":["Cleave+1","Immolate+1"],"picked":"Twin Strike+1","floor":28},{"not_picked":["Entrench","Iron Wave+1"],"picked":"Intimidate+1","floor":29}],"player_experience":23904,"relics_obtained":[{"floor":8.0,"key":"Oddly Smooth Stone"},{"floor":9.0,"key":"Molten Egg 2"},{"floor":12.0,"key":"Dream Catcher"},{"floor":24.0,"key":"Thread and Needle"},{"floor":24.0,"key":"Pantograph"},{"floor":26.0,"key":"Sundial"}],"event_choices":[{"damage_healed":0.0,"max_hp_gain":0.0,"max_hp_loss":0.0,"gold_gain":0.0,"event_name":"Shining Light","player_choice":"Entered Light","floor":2.0,"gold_loss":0.0,"damage_taken":16.0,"cards_upgraded":["Strike_R","Bash"]},{"damage_healed":0.0,"max_hp_gain":0.0,"max_hp_loss":0.0,"gold_gain":30.0,"event_name":"Dead Adventurer","player_choice":"Searched \u00272\u0027 times","floor":8.0,"gold_loss":0.0,"damage_taken":0.0},{"damage_healed":0.0,"max_hp_gain":0.0,"max_hp_loss":0.0,"gold_gain":75.0,"event_name":"World of Goop","player_choice":"Gather Gold","floor":11.0,"gold_loss":0.0,"damage_taken":11.0},{"damage_healed":0.0,"max_hp_gain":0.0,"max_hp_loss":0.0,"gold_gain":0.0,"event_name":"The Mausoleum","player_choice":"Opened","floor":19.0,"gold_loss":0.0,"damage_taken":0.0,"relics_obtained":["Pear"],"cards_obtained":["Writhe"]},{"damage_healed":0.0,"max_hp_gain":0.0,"max_hp_loss":0.0,"gold_gain":0.0,"event_name":"Ghosts","player_choice":"Ignored","floor":21.0,"gold_loss":0.0,"damage_taken":0.0},{"cards_removed":["Defend_R"],"damage_healed":0.0,"max_hp_gain":0.0,"max_hp_loss":0.0,"gold_gain":0.0,"event_name":"Bonfire Elementals","player_choice":"Offered Basic","floor":22.0,"gold_loss":0.0,"damage_taken":0.0}],"is_beta":false,"boss_relics":[{"not_picked":["Pandora\u0027s Box","Runic Cube"],"picked":"Black Star"}],"items_purged_floors":[],"is_endless":false,"potions_floor_spawned":[8,12,13,14,18,29],"killed_by":"Book of Stabbing","ascension_level":0}}