{"host":"a1eatafr7pisesky","time":1612092254,"event":{"mods":["AchievementEnabler","BaseMod","Colored Map","Keyboard Shortcuts","Minty Spire (QoL Compilation)","Say the Spire","StSLib","SuperFastMode","everything is the same but u backflip on backflip"],"gold_per_floor":[111,122,72,20,20,20,34,34,34,34,61,81,29,29,29,29,29],"floor_reached":16,"language":"KOR","playtime":243,"items_purged":[],"score":167,"play_id":"eba6a93c-975c-4c7f-8429-60174d3d3968","local_time":"20210131202414","is_ascension_mode":true,"campfire_choices":[{"data":"Dualcast","floor":6,"key":"SMITH"},{"data":"Zap","floor":8,"key":"SMITH"},{"floor":15,"key":"REST"}],"circlet_count":0,"master_deck":["AscendersBane","Strike_B","Strike_B","Strike_B","Defend_B","Defend_B","Defend_B","Defend_B","Zap+1","Dualcast+1","Turbo","Undo","Stack","Sweeping Beam","Sunder","Stack"],"relics":["Cracked Core","Akabeko","Strawberry","Eternal Feather","Potion Belt"],"acts_visited":["Exordium"],"potions_floor_usage":[11],"damage_taken":[{"damage":2,"enemies":"Jaw Worm","floor":1,"turns":3},{"damage":7,"enemies":"Small Slimes","floor":2,"turns":3},{"damage":0,"enemies":"2 Louse","floor":7,"turns":2},{"damage":44,"enemies":"Lagavulin","floor":11,"turns":7},{"damage":0,"enemies":"Exordium Wildlife","floor":12,"turns":2},{"damage":43,"enemies":"Hexaghost","floor":16,"turns":8}],"seed_played":"5965666729998669316","potions_obtained":[{"floor":7,"key":"LiquidMemories"}],"is_trial":false,"path_per_floor":["M","M","?","$","?","R","M","R","T","?","E","M","$","$","R","B"],"character_chosen":"DEFECT","items_purchased":["Block Potion","Stack"],"campfire_rested":1,"item_purchase_floors":[4,13],"current_hp_per_floor":[62,55,55,55,55,55,55,55,55,60,16,16,16,16,49,6,6],"gold":29,"neow_bonus":"RANDOM_COMMON_RELIC","is_daily":false,"chose_seed":false,"campfire_upgraded":2,"win_rate":0.0,"timestamp":1612092254,"path_taken":["M","M","?","$","?","R","M","R","T","?","E","M","?","$","R","BOSS"],"items_purchased_type":["Potion","Card"],"build_version":"2020-12-22","purchased_purges":0,"victory":false,"max_hp_per_floor":[71,71,71,71,78,78,78,78,78,83,83,83,83,83,83,83,83],"card_choices":[{"not_picked":["Redo","Stack"],"picked":"Turbo","floor":1},{"not_picked":["Redo","Hello World"],"picked":"Undo","floor":2},{"not_picked":["Compile Driver","Conserve Battery"],"picked":"Stack","floor":7},{"not_picked":["Turbo","Loop"],"picked":"Sweeping Beam","floor":11},{"not_picked":["Heatsinks","Hologram"],"picked":"Sunder","floor":12}],"player_experience":386527,"relics_obtained":[{"floor":9,"key":"Eternal Feather"},{"floor":11,"key":"Potion Belt"}],"event_choices":[{"cards_removed":["Strike_B"],"damage_healed":0,"gold_gain":0,"player_choice":"Card Removal","damage_taken":0,"max_hp_gain":0,"max_hp_loss":0,"event_name":"The Cleric","floor":3,"gold_loss":50},{"damage_healed":0,"gold_gain":0,"player_choice":"Success","damage_taken":7,"relics_obtained":["Strawberry"],"max_hp_gain":0,"max_hp_loss":0,"event_name":"Scrap Ooze","floor":5,"gold_loss":0},{"damage_healed":0,"gold_gain":0,"player_choice":"Donut","damage_taken":0,"max_hp_gain":5,"max_hp_loss":0,"event_name":"Big Fish","floor":10,"gold_loss":0}],"is_beta":false,"boss_relics":[],"items_purged_floors":[],"is_endless":false,"potions_floor_spawned":[7],"killed_by":"Hexaghost","ascension_level":14}}