{"host":"Aki","time":1612105836,"event":{"mods":["ATMod(°¢èªMod)","BaseMod","Challenge The Spire","Custom Start","DeckTracker","Minty Spire (QoL Compilation)","Quick Restart","StSLib"],"gold_per_floor":[529,228,255,301,345,357,369,381,496,612,682,694,706,136,194,246,349,426],"floor_reached":19,"language":"ZHS","playtime":614,"items_purged":["Defend_G","Strike_G","Strike_G"],"score":620,"play_id":"e283a383-6362-489c-9504-2625ad61a461","local_time":"20210131231036","daily_mods":["challengethespire:Bronze Difficulty","challengethespire:Elite Rush","Uncertain Future"],"is_ascension_mode":false,"campfire_choices":[{"data":"AT_FocusSwordFire","floor":7,"key":"SMITH"},{"data":"Acrobatics","floor":8,"key":"SMITH"},{"data":"Reflex","floor":13,"key":"SMITH"}],"circlet_count":0,"master_deck":["Strike_G","Strike_G","Strike_G","Defend_G","Defend_G","Defend_G+1","Defend_G","Survivor","Neutralize","AT_DarkMatter+1","Acrobatics+1","Terror","AT_FocusSwordFire+1","AT_ArcaneSupremacy+1","Blade Dance","Escape Plan","Reflex+1","Footwork+1","After Image+1","AT_EssenceShift+1"],"relics":["Ring of the Snake","Black Star","Sling","PreservedInsect","AT_ATBox","TwistedFunnel","Mummified Hand","Medical Kit","MawBank","War Paint","Bag of Preparation","Frozen Egg 2","AT_BladeRuinedKing","AT_MibuBalloonWealth","Cursed Key","AT_SunfireAegis","Orichalcum","AT_GoldPhoenixTree","AT_BellowingDragoncrestRing","Lantern","Bottled Lightning","AT_TrinityForce","Toy Ornithopter","Bag of Marbles","OrangePellets","Vajra","Tingsha","Oddly Smooth Stone","AT_BellDemon","Strawberry","AT_ImmortalShieldbow","InkBottle","Kunai","AT_SpeedBoots","Gremlin Horn"],"acts_visited":["Exordium"],"potions_floor_usage":[],"damage_taken":[{"damage":15.0,"enemies":"3 Sentries","floor":3.0,"turns":8.0},{"damage":0.0,"enemies":"Gremlin Nob","floor":4.0,"turns":2.0},{"damage":0,"enemies":"Gremlin Nob","floor":5,"turns":2},{"damage":8,"enemies":"Gremlin Leader","floor":9,"turns":3},{"damage":0,"enemies":"Slavers","floor":10,"turns":2},{"damage":0,"enemies":"Book of Stabbing","floor":11,"turns":2},{"damage":0,"enemies":"Giant Head","floor":15,"turns":1},{"damage":0,"enemies":"Nemesis","floor":16,"turns":1},{"damage":0,"enemies":"Reptomancer","floor":17,"turns":1},{"damage":0,"enemies":"Shield and Spear","floor":18,"turns":1}],"seed_played":"-4292631859239877904","potions_obtained":[{"floor":3.0,"key":"Dexterity Potion"},{"floor":5,"key":"PowerPotion"},{"floor":10,"key":"ColorlessPotion"},{"floor":16,"key":"LiquidMemories"}],"is_trial":true,"path_per_floor":["$","$","E","E","E","T","R","R","E","E","E","T","R","$","E","E","E","E",null],"character_chosen":"THE_SILENT","items_purchased":["TwistedFunnel","Mummified Hand","Medical Kit","Acrobatics","Toy Ornithopter","Bag of Marbles","OrangePellets"],"campfire_rested":0,"item_purchase_floors":[1,1,2,2,14,14,14],"current_hp_per_floor":[70,70,55,55,55,55,55,55,47,47,47,47,47,47,47,47,54,54],"gold":426,"neow_bonus":"","is_daily":false,"chose_seed":false,"campfire_upgraded":3,"win_rate":0.0,"timestamp":1612105836,"path_taken":["$","$","E","E","E","T","R","R","E","E","E","T","R","$","E","E","E","E"],"items_purchased_type":["Relic","Relic","Relic","Card","Relic","Relic","Relic"],"build_version":"2020-12-18","purchased_purges":3,"victory":true,"max_hp_per_floor":[70,70,70,70,70,70,70,70,70,70,70,70,70,70,70,70,77,77],"card_choices":[],"player_experience":24446,"relics_obtained":[{"floor":3.0,"key":"MawBank"},{"floor":3.0,"key":"War Paint"},{"floor":4.0,"key":"Bag of Preparation"},{"floor":4.0,"key":"Frozen Egg 2"},{"floor":5,"key":"AT_BladeRuinedKing"},{"floor":5,"key":"AT_MibuBalloonWealth"},{"floor":9,"key":"AT_SunfireAegis"},{"floor":9,"key":"Orichalcum"},{"floor":10,"key":"AT_GoldPhoenixTree"},{"floor":10,"key":"AT_BellowingDragoncrestRing"},{"floor":11,"key":"Lantern"},{"floor":11,"key":"Bottled Lightning"},{"floor":15,"key":"Vajra"},{"floor":15,"key":"Tingsha"},{"floor":16,"key":"Oddly Smooth Stone"},{"floor":16,"key":"AT_BellDemon"},{"floor":17,"key":"Strawberry"},{"floor":17,"key":"AT_ImmortalShieldbow"},{"floor":17,"key":"InkBottle"},{"floor":18,"key":"Kunai"},{"floor":18,"key":"AT_SpeedBoots"},{"floor":18,"key":"Gremlin Horn"}],"event_choices":[],"is_beta":true,"boss_relics":[{"not_picked":["Velvet Choker","SacredBark"],"picked":"Cursed Key"},{"not_picked":["Ring of the Serpent","Sozu"],"picked":"AT_TrinityForce"}],"items_purged_floors":[1,2,14],"is_endless":false,"potions_floor_spawned":[3,5,10,16],"ascension_level":0}}