{"host":"ecuvtzmejf7hhjpv","time":1612116468,"event":{"mods":["AchievementEnabler","Act Like it!","Aspiration","BaseMod","Better Altar","Better Match","Better Note","Better Sensory Stone","Better Skull","Better Third Choice","BetterRewards","Conspire","Custom Start","Downfall","Gensokyo","GifTheSpireLib","Hallownest","Hermit","Hubris","Kratos Character Expansion","Luminous","Marisa????????","Minty Spire (QoL Compilation)","Prisma Mod","Remilia??????","Replay The Spire","Robot Space Explorer","Spicy Shops","StSLib","The Animator","The Blackbeard","The Bug Knight","The Construct","The Cursed","The Disciple","The Dragon Tamer","The Forsaken","The Hierophant","The Jungle","The Marked","The Necromancer","The Poker Player","The Wild Card","TheSwordswoman"],"gold_per_floor":[112,112,112,156,193,247,247,312,335,388,448,504,519,519,519,620,620,661,495,495,545,505,536,571,585,608,619,647,83,117,158,158,282,282,392,486,571,661,201,201,326,430,453,563,587,680,773,163,163,163,163,163,11,111,111],"floor_reached":56,"language":"ENG","playtime":2276,"items_purged":["ReplayTheSpireMod:Splinters","DTMod:Strike"],"score":2064,"play_id":"1bc308e4-7fc2-4e89-ac9e-df7ce8a3924a","local_time":"20210131120748","is_ascension_mode":true,"metric_token":2835,"campfire_choices":[{"data":"DTMod:ResonanceForm","floor":32,"key":"SMITH"},{"floor":40,"key":"RECALL"},{"data":"ReplayTheSpireMod:Reroute Power","floor":49,"key":"SMITH"},{"data":"aspiration:Polymerization","floor":52,"key":"SMITH"}],"dtmod_dragon_data":[47,50,3,4,14,7],"circlet_count":0,"master_deck":["DTMod:Strike","DTMod:Strike","DTMod:Strike+1","DTMod:DoubleHit","DTMod:TargetDefense","DTMod:TargetDefense","DTMod:TargetDefense","DTMod:TargetDefense+1","DTMod:SwitchingTactic+1","HandOfGreed+1","Dramatic Entrance+1","DTMod:CrossStep+1","DTMod:Observe","DTMod:ComboAttack","DTMod:DragonDance","DTMod:Training+1","Hologram","DTMod:BalancedStrike","DTMod:Training+1","DTMod:ComboAttack","DTMod:Training","Cold Snap","DTMod:Harmonize","DTMod:BalancedStrike+1","DTMod:ResonanceForm+1","ReplayUltimateDefense","Defragment","Cold Snap","Machine Learning+1","FIFO Queue","Coolheaded+1","hubris:SpecializedCircuitry","DTMod:ForkedFire","ReplayTheSpireMod:Calculation Training+1","Buffer+1","FIFO Queue+1","DTMod:Shift","aspiration:Polymerization+1","Static Discharge","ReplayTheSpireMod:Reroute Power+1","DTMod:DragonDance","DTMod:ForkedFire","DTMod:Training+1"],"relics":["DTMod:PactStone","Gremlin Horn","hubris:DisguiseKit","Chemical X","Question Card","Whetstone","hubris:Icosahedron","Replay:Rubber Ducky","Vajra","theForsaken:Gavel","Tiny Chest","Shuriken","aspiration:DefectSkillbook","Replay:Wax Seal","Regal Pillow","Akabeko","Juzu Bracelet","Mirror","Onion Ring","Snecko Eye","Orichalcum","construct:RocketBooster","Garlic","aspiration:HiddenCompartment","HollowMod:PaleOreRelic","PreservedInsect","DollysMirror","hubris:CrystalStatue","Bronze Scales","Lantern","War Paint"],"acts_visited":["Exordium","TheCity","TheBeyond","TheEnding"],"potions_floor_usage":[12,12,16,28,33,47,55,55],"damage_taken":[{"damage":0,"enemies":"Jaw Worm","floor":1,"turns":3},{"damage":0,"enemies":"conspire:RoseBush","floor":4,"turns":6},{"damage":0,"enemies":"2 Louse","floor":5,"turns":3},{"damage":0,"enemies":"Replay:BlueRogue","floor":6,"turns":6},{"damage":0,"enemies":"conspire:2 RoseBushes","floor":8,"turns":5},{"damage":0,"enemies":"3 Sentries","floor":10,"turns":6},{"damage":0,"enemies":"HollowMod:MossKnight","floor":12,"turns":6},{"damage":0,"enemies":"Lots of Slimes","floor":13,"turns":1},{"damage":11,"enemies":"The Guardian","floor":16,"turns":10},{"damage":0,"enemies":"2 Thieves","floor":18,"turns":2},{"damage":0,"enemies":"Book of Stabbing","floor":23,"turns":6},{"damage":0,"enemies":"conspire:FuzzyDice","floor":24,"turns":3},{"damage":10,"enemies":"3 Cultists","floor":25,"turns":4},{"damage":10,"enemies":"Snecko","floor":27,"turns":4},{"damage":0,"enemies":"Replay:Snechameleon","floor":28,"turns":4},{"damage":0,"enemies":"conspire:Head Lice","floor":30,"turns":6},{"damage":0,"enemies":"conspire:HollyBat","floor":31,"turns":8},{"damage":24,"enemies":"Collector","floor":33,"turns":8},{"damage":0,"enemies":"Orb Walker","floor":35,"turns":3},{"damage":0,"enemies":"3 Darklings","floor":36,"turns":1},{"damage":0,"enemies":"Jaw Worm Horde","floor":37,"turns":1},{"damage":0,"enemies":"Transient","floor":38,"turns":5},{"damage":0,"enemies":"Mind Bloom Boss Battle","floor":41,"turns":5},{"damage":0,"enemies":"R_Hoarder","floor":42,"turns":6},{"damage":0,"enemies":"Nemesis","floor":44,"turns":5},{"damage":0,"enemies":"Spire Growth","floor":46,"turns":4},{"damage":0,"enemies":"Jaw Worm Horde","floor":47,"turns":1},{"damage":0,"enemies":"Awakened One","floor":50,"turns":6},{"damage":13,"enemies":"Shield and Spear","floor":54,"turns":3},{"damage":0,"enemies":"The Heart","floor":55,"turns":5}],"seed_played":"-3912259208135111275","potions_obtained":[{"floor":6,"key":"EssenceOfSteel"},{"floor":8,"key":"LiquidMemories"},{"floor":11,"key":"Dexterity Potion"},{"floor":13,"key":"BlessingOfTheForge"},{"floor":16,"key":"SpeedPotion"},{"floor":27,"key":"Adrenaline Potion"},{"floor":28,"key":"SpeedPotion"},{"floor":38,"key":"Dexterity Potion"},{"floor":41,"key":"Energy Potion"},{"floor":54,"key":"Fire Potion"}],"is_trial":false,"path_per_floor":["M","?","?","M","M","E","?","M","T","E","?","E","M","?","R","B",null,"M","$","?","T","?","E","M","M","T","M","E","$","E","M","R","B",null,"M","M","M","M","$","R","?","E","T","E","T","M","M","$","R","B",null,"R","$","E","B",null],"character_chosen":"THE_DT","items_purchased":["Gremlin Horn","HandOfGreed","Dramatic Entrance","hubris:DisguiseKit","Chemical X","DTMod:CrossStep+1","DTMod:Observe","DTMod:ComboAttack","Question Card","Whetstone","DTMod:DragonDance","ReplayUltimateDefense","Juzu Bracelet","Mirror","DTMod:Shift","Orichalcum","aspiration:Polymerization","DollysMirror","hubris:CrystalStatue","Bronze Scales","DTMod:ForkedFire","Lantern"],"campfire_rested":0,"item_purchase_floors":[0,0,0,0,0,0,0,0,0,0,0,19,29,29,39,39,39,48,48,48,48,53],"current_hp_per_floor":[16,16,16,16,16,16,16,16,16,16,16,16,16,16,29,18,45,45,45,45,45,45,45,45,35,35,25,25,25,25,25,25,1,45,45,45,45,45,45,45,45,45,45,45,45,45,45,45,45,45,45,45,45,32,32],"gold":111,"neow_bonus":"","is_daily":false,"chose_seed":false,"campfire_upgraded":3,"win_rate":0.0,"timestamp":1612116468,"path_taken":["M","?","?","M","M","E","?","M","T","E","?","E","?","?","R","BOSS","M","$","?","?","?","E","M","?","T","M","E","$","E","M","R","BOSS","M","M","M","M","$","R","?","E","T","E","?","M","M","$","R","BOSS","R","$","E","BOSS"],"items_purchased_type":["Relic","Card","Card","Relic","Relic","Card","Card","Card","Relic","Relic","Card","Card","Relic","Relic","Card","Relic","Card","Relic","Relic","Relic","Card","Relic"],"build_version":"2020-12-22","purchased_purges":2,"victory":true,"max_hp_per_floor":[45,45,45,45,45,45,45,45,45,45,45,45,45,45,45,45,45,45,45,45,45,45,45,45,45,45,45,45,45,45,45,45,45,45,45,45,45,45,45,45,45,45,45,45,45,45,45,45,45,45,45,45,45,45,45],"card_choices":[{"not_picked":["DTMod:Weaken","DTMod:MasterPlan","DTMod:FlameSlash","Static Discharge"],"picked":"DTMod:Training","floor":1},{"not_picked":["DTMod:Weaken","DTMod:FlameSlash","DTMod:Cover","DTMod:BurningEnergy","Compile Driver"],"picked":"SKIP","floor":4},{"not_picked":["DTMod:PurifyingFlame","DTMod:RecklessFlurry","DTMod:Hide","DTMod:Inferno"],"picked":"Hologram","floor":5},{"not_picked":["DTMod:Conduct","DTMod:CleansingStrike","DTMod:BlazingStrike","Defragment"],"picked":"DTMod:BalancedStrike","floor":6},{"not_picked":["DTMod:QuickFly","DTMod:BuildUp","DTMod:MagicField","ReplaySort"],"picked":"DTMod:Training","floor":8},{"not_picked":["DTMod:Harmonize","DTMod:BizarreTactic","DTMod:DarkBreath","Turbo"],"picked":"DTMod:ComboAttack","floor":10},{"not_picked":["DTMod:Overwhelm","DTMod:ComboAttack","DTMod:Cover","Stack"],"picked":"DTMod:Training","floor":11},{"not_picked":["DTMod:BlueScale","DTMod:GhostSkin","DTMod:QuickFly","DTMod:Hide"],"picked":"Cold Snap","floor":11},{"not_picked":["DTMod:TauntingStrike","DTMod:RunningTactic","DTMod:Hide","Rebound"],"picked":"DTMod:Harmonize","floor":12},{"not_picked":["DTMod:Cover","DTMod:BizarreTactic","DTMod:BurningEnergy","Reinforced Body"],"picked":"DTMod:BalancedStrike","floor":13},{"not_picked":["DTMod:Inferno","DTMod:HeadStart","DTMod:ShadowImage","Machine Learning"],"picked":"DTMod:ResonanceForm","floor":16},{"not_picked":["Reinforced Body","DTMod:BreakAttack","Reprogram+1","ReplayTheSpireMod:Dual Polarity","DTMod:HeatWave","Hologram"],"picked":"SKIP","floor":18},{"not_picked":["DTMod:DarkBreath","Turbo+1","Barrage","Scrape","DTMod:OpeningTactic","Doom and Gloom"],"picked":"SKIP","floor":23},{"not_picked":["Streamline+1","Undo","DTMod:Hide","Auto Shields","Go for the Eyes"],"picked":"Defragment","floor":24},{"not_picked":["Sweeping Beam","DTMod:QuickFly","Chill+1","Steam","Scrape"],"picked":"Cold Snap","floor":25},{"not_picked":["DTMod:BurningEnergy","Gash","Skim+1","DTMod:MasterPlan","Ball Lightning"],"picked":"Machine Learning","floor":27},{"not_picked":["Mirror Shield","ReplaySort","DTMod:ComboAttack","Turbo+1","All For One"],"picked":"FIFO Queue","floor":28},{"not_picked":["DTMod:LastStand","ReplayTheSpireMod:System Scan+1","Fusion","DTMod:BizarreTactic","DTMod:Threaten+1","Ball Lightning"],"picked":"SKIP","floor":30},{"not_picked":["Hyperbeam","DTMod:Observe","Conserve Battery","DTMod:StarRain","Streamline"],"picked":"Coolheaded+1","floor":31},{"not_picked":["Machine Learning","ReplayTheSpireMod:Omega Cannon","Hyperbeam","DTMod:Outburst","Machine Learning"],"picked":"hubris:SpecializedCircuitry","floor":33},{"not_picked":["DTMod:BlazingStrike+1","DTMod:Threaten","Streamline","Static Discharge+1","Rebound"],"picked":"DTMod:ForkedFire","floor":35},{"not_picked":["DTMod:Astonish","Leap","DTMod:BuildUp","DTMod:Punisher+1","Steam Power"],"picked":"ReplayTheSpireMod:Calculation Training+1","floor":36},{"not_picked":["DTMod:BreakAttack+1","Sweeping Beam","Hello World","DTMod:HeatWave+1","DTMod:MaximumCharge+1"],"picked":"Buffer","floor":37},{"not_picked":["Melter","Rebound","DTMod:CleansingStrike","DTMod:BurningEnergy+1","Crystallizer"],"picked":"FIFO Queue+1","floor":38},{"not_picked":["DTMod:BreakAttack+1","Redo+1","DTMod:BlueScale","Leap+1","Genetic Algorithm"],"picked":"Static Discharge","floor":41},{"not_picked":["DTMod:Shift","Core Surge","DTMod:Feint","Storm+1","Beam Cell","Gash"],"picked":"SKIP","floor":42},{"not_picked":["DTMod:BalancedStrike+1","Meteor Strike","Redo+1","ReplayTheSpireMod:System Scan","Panic Button","Capacitor"],"picked":"SKIP","floor":44},{"not_picked":["ReplayTheSpireMod:Dual Polarity","BootSequence","Stack","DTMod:QuickFly+1","Go for the Eyes"],"picked":"ReplayTheSpireMod:Reroute Power","floor":46},{"not_picked":["DTMod:SealedStrike","Storm","Beam Cell","Turbo+1","DTMod:ComboAttack+1","Redo"],"picked":"SKIP","floor":47},{"not_picked":["Steam Power","Compile Driver","DTMod:GearUp","DTMod:Conduct+1","Sweeping Beam"],"picked":"DTMod:Training+1","floor":54}],"player_experience":1177496,"relics_obtained":[{"floor":6,"key":"Replay:Rubber Ducky"},{"floor":9,"key":"Vajra"},{"floor":10,"key":"theForsaken:Gavel"},{"floor":11,"key":"Tiny Chest"},{"floor":12,"key":"Shuriken"},{"floor":21,"key":"Replay:Wax Seal"},{"floor":23,"key":"Regal Pillow"},{"floor":28,"key":"Akabeko"},{"floor":30,"key":"Onion Ring"},{"floor":41,"key":"construct:RocketBooster"},{"floor":42,"key":"Garlic"},{"floor":43,"key":"aspiration:HiddenCompartment"},{"floor":44,"key":"HollowMod:PaleOreRelic"},{"floor":45,"key":"PreservedInsect"},{"floor":54,"key":"War Paint"}],"event_choices":[{"damage_healed":0,"gold_gain":0,"player_choice":"Bought 0 Potions","damage_taken":0,"max_hp_gain":0,"max_hp_loss":0,"event_name":"The Woman in Blue","floor":14,"gold_loss":0},{"damage_healed":0,"gold_gain":0,"player_choice":"Ignored","damage_taken":0,"max_hp_gain":0,"max_hp_loss":0,"event_name":"betterNote:BetterNote","floor":20,"gold_loss":0,"cards_obtained":["Strike_G"]},{"damage_healed":0,"gold_gain":0,"player_choice":"Upgraded Two","damage_taken":0,"max_hp_gain":0,"max_hp_loss":0,"event_name":"Designer","floor":22,"gold_loss":40,"cards_upgraded":["DTMod:BalancedStrike","DTMod:SwitchingTactic"]},{"damage_healed":0,"gold_gain":0,"player_choice":"Fight","damage_taken":0,"max_hp_gain":0,"max_hp_loss":0,"event_name":"MindBloom","floor":41,"gold_loss":0}],"is_beta":false,"boss_relics":[{"not_picked":["hubris:TerracottaHorce","hubris:ScarierMask"],"picked":"aspiration:DefectSkillbook"},{"not_picked":["hubris:RunicObelisk","ReplayTheSpireMod:DimensionalGlitch"],"picked":"Snecko Eye"}],"items_purged_floors":[29,29],"is_endless":false,"potions_floor_spawned":[6,8,13,16,27,28,30,31,38,41,42,54],"ascension_level":1}}