{"host":"fzjk61lpi4bwj033","time":1612054104,"event":{"mods":["Ascension Unlocker","BaseMod","Conspire","Downfall","Hermit","Hubris","Infinite Spire","Jorbs\u0027s Wanderer Trilogy","Minty Spire (QoL Compilation)","Rare Cards Sparkle","Replay The Spire","StSLib","The Jungle"],"gold_per_floor":[99,114,134,134,134,149,196,196,210,243,243,256,256,290,309,380,380,380,391,401,401,401,401,401,401],"floor_reached":23,"language":"ENG","playtime":1030,"items_purged":[],"score":402,"play_id":"ccd46bf1-13b3-42d7-97a2-f4a38215645e","local_time":"20210130184824","is_ascension_mode":true,"campfire_choices":[{"data":"Slimebound:Split","floor":8,"key":"SMITH"},{"floor":11,"key":"REST"},{"data":"Slimebound:SplitSpecialist","floor":13,"key":"SMITH"},{"data":"Slimebound:MinionMaster","floor":18,"key":"SMITH"}],"circlet_count":0,"master_deck":["AscendersBane","Slimebound:Strike_Slimebound","Slimebound:Strike_Slimebound","Slimebound:Tackle","Slimebound:Defend_Slimebound","Slimebound:Defend_Slimebound","Slimebound:Defend_Slimebound","Slimebound:Defend_Slimebound","Slimebound:Split+1","Slimebound:CorrosiveSpit","Slimebound:SplitAcid","Slimebound:PressTheAttack","Slimebound:ItLooksTasty","Slimebound:LevelUp","Slimebound:SplitSpecialist+1","Slimebound:SplitBruiser","Slimebound:RainOfGoop","Slimebound:MinionMaster+1","Slimebound:SplitMire","Slimebound:Gluttony+1","infinitespire:Starlight","infinitespire:Gouge"],"relics":["Slimebound:AbsorbEndCombatUpgraded","Orichalcum","Ancient Tea Set","hubris:Reverence","ReplayTheSpireMod:Lightbulb"],"acts_visited":["Exordium","Exordium"],"potions_floor_usage":[10,14,16,20],"damage_taken":[{"damage":4,"enemies":"Small Slimes","floor":2,"turns":4},{"damage":8,"enemies":"2 Louse","floor":3,"turns":3},{"damage":1,"enemies":"Cultist","floor":6,"turns":4},{"damage":24,"enemies":"Exordium Wildlife","floor":9,"turns":5},{"damage":38,"enemies":"Gremlin Nob","floor":10,"turns":4},{"damage":10,"enemies":"Exordium Thugs","floor":12,"turns":5},{"damage":1,"enemies":"Lagavulin","floor":14,"turns":8},{"damage":0,"enemies":"Large Slime","floor":15,"turns":4},{"damage":35,"enemies":"IC_STATUS_ARCHETYPE","floor":16,"turns":13},{"damage":27,"enemies":"theJungle:MUSHROOMGANG","floor":19,"turns":4},{"damage":28,"enemies":"Shell Parasite","floor":20,"turns":4},{"damage":27,"enemies":"theJungle:JungleHuntersEncounter","floor":23,"turns":2}],"seed_played":"4115495127659010285","potions_obtained":[{"floor":0,"key":"Slimebound:SpawnSlimePotion"},{"floor":0,"key":"Cursed Concoction"},{"floor":3,"key":"Weak Potion"},{"floor":14,"key":"LifebloodPotion"},{"floor":16,"key":"ColorlessPotion"}],"is_trial":false,"path_per_floor":["R","M","M","?","?","M","T","R","M","E","R","M","R","E","M","B",null,"R","M","M","AVR","?","M"],"character_chosen":"SLIMEBOUND","items_purchased":[],"campfire_rested":1,"item_purchase_floors":[],"current_hp_per_floor":[53,51,47,44,59,59,59,59,43,13,30,26,26,33,37,10,47,47,32,16,16,17,0,0,0],"gold":401,"neow_bonus":"THREE_SMALL_POTIONS","is_daily":false,"chose_seed":false,"campfire_upgraded":3,"win_rate":0.0,"timestamp":1612054104,"path_taken":["R","M","M","?","?","M","T","R","M","E","R","M","R","E","M","BOSS","R","M","?","AVR","?","M"],"items_purchased_type":[],"build_version":"2020-12-22","purchased_purges":0,"victory":false,"max_hp_per_floor":[59,59,59,59,59,59,59,59,59,59,59,59,59,59,59,59,59,59,59,59,59,59,59,59,59],"card_choices":[{"not_picked":["Slimebound:SlimeBarrage","Slimebound:Prepare"],"picked":"Slimebound:PressTheAttack","floor":2},{"not_picked":["Slimebound:FinishingTackle","Slimebound:SlimeBrawl"],"picked":"Slimebound:ItLooksTasty","floor":3},{"not_picked":["Slimebound:SplitAcid","Slimebound:ItLooksTasty","Slimebound:ComboTackle"],"picked":"SKIP","floor":6},{"not_picked":["Slimebound:LivingWall","Slimebound:Nibble"],"picked":"Slimebound:LevelUp","floor":9},{"not_picked":["Slimebound:SlimeTap","Slimebound:LeechEnergy"],"picked":"Slimebound:SplitSpecialist","floor":10},{"not_picked":["Slimebound:Darklings","Slimebound:SamplingLick"],"picked":"Slimebound:SplitBruiser","floor":12},{"not_picked":["Slimebound:SlimeTap","Slimebound:SplitLeeching"],"picked":"Slimebound:RainOfGoop","floor":14},{"not_picked":["Slimebound:HauntingLick","Slimebound:ItLooksTasty","Slimebound:SplitLeeching"],"picked":"SKIP","floor":15},{"not_picked":["Slimebound:SlimeSlap","Slimebound:Teamwork"],"picked":"Slimebound:MinionMaster","floor":16},{"not_picked":["Slimebound:LeechEnergy+1","Slimebound:LevelUp"],"picked":"Slimebound:SplitMire","floor":19},{"not_picked":["Slimebound:GoopTackle","Slimebound:RainOfGoop"],"picked":"Slimebound:Gluttony+1","floor":20}],"player_experience":803946,"relics_obtained":[{"floor":7,"key":"Orichalcum"},{"floor":10,"key":"Ancient Tea Set"},{"floor":14,"key":"hubris:Reverence"}],"event_choices":[{"damage_healed":0,"gold_gain":0,"player_choice":"Leave","damage_taken":0,"max_hp_gain":0,"max_hp_loss":0,"event_name":"conspire:Investor","floor":4,"gold_loss":0},{"damage_healed":15,"gold_gain":0,"player_choice":"Full Heal","damage_taken":0,"max_hp_gain":0,"max_hp_loss":0,"event_name":"Wheel of Change","floor":5,"gold_loss":0}],"is_beta":false,"boss_relics":[{"not_picked":["hubris:VirtuousBlindfold","Replay:Bronze Core"],"picked":"Slimebound:AbsorbEndCombatUpgraded"}],"items_purged_floors":[],"is_endless":false,"potions_floor_spawned":[3,14,16],"killed_by":"theJungle:JungleHuntersEncounter","ascension_level":20}}