{"host":"ucgrft0m53zzt06v","time":1612069766,"event":{"mods":["BaseMod","Colored Map","Colored Powertips","Conspire","HololiveMod","KinomotoSakuraMod(木之本樱)","Lobotomy","Minty Spire (QoL Compilation)","Quick Restart","Replay The Spire","Shop Mod","Spicy Shops","StSLib","Td1madao Mod","The Senshi","Waifu the Spire","WarShipGirlsR/战舰少女R mod","【遗物卡牌】REMEMod"],"gold_per_floor":[116,146,146,161,161,195,195,207,231,231,251,251,20,51,51,151,151,161,101,111,26,26,26,40,40,40,40,40,40,68,109,109,127,127],"floor_reached":33,"language":"ZHS","playtime":13604,"items_purged":["rmod:strick"],"score":340,"play_id":"7449fed5-c234-4be5-9dc6-320694e05cdb","local_time":"20210131130926","is_ascension_mode":true,"campfire_choices":[{"floor":7.0,"key":"REST"},{"data":"rmod:secretscript","floor":10.0,"key":"SMITH"},{"data":"rmod:basicallowance","floor":12.0,"key":"SMITH"},{"floor":15.0,"key":"DIG"},{"data":"rmod:supriseattacks","floor":23.0,"key":"SMITH"},{"data":"rmod:stealaluminum","floor":25.0,"key":"SMITH"},{"data":"rmod:aviationdawn","floor":29.0,"key":"SMITH"},{"data":"rmod:fuelsupply","floor":32,"key":"SMITH"}],"circlet_count":0,"master_deck":["rmod:strick","rmod:strick","rmod:defend+1","rmod:defend","rmod:defend+1","rmod:defend","rmod:basicallowance+1","rmod:maingunfire","rmod:acesubmarine","rmod:stealaluminum+1","rmod:aviationdawn+1","rmod:secretscript+1","rmod:supriseattacks+1","rmod:selfconfidence+1","rmod:fuelsupply+1"],"relics":["rmod:firstchargereward","REME_ComplimentaryCards","ReplayTheSpireMod:Lightbulb","rmod:equipmentrecovery","Bag of Marbles","Anchor","conspire:Flyswatter","Garlic","Replay:Bronze Core","theSenshi:FeatherClipsRelic","REME_HourglassOfDeath","Replay:Bandana"],"acts_visited":["Exordium","TheCity"],"potions_floor_usage":[30,30,33,33],"damage_taken":[{"damage":0.0,"enemies":"Small Slimes","floor":1.0,"turns":3.0},{"damage":10.0,"enemies":"conspire:MimicChest","floor":2.0,"turns":3.0},{"damage":3.0,"enemies":"Jaw Worm","floor":4.0,"turns":3.0},{"damage":21.0,"enemies":"3 Sentries","floor":6.0,"turns":9.0},{"damage":0.0,"enemies":"2 Louse","floor":8.0,"turns":3.0},{"damage":0.0,"enemies":"Gremlin Gang","floor":11.0,"turns":3.0},{"damage":0.0,"enemies":"Lagavulin","floor":14.0,"turns":5.0},{"damage":16.0,"enemies":"Slime Boss","floor":16.0,"turns":9.0},{"damage":6.0,"enemies":"Shell Parasite","floor":18.0,"turns":6.0},{"damage":6.0,"enemies":"Chosen","floor":20.0,"turns":6.0},{"damage":3.0,"enemies":"3 Cultists","floor":24.0,"turns":6.0},{"damage":16,"enemies":"Book of Stabbing","floor":30,"turns":6},{"damage":0,"enemies":"Cultist and Chosen","floor":31,"turns":4},{"damage":62,"enemies":"conspire:MysteriousRune","floor":33,"turns":7}],"seed_played":"-6657229713395429328","potions_obtained":[{"floor":4.0,"key":"Fire Potion"},{"floor":6.0,"key":"DuplicationPotion"},{"floor":16.0,"key":"GamblersBrew"},{"floor":24.0,"key":"Swift Potion"},{"floor":30,"key":"Explosive Potion"}],"is_trial":false,"path_per_floor":["M","?","?","M","?","E","R","M","T","R","M","R","$","E","R_BF","B",null,"M","?","M","?","?","R","M","R","T","$","?","R","E","M","R","B"],"character_chosen":"PRAEFECT","items_purchased":["Anchor"],"campfire_rested":1,"item_purchase_floors":[13],"current_hp_per_floor":[54,44,29,26,26,5,27,27,27,27,27,27,27,27,27,11,75,69,69,63,63,63,63,66,66,66,66,66,66,56,62,62,0,0],"gold":127,"neow_bonus":"THREE_RARE_CARDS","is_daily":false,"chose_seed":false,"campfire_upgraded":6,"win_rate":0.0,"timestamp":1612069766,"path_taken":["M","?","?","M","?","E","R","?","T","R","M","R","$","E","R_BF","BOSS","M","?","M","?","?","R","?","R","T","$","?","R","E","M","R","BOSS"],"items_purchased_type":["Relic"],"build_version":"2020-12-22","purchased_purges":1,"victory":false,"max_hp_per_floor":[75,75,75,75,75,75,75,75,75,75,75,75,75,75,75,75,75,75,75,75,75,75,75,75,75,75,75,75,75,75,75,75,75,75],"card_choices":[{"not_picked":["rmod:windflower","rmod:abidefaith"],"picked":"rmod:acesubmarine","floor":0.0},{"not_picked":["rmod:circuitoustactics","rmod:capitalist"],"picked":"rmod:aviationdawn","floor":1.0},{"not_picked":["rmod:firesupport","rmod:wife"],"picked":"rmod:secretscript","floor":2.0},{"not_picked":["rmod:aviationdawn","rmod:victimresponsibility","rmod:fletcherpendant"],"picked":"SKIP","floor":4.0},{"not_picked":["rmod:victimresponsibility","rmod:unsinkable","rmod:ammunitionsupply"],"picked":"SKIP","floor":6.0},{"not_picked":["rmod:firesupport","rmod:aviationdawn","rmod:highspeedshooting"],"picked":"SKIP","floor":8.0},{"not_picked":["rmod:diamondstrike","rmod:punchline","rmod:ammunitionsupply"],"picked":"SKIP","floor":11.0},{"not_picked":["rmod:concentratefire","rmod:timeschanged","rmod:goodfighter"],"picked":"SKIP","floor":14.0},{"not_picked":["rmod:stealaluminum","rmod:u235"],"picked":"rmod:supriseattacks","floor":16.0},{"not_picked":["rmod:luckystar","rmod:diamondstrike","rmod:ammunitionsupply"],"picked":"SKIP","floor":18.0},{"not_picked":["rmod:supportescort","rmod:generalist+1","rmod:unsinkable"],"picked":"SKIP","floor":20.0},{"not_picked":["rmod:firesupport","rmod:sl"],"picked":"rmod:selfconfidence+1","floor":24.0},{"not_picked":["rmod:aviationdawn","rmod:secretscript"],"picked":"rmod:fuelsupply","floor":30},{"not_picked":["rmod:unsinkable","rmod:diamondstrike","rmod:goodsister"],"picked":"SKIP","floor":31}],"player_experience":123775,"relics_obtained":[{"floor":2.0,"key":"ReplayTheSpireMod:Lightbulb"},{"floor":6.0,"key":"rmod:equipmentrecovery"},{"floor":9.0,"key":"Bag of Marbles"},{"floor":14.0,"key":"conspire:Flyswatter"},{"floor":15.0,"key":"Garlic"},{"floor":26.0,"key":"REME_HourglassOfDeath"},{"floor":30,"key":"Replay:Bandana"}],"event_choices":[{"damage_healed":0.0,"max_hp_gain":0.0,"max_hp_loss":0.0,"gold_gain":0.0,"event_name":"Shining Light","player_choice":"Entered Light","floor":3.0,"gold_loss":0.0,"damage_taken":15.0,"cards_upgraded":["rmod:defend","rmod:defend"]},{"cards_removed":["rmod:strick"],"damage_healed":0.0,"max_hp_gain":0.0,"max_hp_loss":0.0,"gold_gain":0.0,"event_name":"Purifier","player_choice":"Purged","floor":5.0,"gold_loss":0.0,"damage_taken":0.0},{"damage_healed":0.0,"max_hp_gain":0.0,"max_hp_loss":0.0,"gold_gain":0.0,"event_name":"Addict","player_choice":"Obtained Relic","floor":21.0,"gold_loss":85.0,"damage_taken":0.0,"relics_obtained":["theSenshi:FeatherClipsRelic"]},{"damage_healed":0.0,"max_hp_gain":0.0,"max_hp_loss":0.0,"gold_gain":0.0,"event_name":"Ghosts","player_choice":"Ignored","floor":22.0,"gold_loss":0.0,"damage_taken":0.0},{"damage_healed":0.0,"max_hp_gain":0.0,"max_hp_loss":0.0,"gold_gain":0.0,"event_name":"conspire:Investor","player_choice":"Leave","floor":28.0,"gold_loss":0.0,"damage_taken":0.0}],"is_beta":false,"boss_relics":[{"not_picked":["Calling Bell","rmod:mogul"],"picked":"Replay:Bronze Core"}],"items_purged_floors":[13],"is_endless":false,"potions_floor_spawned":[4,6,16,24,30],"killed_by":"conspire:MysteriousRune","ascension_level":3}}