{"host":"ueu9p0h3qc1t2vnw","time":1612077402,"event":{"mods":["BaseMod","Colored Map","Downfall","Highlight Path","Minty Spire (QoL Compilation)","StSLib"],"gold_per_floor":[99,110,129,139,159,59,86,101,101,135,166,163,175,337,364,478,490,502,527,524,548,660,672,757,769,811,823,835,863,892,923,950,962,962,962],"floor_reached":33,"language":"ENG","playtime":3212,"items_purged":[],"score":296,"play_id":"c5fd3017-a9cf-4a05-ba9f-44816c9dd3f8","local_time":"20210130221642","is_ascension_mode":false,"campfire_choices":[{"floor":1,"key":"RECALL"},{"data":"bronze:Return","floor":6,"key":"SMITH"},{"floor":9,"key":"REST"},{"data":"bronze:ItsAFeature","floor":13,"key":"SMITH"},{"data":"bronze:Format","floor":18,"key":"SMITH"},{"data":"bronze:Allocate","floor":23,"key":"SMITH"},{"data":"bronze:AlphaBuild","floor":25,"key":"SMITH"},{"data":"bronze:Flail","floor":28,"key":"SMITH"}],"circlet_count":0,"master_deck":["bronze:Strike","bronze:Strike","bronze:Strike","bronze:Strike","bronze:Defend","bronze:Defend","bronze:Defend","bronze:Defend","bronze:Replicate","bronze:Goto","bronze:Return+1","bronze:DigitalCarnage","bronze:Overheat","bronze:Branch","bronze:Turbo+1","bronze:Frontload+1","bronze:ItsAFeature+1","bronze:AlphaBuild+1","downfall:Icky","bronze:Allocate+1","bronze:Format+1","bronze:BronzeOrb+1","bronze:Flail+1","Ghostly","Ghostly","Ghostly","Ghostly","Ghostly","bronze:AlphaBuild"],"relics":["bronze:MakeshiftBattery","downfall:HeartBlessingRed","Regal Pillow","MawBank","expansioncontent:StudyCardRelic","Peace Pipe","Eternal Feather","Frozen Egg 2","War Paint"],"acts_visited":["Exordium","TheCity"],"potions_floor_usage":[33,33],"damage_taken":[{"damage":1,"enemies":"Cultist","floor":2,"turns":4},{"damage":13,"enemies":"2 Louse","floor":3,"turns":3},{"damage":6,"enemies":"Jaw Worm","floor":4,"turns":2},{"damage":7,"enemies":"Blue Slaver","floor":5,"turns":3},{"damage":10,"enemies":"3 Louse","floor":8,"turns":2},{"damage":16,"enemies":"3 Sentries","floor":10,"turns":8},{"damage":6,"enemies":"Exordium Wildlife","floor":11,"turns":3},{"damage":0,"enemies":"downfall:FleeingMerchant","floor":12,"turns":4},{"damage":2,"enemies":"Exordium Thugs","floor":15,"turns":2},{"damage":20,"enemies":"IC_STATUS_ARCHETYPE","floor":16,"turns":12},{"damage":5,"enemies":"3 Byrds","floor":19,"turns":5},{"damage":0,"enemies":"downfall:FleeingMerchant","floor":20,"turns":4},{"damage":5,"enemies":"Chosen","floor":21,"turns":4},{"damage":7,"enemies":"Colosseum Nobs","floor":22,"turns":5},{"damage":12,"enemies":"Book of Stabbing","floor":26,"turns":5},{"damage":0,"enemies":"3 Cultists","floor":29,"turns":3},{"damage":0,"enemies":"Chosen and Byrds","floor":30,"turns":4},{"damage":2,"enemies":"Cultist and Chosen","floor":31,"turns":7},{"damage":13,"enemies":"Centurion and Healer","floor":32,"turns":4},{"damage":21,"enemies":"DF_ARCHETYPE_CLAW","floor":33,"turns":9}],"seed_played":"-5731636822202063374","potions_obtained":[{"floor":3,"key":"Regen Potion"},{"floor":4,"key":"SteroidPotion"},{"floor":8,"key":"GamblersBrew"},{"floor":16,"key":"Guardian:BlockOnCardUsePotion"},{"floor":29,"key":"PowerPotion"}],"is_trial":false,"path_per_floor":["R","M","M","M","M","R","T","M","R","E","M","$","R","?","M","B",null,"R","M","$","M","?","R","T","R","E","?","R","M","M","M","M","B"],"character_chosen":"THE_AUTOMATON","items_purchased":[],"campfire_rested":1,"item_purchase_floors":[],"current_hp_per_floor":[70,69,56,50,43,43,43,33,69,53,47,47,47,47,45,25,70,70,65,65,60,53,65,65,70,58,35,35,35,35,33,20,0,0,0],"gold":962,"neow_bonus":"BOSS_RELIC","is_daily":false,"chose_seed":false,"campfire_upgraded":6,"win_rate":0.0,"timestamp":1612077402,"path_taken":["R","M","M","?","M","R","T","M","R","E","M","$","R","?","M","BOSS","R","M","$","M","?","R","T","R","E","?","R","M","M","M","M","BOSS"],"items_purchased_type":[],"build_version":"2020-12-22","purchased_purges":0,"victory":false,"max_hp_per_floor":[70,70,70,70,70,70,70,70,70,70,70,70,70,70,70,70,70,70,70,70,70,70,70,70,70,70,35,35,35,35,35,35,35,35,35],"card_choices":[{"not_picked":["bronze:WildBeam","bronze:BitShift"],"picked":"bronze:Return","floor":2},{"not_picked":["bronze:OilSpill","bronze:DelayedGuard"],"picked":"bronze:DigitalCarnage","floor":3},{"not_picked":["bronze:Backtrace","bronze:CloningBeam"],"picked":"bronze:Overheat","floor":4},{"not_picked":["bronze:FineTuning","bronze:BitShift"],"picked":"bronze:Branch","floor":5},{"not_picked":["bronze:FineTuning","bronze:DelayedGuard"],"picked":"bronze:Turbo","floor":8},{"not_picked":["bronze:MaxOutput","bronze:DelayedGuard"],"picked":"bronze:Frontload","floor":10},{"not_picked":["bronze:Invalidate","bronze:MaxOutput"],"picked":"bronze:ItsAFeature","floor":11},{"not_picked":["bronze:ChildClass","bronze:Allocate"],"picked":"bronze:AlphaBuild","floor":12},{"not_picked":["bronze:BitShift","bronze:DarkDash"],"picked":"bronze:Allocate","floor":15},{"not_picked":["bronze:SpaghettiCode","bronze:Break"],"picked":"bronze:Format","floor":16},{"not_picked":["bronze:Branch","bronze:DelayedSlice","bronze:OilSpill"],"picked":"SKIP","floor":19},{"not_picked":["bronze:DigitalCarnage","bronze:Branch","bronze:BronzeArmor"],"picked":"SKIP","floor":20},{"not_picked":["bronze:Iterate","bronze:BuggyMess","bronze:WildBeam+1"],"picked":"SKIP","floor":21},{"not_picked":["bronze:OilSpill","bronze:Overload+1"],"picked":"bronze:BronzeOrb+1","floor":22},{"not_picked":["bronze:DelayedSlice","bronze:FineTuning"],"picked":"bronze:Flail","floor":26},{"not_picked":["bronze:DigitalCarnage","bronze:BugBarrage","bronze:Boost"],"picked":"SKIP","floor":29},{"not_picked":["bronze:Shell+1","bronze:OilSpill"],"picked":"bronze:AlphaBuild","floor":30},{"not_picked":["bronze:Branch","bronze:WhirlingStrike","bronze:BronzeArmor+1"],"picked":"SKIP","floor":31},{"not_picked":["bronze:FineTuning","bronze:Return","bronze:Iterate"],"picked":"SKIP","floor":32}],"player_experience":866847,"relics_obtained":[{"floor":7,"key":"Regal Pillow"},{"floor":10,"key":"MawBank"},{"floor":22,"key":"Peace Pipe"},{"floor":22,"key":"Eternal Feather"},{"floor":24,"key":"Frozen Egg 2"},{"floor":26,"key":"War Paint"}],"event_choices":[{"damage_healed":0,"gold_gain":0,"player_choice":"Became a Ghost","damage_taken":0,"max_hp_gain":0,"max_hp_loss":35,"event_name":"Ghosts","floor":27,"gold_loss":0,"cards_obtained":["Ghostly","Ghostly","Ghostly","Ghostly","Ghostly"]}],"is_beta":false,"boss_relics":[{"not_picked":["Sozu","Tiny House"],"picked":"expansioncontent:StudyCardRelic"}],"items_purged_floors":[],"is_endless":false,"potions_floor_spawned":[3,4,8,16,22,29,30,31],"killed_by":"DF_ARCHETYPE_CLAW","ascension_level":0}}