{"host":"Bilverbakes","time":1612061304,"event":{"mods":["2.2 Compatiblity","AchievementEnabler","BaseMod","Bestiary","Colored Map","Minty Spire (QoL Compilation)","Relic Stats","StSLib","ojb\u0027s Info Mod"],"gold_per_floor":[109,124,142,24,24,24,54,73,73,102,102,128,141,204,204,283,283,303,303,322,342,392,392,417,417,443,443,443],"floor_reached":27,"language":"ENG","playtime":1118,"items_purged":["Defend_P"],"score":502,"play_id":"65248ef3-a467-4bb8-8a65-888f25542c9e","local_time":"20210130204824","is_ascension_mode":true,"campfire_choices":[{"data":"Meditate","floor":6.0,"key":"SMITH"},{"data":"Eruption","floor":11.0,"key":"SMITH"},{"data":"LikeWater","floor":15.0,"key":"SMITH"},{"data":"Pray","floor":23,"key":"SMITH"},{"data":"Devotion","floor":25,"key":"SMITH"}],"circlet_count":0,"master_deck":["AscendersBane","Strike_P","Strike_P+1","Strike_P","Strike_P","Defend_P+1","Defend_P","Defend_P+1","Eruption+1","Vigilance+1","SandsOfTime+1","Sanctity+1","BowlingBash","Meditate+1","LessonLearned","FearNoEvil","LikeWater+1","Pray+1","Devotion+1","FollowUp","LikeWater+1","CutThroughFate+1","JustLucky+1"],"relics":["PureWater","Bronze Scales","TeardropLocket","Question Card","Ornamental Fan","Mercury Hourglass","Boot","Coffee Dripper","HornCleat","Potion Belt"],"acts_visited":["Exordium","TheCity"],"potions_floor_usage":[16,18,24],"damage_taken":[{"damage":0.0,"enemies":"Small Slimes","floor":1.0,"turns":4.0},{"damage":2.0,"enemies":"Jaw Worm","floor":2.0,"turns":3.0},{"damage":0.0,"enemies":"Cultist","floor":3.0,"turns":3.0},{"damage":8.0,"enemies":"3 Sentries","floor":7.0,"turns":6.0},{"damage":0.0,"enemies":"2 Fungi Beasts","floor":8.0,"turns":3.0},{"damage":16.0,"enemies":"Gremlin Nob","floor":10.0,"turns":3.0},{"damage":22.0,"enemies":"Lagavulin","floor":12.0,"turns":8.0},{"damage":0.0,"enemies":"3 Louse","floor":13.0,"turns":2.0},{"damage":0.0,"enemies":"3 Sentries","floor":14.0,"turns":4.0},{"damage":1,"enemies":"Hexaghost","floor":16,"turns":6},{"damage":14,"enemies":"2 Thieves","floor":18,"turns":3},{"damage":0,"enemies":"Spheric Guardian","floor":20,"turns":1},{"damage":4,"enemies":"3 Cultists","floor":21,"turns":5},{"damage":33,"enemies":"Slavers","floor":24,"turns":3},{"damage":15,"enemies":"Gremlin Leader","floor":27,"turns":1}],"seed_played":"7893795348484625959","potions_obtained":[{"floor":3.0,"key":"PowerPotion"},{"floor":7.0,"key":"GamblersBrew"},{"floor":10.0,"key":"SneckoOil"},{"floor":13.0,"key":"Regen Potion"},{"floor":20,"key":"BottledMiracle"},{"floor":21,"key":"BlessingOfTheForge"}],"is_trial":false,"path_per_floor":["M","M","M","$","?","R","E","M","T","E","R","E","M","?","R","B",null,"M","?","M","M","?","R","E","R","T","E"],"character_chosen":"WATCHER","items_purchased":["Meditate"],"campfire_rested":0,"item_purchase_floors":[4],"current_hp_per_floor":[61,59,59,59,64,64,56,56,56,40,40,18,18,18,18,31,63,49,49,49,45,45,45,12,12,12,0,0],"gold":443,"neow_bonus":"RANDOM_COMMON_RELIC","is_daily":false,"chose_seed":false,"campfire_upgraded":5,"win_rate":0.0,"timestamp":1612061304,"path_taken":["M","M","M","$","?","R","E","M","T","E","R","E","M","?","R","BOSS","M","?","M","M","?","R","E","R","T","E"],"items_purchased_type":["Card"],"build_version":"2020-12-18","purchased_purges":1,"victory":false,"max_hp_per_floor":[68,68,68,68,73,73,73,73,73,73,73,73,73,73,73,73,73,73,73,73,73,73,73,73,73,73,73,73],"relic_stats":{"counters":[15,55],"Ornamental Fan":[40],"Bronze Scales":[144],"Question Card":9,"Boot":[0],"obtain_stats":[{"Potion Belt":26,"HornCleat":24,"Ornamental Fan":10,"Bronze Scales":0,"Coffee Dripper":17,"TeardropLocket":7,"PureWater":0,"Question Card":9,"Boot":14,"Mercury Hourglass":12},{"Potion Belt":14,"HornCleat":14,"Ornamental Fan":6,"Bronze Scales":0,"Coffee Dripper":10,"TeardropLocket":4,"PureWater":0,"Question Card":5,"Boot":9,"Mercury Hourglass":7},{"Potion Belt":54,"HornCleat":54,"Ornamental Fan":22,"Bronze Scales":0,"Coffee Dripper":42,"TeardropLocket":16,"PureWater":0,"Question Card":19,"Boot":36,"Mercury Hourglass":30}],"Mercury Hourglass":[142]},"card_choices":[{"not_picked":["BowlingBash","WindmillStrike"],"picked":"SandsOfTime","floor":1.0},{"not_picked":["SashWhip","ThirdEye"],"picked":"Sanctity","floor":2.0},{"not_picked":["SignatureMove","PathToVictory"],"picked":"BowlingBash","floor":3.0},{"not_picked":["WindmillStrike","Vengeance"],"picked":"LessonLearned","floor":7.0},{"not_picked":["SashWhip","CutThroughFate"],"picked":"FearNoEvil","floor":8.0},{"not_picked":["JustLucky","PathToVictory","WheelKick"],"picked":"LikeWater","floor":10.0},{"not_picked":["EmptyBody","Protect","Collect"],"picked":"Pray","floor":12.0},{"not_picked":["EmptyBody","Consecrate","ClearTheMind","SignatureMove"],"picked":"SKIP","floor":13.0},{"not_picked":["ConjureBlade","Ragnarok","Judgement"],"picked":"Devotion","floor":16},{"not_picked":["ThirdEye","WaveOfTheHand","BowlingBash"],"picked":"FollowUp","floor":18},{"not_picked":["Crescendo","Protect","ClearTheMind"],"picked":"LikeWater","floor":20},{"not_picked":["SashWhip","WaveOfTheHand","EmptyBody"],"picked":"CutThroughFate","floor":21},{"not_picked":["FollowUp","Devotion","DevaForm"],"picked":"JustLucky+1","floor":24}],"player_experience":863707,"relics_obtained":[{"floor":7.0,"key":"TeardropLocket"},{"floor":9.0,"key":"Question Card"},{"floor":10.0,"key":"Ornamental Fan"},{"floor":12.0,"key":"Mercury Hourglass"},{"floor":14.0,"key":"Boot"},{"floor":24,"key":"HornCleat"},{"floor":26,"key":"Potion Belt"}],"event_choices":[{"damage_healed":0.0,"max_hp_gain":5.0,"max_hp_loss":0.0,"gold_gain":0.0,"event_name":"Big Fish","player_choice":"Donut","floor":5.0,"gold_loss":0.0,"damage_taken":0.0},{"damage_healed":0.0,"max_hp_gain":0.0,"max_hp_loss":0.0,"gold_gain":0.0,"event_name":"Dead Adventurer","player_choice":"Searched \u00271\u0027 times","floor":14.0,"gold_loss":0.0,"damage_taken":0.0},{"damage_healed":0,"gold_gain":0,"player_choice":"Ignored","damage_taken":0,"max_hp_gain":0,"max_hp_loss":0,"event_name":"The Mausoleum","floor":19,"gold_loss":0},{"damage_healed":0,"gold_gain":50,"player_choice":"Stole From Cult","damage_taken":0,"max_hp_gain":0,"max_hp_loss":0,"event_name":"Nest","floor":22,"gold_loss":0}],"is_beta":true,"boss_relics":[{"not_picked":["Runic Pyramid","Busted Crown"],"picked":"Coffee Dripper"}],"items_purged_floors":[4],"is_endless":false,"potions_floor_spawned":[3,7,10,13,20,21],"killed_by":"Gremlin Leader","ascension_level":20}}