{"host":"yvb207ks1sg3cxef","time":1612080549,"event":{"mods":["2.2 Compatiblity","BaseMod","Bestiary","Colored Powertips","Minty Spire (QoL Compilation)","Permanent Neow","Quick Restart","Relic Stats","StSLib"],"gold_per_floor":[110,15,25,25,38,38,68,11,11,11,38,55,80,106,106,106,106],"floor_reached":16,"language":"ENG","playtime":610,"items_purged":[],"score":236,"play_id":"a807d4d3-2b12-4e74-b024-67eb34583f76","local_time":"20210131133909","is_ascension_mode":true,"campfire_choices":[{"data":"Blade Dance","floor":6,"key":"SMITH"},{"data":"Corpse Explosion","floor":10,"key":"SMITH"},{"data":"Noxious Fumes","floor":15,"key":"SMITH"}],"circlet_count":0,"master_deck":["AscendersBane","Strike_G","Strike_G","Strike_G","Strike_G","Strike_G","Defend_G","Defend_G","Defend_G","Defend_G","Defend_G","Survivor","Neutralize","Dagger Throw+1","Caltrops","Underhanded Strike","Blade Dance+1","Corpse Explosion+1","Noxious Fumes+1","Prepared","Burst"],"relics":["SacredBark","InkBottle","Question Card","Ninja Scroll","Pen Nib","Snake Skull"],"acts_visited":[],"potions_floor_usage":[7,16],"damage_taken":[{"damage":0,"enemies":"2 Louse","floor":1,"turns":3},{"damage":0,"enemies":"Jaw Worm","floor":3,"turns":5},{"damage":0,"enemies":"Cultist","floor":5,"turns":4},{"damage":8,"enemies":"Gremlin Nob","floor":7,"turns":3},{"damage":22,"enemies":"3 Sentries","floor":11,"turns":6},{"damage":0,"enemies":"Exordium Wildlife","floor":12,"turns":1},{"damage":17,"enemies":"Lagavulin","floor":13,"turns":7},{"damage":12,"enemies":"Hexaghost","floor":16,"turns":2}],"seed_played":"-6638865115700157094","potions_obtained":[{"floor":3,"key":"LiquidBronze"}],"is_trial":false,"path_per_floor":["M","$","M","?","M","R","E","$","T","R","E","M","E","T","R","B"],"character_chosen":"THE_SILENT","items_purchased":["Explosive Potion","Caltrops","PowerPotion"],"campfire_rested":0,"item_purchase_floors":[2,2,8],"current_hp_per_floor":[59,59,59,59,59,59,51,51,51,51,29,29,12,12,12,0,0],"gold":106,"neow_bonus":"BOSS_RELIC","is_daily":false,"chose_seed":false,"campfire_upgraded":3,"win_rate":0.0,"timestamp":1612080549,"path_taken":["M","$","M","?","M","R","E","?","T","R","E","M","E","?","R","BOSS"],"items_purchased_type":["Potion","Card","Potion"],"build_version":"2020-12-22","purchased_purges":0,"victory":false,"max_hp_per_floor":[66,66,66,66,66,66,66,66,66,66,66,66,66,66,66,66,66],"relic_stats":{"counters":[8,31],"Pen Nib":[1],"Snake Skull":[0],"Question Card":3,"obtain_stats":[{"Ninja Scroll":11,"SacredBark":0,"Pen Nib":13,"Snake Skull":14,"Question Card":9,"InkBottle":7,"Ring of the Snake":0},{"Ninja Scroll":5,"SacredBark":0,"Pen Nib":7,"Snake Skull":7,"Question Card":4,"InkBottle":4,"Ring of the Snake":0},{"Ninja Scroll":21,"SacredBark":0,"Pen Nib":29,"Snake Skull":29,"Question Card":15,"InkBottle":15,"Ring of the Snake":0}],"InkBottle":[7]},"card_choices":[{"not_picked":["Flying Knee","Choke"],"picked":"Dagger Throw","floor":1},{"not_picked":["Choke","Deflect"],"picked":"Underhanded Strike","floor":3},{"not_picked":["Dodge and Roll","Deflect"],"picked":"Blade Dance","floor":5},{"not_picked":["Bane","Deadly Poison"],"picked":"Corpse Explosion","floor":7},{"not_picked":["Well Laid Plans","Glass Knife","Sucker Punch"],"picked":"Noxious Fumes","floor":11},{"not_picked":["Blade Dance","Eviscerate","Flying Knee"],"picked":"Prepared","floor":12},{"not_picked":["Crippling Poison","Bane","Choke"],"picked":"Burst","floor":13}],"player_experience":510529,"relics_obtained":[{"floor":7,"key":"InkBottle"},{"floor":9,"key":"Question Card"},{"floor":11,"key":"Ninja Scroll"},{"floor":13,"key":"Pen Nib"},{"floor":14,"key":"Snake Skull"}],"event_choices":[{"damage_healed":0,"gold_gain":0,"player_choice":"Grow","damage_taken":0,"max_hp_gain":0,"max_hp_loss":0,"event_name":"Living Wall","floor":4,"gold_loss":0,"cards_upgraded":["Dagger Throw"]}],"is_beta":false,"boss_relics":[],"items_purged_floors":[],"is_endless":false,"potions_floor_spawned":[3,11,13],"killed_by":"Hexaghost","ascension_level":20}}