{"host":"0kk91h4bq4kgfj0u","time":1612125736,"event":{"mods":["BaseMod","Minty Spire (QoL Compilation)","StSLib"],"gold_per_floor":[212,212,5,5,5,15,15,35,35,35,60,98,6,20,20,143,143,156,171,190,190,190,190],"floor_reached":22,"language":"ENG","playtime":683,"items_purged":[],"score":242,"play_id":"094194f0-336e-4ec1-93d7-01ed3e6e6ae6","local_time":"20210131154216","is_ascension_mode":true,"campfire_choices":[{"floor":10,"key":"REST"},{"floor":15,"key":"REST"}],"circlet_count":0,"master_deck":["Strike_G","Strike_G","Strike_G","Strike_G","Defend_G","Defend_G","Defend_G","Defend_G","Defend_G","Survivor","Neutralize","Dash","Blade Dance","Quick Slash","Injury","Backflip","Die Die Die","Backstab","Noxious Fumes","Outmaneuver","Backflip","A Thousand Cuts","Acrobatics","Heel Hook","Poisoned Stab+1"],"relics":["Ring of the Snake","Pen Nib","Meat on the Bone","Golden Idol","InkBottle","Paper Crane","SacredBark"],"acts_visited":["Exordium","TheCity"],"potions_floor_usage":[12,16,19,20,22],"damage_taken":[{"damage":10,"enemies":"Small Slimes","floor":1,"turns":5},{"damage":1,"enemies":"Cultist","floor":6,"turns":4},{"damage":0,"enemies":"Jaw Worm","floor":8,"turns":3},{"damage":0,"enemies":"Looter","floor":11,"turns":2},{"damage":22,"enemies":"Gremlin Nob","floor":12,"turns":4},{"damage":5,"enemies":"Blue Slaver","floor":14,"turns":3},{"damage":54,"enemies":"Slime Boss","floor":16,"turns":11},{"damage":34,"enemies":"Shell Parasite","floor":18,"turns":7},{"damage":0,"enemies":"Chosen","floor":19,"turns":3},{"damage":33,"enemies":"3 Cultists","floor":20,"turns":6},{"damage":18,"enemies":"Snake Plant","floor":22,"turns":5}],"seed_played":"-5331443855166284111","potions_obtained":[{"floor":1,"key":"Fire Potion"},{"floor":6,"key":"Dexterity Potion"},{"floor":14,"key":"DistilledChaos"},{"floor":16,"key":"Energy Potion"},{"floor":18,"key":"SkillPotion"},{"floor":20,"key":"Strength Potion"}],"is_trial":false,"path_per_floor":["M","?","$","?","?","M","?","M","T","R","M","E","$","M","R","B",null,"M","M","M","?","M"],"character_chosen":"THE_SILENT","items_purchased":["Pen Nib","Blade Dance","Noxious Fumes","Outmaneuver"],"campfire_rested":2,"item_purchase_floors":[3,3,13,13],"current_hp_per_floor":[53,53,53,58,46,45,45,45,45,67,67,45,45,40,62,20,61,39,39,18,18,0,0],"gold":190,"neow_bonus":"HUNDRED_GOLD","is_daily":false,"chose_seed":false,"campfire_upgraded":0,"win_rate":0.0,"timestamp":1612125736,"path_taken":["M","?","?","?","?","M","?","?","T","R","M","E","$","M","R","BOSS","M","M","M","?","M"],"items_purchased_type":["Relic","Card","Card","Card"],"build_version":"2020-12-22","purchased_purges":0,"victory":false,"max_hp_per_floor":[70,70,70,75,75,75,75,75,75,75,75,75,75,75,75,75,75,75,75,75,75,75,75],"card_choices":[{"not_picked":["Dagger Throw","Dodge and Roll"],"picked":"Dash","floor":1},{"not_picked":["Flechettes","Blade Dance"],"picked":"Quick Slash","floor":6},{"not_picked":["Dash","Masterful Stab"],"picked":"Backflip","floor":8},{"not_picked":["Acrobatics","Finisher"],"picked":"Die Die Die","floor":11},{"not_picked":["Predator","Backstab","Heel Hook"],"picked":"SKIP","floor":12},{"not_picked":["Predator","Heel Hook"],"picked":"Backstab","floor":12},{"not_picked":["Crippling Poison","Tactician"],"picked":"Backflip","floor":14},{"not_picked":["Glass Knife","Grand Finale"],"picked":"A Thousand Cuts","floor":16},{"not_picked":["Well Laid Plans","Setup"],"picked":"Acrobatics","floor":18},{"not_picked":["Setup","Prepared+1"],"picked":"Heel Hook","floor":19},{"not_picked":["Acrobatics+1","Deadly Poison"],"picked":"Poisoned Stab+1","floor":20}],"player_experience":832292,"relics_obtained":[{"floor":9,"key":"InkBottle"},{"floor":12,"key":"Paper Crane"}],"event_choices":[{"cards_removed":["Strike_G"],"damage_healed":0,"gold_gain":0,"player_choice":"Offered Basic","damage_taken":0,"max_hp_gain":0,"max_hp_loss":0,"event_name":"Bonfire Elementals","floor":2,"gold_loss":0},{"damage_healed":0,"gold_gain":0,"player_choice":"Donut","damage_taken":0,"max_hp_gain":5,"max_hp_loss":0,"event_name":"Big Fish","floor":4,"gold_loss":0},{"damage_healed":0,"gold_gain":0,"player_choice":"Success","damage_taken":12,"relics_obtained":["Meat on the Bone"],"max_hp_gain":0,"max_hp_loss":0,"event_name":"Scrap Ooze","floor":5,"gold_loss":0},{"damage_healed":0,"gold_gain":0,"player_choice":"Take Wound","damage_taken":0,"relics_obtained":["Golden Idol"],"max_hp_gain":0,"max_hp_loss":0,"event_name":"Golden Idol","floor":7,"gold_loss":0,"cards_obtained":["Injury"]},{"damage_healed":0,"gold_gain":0,"player_choice":"Ignored","damage_taken":0,"max_hp_gain":0,"max_hp_loss":0,"event_name":"Vampires","floor":21,"gold_loss":0}],"is_beta":false,"boss_relics":[{"not_picked":["Astrolabe","Black Star"],"picked":"SacredBark"}],"items_purged_floors":[],"is_endless":false,"potions_floor_spawned":[1,6,14,16,18,20],"killed_by":"Snake Plant","ascension_level":6}}