{"host":"fv1cjvqplxezqiss","time":1612135624,"event":{"mods":["BaseMod","Colored Map","Minty Spire (QoL Compilation)","StSLib"],"gold_per_floor":[118,132,150,163,173,173,187,187,187,200,22,22,22,38,38,38,38],"floor_reached":16,"language":"ENG","playtime":477,"items_purged":["Defend_B"],"score":144,"play_id":"a781bf65-a967-46ff-822a-dfcf25518810","local_time":"20210131182704","is_ascension_mode":true,"campfire_choices":[{"data":"Darkness","floor":6,"key":"SMITH"},{"data":"Hyperbeam","floor":12,"key":"SMITH"},{"data":"Conserve Battery","floor":15,"key":"SMITH"}],"circlet_count":0,"master_deck":["AscendersBane","Strike_B","Strike_B","Strike_B","Strike_B","Defend_B","Defend_B","Defend_B","Zap","Dualcast","Rebound","Conserve Battery+1","Leap","Darkness+1","Compile Driver","Hyperbeam+1","BootSequence"],"relics":["Cracked Core","NeowsBlessing","Golden Idol","The Courier","Bag of Preparation"],"acts_visited":["Exordium"],"potions_floor_usage":[5,16],"damage_taken":[{"damage":0,"enemies":"Cultist","floor":1,"turns":1},{"damage":0,"enemies":"2 Louse","floor":2,"turns":1},{"damage":0,"enemies":"Small Slimes","floor":3,"turns":1},{"damage":5,"enemies":"Looter","floor":4,"turns":3},{"damage":32,"enemies":"Gremlin Gang","floor":5,"turns":5},{"damage":2,"enemies":"2 Fungi Beasts","floor":7,"turns":4},{"damage":1,"enemies":"Looter","floor":10,"turns":3},{"damage":0,"enemies":"Exordium Wildlife","floor":14,"turns":3},{"damage":28,"enemies":"The Guardian","floor":16,"turns":5}],"seed_played":"1420025479943073898","potions_obtained":[{"floor":1,"key":"Block Potion"},{"floor":3,"key":"Swift Potion"},{"floor":14,"key":"Energy Potion"}],"is_trial":false,"path_per_floor":["M","M","M","M","M","R","M","?","T","M","$","R","?","M","R","B"],"character_chosen":"DEFECT","items_purchased":["Bag of Preparation"],"campfire_rested":0,"item_purchase_floors":[11],"current_hp_per_floor":[68,68,68,63,31,31,29,29,29,28,28,28,28,28,28,0,0],"gold":38,"neow_bonus":"THREE_ENEMY_KILL","is_daily":false,"chose_seed":false,"campfire_upgraded":3,"win_rate":0.0,"timestamp":1612135624,"path_taken":["M","M","M","M","M","R","?","?","T","M","$","R","?","M","R","BOSS"],"items_purchased_type":["Relic"],"build_version":"2020-12-22","purchased_purges":1,"victory":false,"max_hp_per_floor":[75,75,75,75,75,75,75,69,69,69,69,69,69,69,69,69,69],"card_choices":[{"not_picked":["Stack","Hello World"],"picked":"Rebound","floor":1},{"not_picked":["Coolheaded","Chaos"],"picked":"Conserve Battery","floor":2},{"not_picked":["Conserve Battery","Chaos"],"picked":"Leap","floor":3},{"not_picked":["Beam Cell","Stack"],"picked":"Darkness","floor":4},{"not_picked":["Cold Snap","Beam Cell"],"picked":"Compile Driver","floor":5},{"not_picked":["Blizzard","Sweeping Beam"],"picked":"Hyperbeam","floor":7},{"not_picked":["Barrage","Go for the Eyes"],"picked":"BootSequence","floor":10},{"not_picked":["Chill","Go for the Eyes","Scrape"],"picked":"SKIP","floor":14},{"not_picked":["Chill","Go for the Eyes","Scrape"],"picked":"SKIP","floor":14}],"player_experience":624290,"relics_obtained":[{"floor":9,"key":"The Courier"}],"event_choices":[{"damage_healed":0,"gold_gain":0,"player_choice":"Lose Max HP","damage_taken":0,"relics_obtained":["Golden Idol"],"max_hp_gain":0,"max_hp_loss":6,"event_name":"Golden Idol","floor":8,"gold_loss":0},{"damage_healed":0,"gold_gain":0,"player_choice":"Ignored","damage_taken":0,"max_hp_gain":0,"max_hp_loss":0,"event_name":"Liars Game","floor":13,"gold_loss":0}],"is_beta":false,"boss_relics":[],"items_purged_floors":[11],"is_endless":false,"potions_floor_spawned":[1,3,14],"killed_by":"The Guardian","ascension_level":10}}