{"host":"9viy3memdfgcf4vy","time":1612113111,"event":{"mods":["BaseMod","Colored Map","Downfall","Minty Spire (QoL Compilation)","StSLib"],"gold_per_floor":[99,99,99,99,99,128,128,128,28,56,66,66,66,83,99,204,204,204,219,238,67,77,89,135,155,55,40,75,90,190,225,243,341,341,241,255,268,268,72,97,97,97,97,115,146,156,156,156,167,167,167,201,30,30,30,30],"floor_reached":57,"language":"ENG","playtime":4752,"items_purged":["bronze:Strike","bronze:Defend"],"score":1577,"play_id":"e13ab0d7-ca02-414a-9cb4-c141a3f2faff","local_time":"20210131191151","is_ascension_mode":true,"campfire_choices":[{"floor":1,"key":"RECALL"},{"data":"bronze:FollowUp","floor":9,"key":"SMITH"},{"data":"bronze:Iterate","floor":12,"key":"SMITH"},{"data":"bronze:Assembly","floor":18,"key":"SMITH"},{"data":"bronze:BronzeOrb","floor":26,"key":"SMITH"},{"data":"bronze:SpaghettiCode","floor":35,"key":"SMITH"},{"data":"bronze:Iterate","floor":42,"key":"SMITH"},{"data":"bronze:Invalidate","floor":47,"key":"SMITH"},{"data":"J.A.X.","floor":54,"key":"SMITH"}],"circlet_count":0,"master_deck":["bronze:Defend+1","bronze:Defend+1","bronze:Goto+1","bronze:FollowUp+1","bronze:BronzeOrb+1","bronze:Deprecate","bronze:Iterate+1","bronze:Assembly+1","bronze:AlphaBuild","bronze:WhirlingStrike+1","bronze:Flail","bronze:Shield+1","bronze:BuggyMess","bronze:Iterate+1","bronze:Safeguard","bronze:Assembly+1","J.A.X.+1","bronze:Shield+1","bronze:SpaghettiCode+1","bronze:ItsAFeature+1","bronze:Invalidate+1","bronze:Terminator"],"relics":["bronze:BronzeCore","downfall:HeartsMalice","Happy Flower","Eternal Feather","downfall:HeartBlessingRed","Lantern","Busted Crown","bronze:BronzeIdol","downfall:HeartBlessingBlue","Bag of Marbles","MutagenicStrength","Ice Cream","expansioncontent:StudyCardRelic","downfall:HeartBlessingGreen","champ:Barbells","Thread and Needle","Oddly Smooth Stone","Centennial Puzzle","War Paint","Bottled Flame"],"acts_visited":["Exordium","TheCity","TheBeyond","TheEnding"],"potions_floor_usage":[10,16,16,22,28,28,30,56,56,56],"damage_taken":[{"damage":0,"enemies":"2 Louse","floor":2,"turns":1},{"damage":0,"enemies":"Cultist","floor":3,"turns":1},{"damage":0,"enemies":"Jaw Worm","floor":5,"turns":1},{"damage":20,"enemies":"Gremlin Nob","floor":6,"turns":4},{"damage":3,"enemies":"Lagavulin","floor":10,"turns":4},{"damage":0,"enemies":"Exordium Thugs","floor":11,"turns":3},{"damage":0,"enemies":"2 Fungi Beasts","floor":14,"turns":3},{"damage":0,"enemies":"Gremlin Gang","floor":15,"turns":3},{"damage":25,"enemies":"IC_STATUS_ARCHETYPE","floor":16,"turns":6},{"damage":0,"enemies":"Spheric Guardian","floor":19,"turns":1},{"damage":12,"enemies":"Centurion and Healer","floor":20,"turns":4},{"damage":0,"enemies":"downfall:FleeingMerchant","floor":21,"turns":4},{"damage":0,"enemies":"Cultist and Chosen","floor":22,"turns":4},{"damage":0,"enemies":"Sentry and Sphere","floor":23,"turns":1},{"damage":0,"enemies":"Shelled Parasite and Fungi","floor":25,"turns":3},{"damage":0,"enemies":"downfall:FleeingMerchant","floor":27,"turns":4},{"damage":1,"enemies":"Book of Stabbing","floor":28,"turns":2},{"damage":0,"enemies":"Snake Plant","floor":29,"turns":2},{"damage":31,"enemies":"downfall:Augmenter","floor":30,"turns":8},{"damage":0,"enemies":"Slavers","floor":31,"turns":1},{"damage":0,"enemies":"Centurion and Healer","floor":32,"turns":2},{"damage":31,"enemies":"WA_ARCHETYPE_CALM","floor":33,"turns":7},{"damage":0,"enemies":"3 Darklings","floor":36,"turns":1},{"damage":0,"enemies":"Orb Walker","floor":37,"turns":2},{"damage":0,"enemies":"downfall:FleeingMerchant","floor":39,"turns":1},{"damage":0,"enemies":"Nemesis","floor":40,"turns":4},{"damage":0,"enemies":"4 Shapes","floor":44,"turns":3},{"damage":0,"enemies":"Reptomancer","floor":45,"turns":2},{"damage":0,"enemies":"Jaw Worm Horde","floor":46,"turns":2},{"damage":0,"enemies":"3 Darklings","floor":49,"turns":2},{"damage":17,"enemies":"SI_POISON_ARCHETYPE","floor":50,"turns":7},{"damage":3,"enemies":"downfall:CharBossMerchant","floor":52,"turns":3},{"damage":12,"enemies":"downfall:NeowBoss","floor":55,"turns":9},{"damage":61,"enemies":"downfall:NeowBossFinal","floor":56,"turns":7}],"seed_played":"-2025734973338996585","potions_obtained":[{"floor":6,"key":"champ:CounterPotion"},{"floor":10,"key":"Fire Potion"},{"floor":11,"key":"Weak Potion"},{"floor":13,"key":"ColorlessPotion"},{"floor":13,"key":"bronze:BurnAndBuffPotion"},{"floor":20,"key":"SteroidPotion"},{"floor":22,"key":"Guardian:BlockOnCardUsePotion"},{"floor":25,"key":"LiquidBronze"},{"floor":28,"key":"EssenceOfSteel"},{"floor":29,"key":"GamblersBrew"},{"floor":31,"key":"bronze:BurnAndBuffPotion"},{"floor":49,"key":"SteroidPotion"}],"is_trial":false,"path_per_floor":["R","M","M","?","M","E","T","?","R","E","M","R","?","M","M","B",null,"R","M","M","$","M","M","T","M","R","$","E","M","?","E","M","B",null,"R","M","M","?","$","E","T","R","?","M","E","M","R","?","M","B",null,"E","$","R","B","B",null],"character_chosen":"THE_AUTOMATON","items_purchased":["bronze:BronzeIdol","champ:Barbells","Thread and Needle","bronze:Terminator"],"campfire_rested":0,"item_purchase_floors":[21,39,39,53],"current_hp_per_floor":[70,70,70,70,70,50,50,50,56,53,53,59,59,59,59,34,70,70,70,58,58,58,58,58,58,77,77,76,76,45,45,45,14,80,80,80,80,80,80,80,80,80,80,80,80,80,80,80,80,63,80,77,77,80,68,7],"gold":30,"neow_bonus":"THREE_ENEMY_KILL","is_daily":false,"chose_seed":false,"campfire_upgraded":8,"win_rate":0.0,"timestamp":1612113111,"path_taken":["R","M","M","?","?","E","T","?","R","E","M","R","?","M","M","BOSS","R","M","M","$","M","M","T","M","R","$","E","M","?","E","M","BOSS","R","M","M","?","$","E","T","R","?","M","E","?","R","?","M","BOSS","E","$","R","BOSS","BOSS"],"items_purchased_type":["Relic","Relic","Relic","Card"],"build_version":"2020-12-22","purchased_purges":2,"victory":true,"max_hp_per_floor":[70,70,70,70,70,70,70,70,70,70,70,70,70,70,70,70,70,70,70,70,70,70,70,70,70,80,80,80,80,80,80,80,80,80,80,80,80,80,80,80,80,80,80,80,80,80,80,80,80,80,80,80,80,80,80,80],"card_choices":[{"not_picked":["bronze:Overheat","bronze:WildBeam"],"picked":"bronze:FollowUp","floor":2},{"not_picked":["bronze:Return","bronze:Invalidate"],"picked":"bronze:BronzeOrb","floor":3},{"not_picked":["bronze:BugBarrage","bronze:WildBeam","bronze:ForLoop"],"picked":"SKIP","floor":5},{"not_picked":["bronze:Overload","bronze:Return"],"picked":"bronze:Deprecate","floor":6},{"not_picked":["bronze:Deprecate","bronze:Turbo","bronze:Repulsor"],"picked":"SKIP","floor":10},{"not_picked":["bronze:Fortify","bronze:GetLatest"],"picked":"bronze:Iterate","floor":11},{"not_picked":["bronze:WhirlingStrike","bronze:Constructor"],"picked":"bronze:Assembly","floor":14},{"not_picked":["bronze:Overload","bronze:GetLatest","bronze:DelayedGuard"],"picked":"SKIP","floor":15},{"not_picked":["bronze:RecursiveStrike","bronze:Break"],"picked":"bronze:AlphaBuild","floor":16},{"not_picked":[],"picked":"bronze:WhirlingStrike+1","floor":19},{"not_picked":["bronze:Turbo"],"picked":"SKIP","floor":20},{"not_picked":[],"picked":"bronze:Flail","floor":21},{"not_picked":[],"picked":"bronze:Shield","floor":22},{"not_picked":[],"picked":"bronze:BuggyMess","floor":23},{"not_picked":["bronze:ForLoop+1"],"picked":"SKIP","floor":25},{"not_picked":[],"picked":"bronze:Iterate","floor":27},{"not_picked":["bronze:Turbo"],"picked":"SKIP","floor":28},{"not_picked":["bronze:Return"],"picked":"SKIP","floor":29},{"not_picked":[],"picked":"J.A.X.","floor":30},{"not_picked":[],"picked":"bronze:Shield+1","floor":31},{"not_picked":["bronze:Deprecate+1"],"picked":"SKIP","floor":32},{"not_picked":[],"picked":"bronze:SpaghettiCode","floor":33},{"not_picked":[],"picked":"bronze:ItsAFeature+1","floor":36},{"not_picked":[],"picked":"bronze:Invalidate","floor":37},{"not_picked":["bronze:Separator"],"picked":"SKIP","floor":39},{"not_picked":["bronze:WildBeam+1"],"picked":"SKIP","floor":40},{"not_picked":["bronze:Separator"],"picked":"SKIP","floor":44},{"not_picked":["bronze:CutThrough+1"],"picked":"SKIP","floor":45},{"not_picked":["bronze:BuggyMess+1"],"picked":"SKIP","floor":46},{"not_picked":["bronze:Invalidate"],"picked":"SKIP","floor":49},{"not_picked":["bronze:Optimize+1"],"picked":"SKIP","floor":52}],"player_experience":451409,"relics_obtained":[{"floor":6,"key":"Happy Flower"},{"floor":7,"key":"Eternal Feather"},{"floor":10,"key":"Lantern"},{"floor":28,"key":"Bag of Marbles"},{"floor":30,"key":"MutagenicStrength"},{"floor":31,"key":"Ice Cream"},{"floor":40,"key":"Oddly Smooth Stone"},{"floor":41,"key":"Centennial Puzzle"},{"floor":45,"key":"War Paint"},{"floor":52,"key":"Bottled Flame"}],"event_choices":[{"cards_removed":["bronze:Strike"],"damage_healed":0,"gold_gain":0,"player_choice":"Card Removal","damage_taken":0,"max_hp_gain":0,"max_hp_loss":0,"event_name":"The Cleric","floor":8,"gold_loss":0},{"damage_healed":0,"gold_gain":0,"player_choice":"Got Potions","damage_taken":0,"max_hp_gain":0,"max_hp_loss":0,"event_name":"Lab","floor":13,"gold_loss":0},{"cards_removed":["bronze:Replicate"],"damage_healed":0,"gold_gain":0,"player_choice":"Removed Attack","damage_taken":0,"max_hp_gain":0,"max_hp_loss":0,"event_name":"Falling","floor":48,"gold_loss":0}],"is_beta":false,"boss_relics":[{"not_picked":["bronze:MakeshiftBattery","Cursed Key"],"picked":"Busted Crown"},{"not_picked":["SacredBark","Tiny House"],"picked":"expansioncontent:StudyCardRelic"}],"items_purged_floors":[39,53],"is_endless":false,"potions_floor_spawned":[6,10,11,14,20,22,25,28,29,31,37,46,49,52],"ascension_level":4}}