{"host":"4kmvpqjeiacgn1pr","time":1612051428,"event":{"mods":["AchievementEnabler","BaseMod","Better Altar","Better Match","Better Note","Better Sensory Stone","Better Skull","Better Third Choice","Colored Map","Colored Powertips","Curses Come First","Downfall","Highlight Path","Infinite Spire","Minty Spire (QoL Compilation)","Permanent Neow","Quick Restart","Rare Cards Sparkle","Replay The Spire","Shop Mod","Spicy Shops","Spikes Relics","StSLib","Waifu the Spire"],"gold_per_floor":[114,114,125,125,144,144,174,174,201,231,32,57,105,128,140,152,152],"floor_reached":16,"language":"ENG","playtime":801,"items_purged":["Strike_G"],"score":165,"play_id":"65f7e2c7-c381-4b2e-a5b1-baee0382cf6c","local_time":"20210130190348","is_ascension_mode":true,"campfire_choices":[{"data":"Replay:Poison Smokescreen","floor":6,"key":"SMITH"},{"data":"Draining Mist","floor":8,"key":"SMITH"}],"circlet_count":0,"master_deck":["AscendersBane","Strike_G","Strike_G","Strike_G","Defend_G","Defend_G","Defend_G","Defend_G","Defend_G","Survivor","Neutralize","Replay:Poison Smokescreen+1","Caltrops+1","Quick Slash+1","Draining Mist+1","Dagger Throw","Feint","Specialist","HandOfGreed","Replay:Poison Smokescreen","Escape Plan"],"relics":["Ring of the Snake","Anchor","Blue Candle","SpikesRelics:DaevaFist","Omamori","Blood Vial","ReplayTheSpireMod:ShopPack","MawBank"],"acts_visited":["Exordium"],"potions_floor_usage":[7,7],"damage_taken":[{"damage":5,"enemies":"Cultist","floor":1,"turns":5},{"damage":0,"enemies":"2 Louse","floor":3,"turns":3},{"damage":0,"enemies":"Jaw Worm","floor":5,"turns":3},{"damage":14,"enemies":"Replay:BlueRogue","floor":7,"turns":5},{"damage":18,"enemies":"3 Sentries","floor":10,"turns":12},{"damage":9,"enemies":"Blue Slaver","floor":13,"turns":3},{"damage":9,"enemies":"Exordium Thugs","floor":14,"turns":5},{"damage":32,"enemies":"Slime Boss","floor":16,"turns":3}],"seed_played":"-2809142680434422054","potions_obtained":[{"floor":3,"key":"Cursed Concoction"},{"floor":5,"key":"champ:CounterPotion"},{"floor":14,"key":"LiquidMemories"}],"is_trial":false,"path_per_floor":["M","?","M","?","M","R","E","R","T","E","$","T","M","M","R_BF","B"],"character_chosen":"THE_SILENT","items_purchased":["ReplayTheSpireMod:ShopPack"],"campfire_rested":0,"item_purchase_floors":[11],"current_hp_per_floor":[58,53,53,53,53,53,39,39,39,21,21,21,14,7,28,0,0],"gold":152,"neow_bonus":"RANDOM_COMMON_RELIC","is_daily":false,"chose_seed":false,"campfire_upgraded":2,"win_rate":0.0,"timestamp":1612051428,"path_taken":["M","?","M","?","M","R","E","R","T","E","?","?","?","M","R_BF","BOSS"],"items_purchased_type":["Relic"],"build_version":"2020-12-22","purchased_purges":1,"victory":false,"max_hp_per_floor":[70,70,70,70,70,70,70,70,70,70,70,70,70,70,70,70,70],"card_choices":[{"not_picked":["Slice","Underhanded Strike"],"picked":"Replay:Poison Smokescreen","floor":1},{"not_picked":["Tactician","Outmaneuver"],"picked":"Caltrops","floor":3},{"not_picked":["Slice","ReplayTheSpireMod:The Works","PiercingWail"],"picked":"SKIP","floor":5},{"not_picked":["Escape Plan","Dagger Throw"],"picked":"Draining Mist","floor":7},{"not_picked":["Slice","Tactician"],"picked":"Dagger Throw","floor":10},{"not_picked":["The Bomb","Thinking Ahead"],"picked":"Feint","floor":11},{"not_picked":["Discovery","Secret Weapon"],"picked":"Specialist","floor":11},{"not_picked":["Transmutation","Replay:Bootleg Shield Generator"],"picked":"HandOfGreed","floor":11},{"not_picked":["ReplayTheSpireMod:Exploit Weakness","Hidden Blade"],"picked":"Replay:Poison Smokescreen","floor":13},{"not_picked":["ReplayTheSpireMod:The Works","Footwork"],"picked":"Escape Plan","floor":14}],"player_experience":402673,"relics_obtained":[{"floor":7,"key":"SpikesRelics:DaevaFist"},{"floor":9,"key":"Omamori"},{"floor":10,"key":"Blood Vial"},{"floor":12,"key":"MawBank"}],"event_choices":[],"is_beta":false,"boss_relics":[],"items_purged_floors":[11],"is_endless":false,"potions_floor_spawned":[3,5,14],"killed_by":"Slime Boss","ascension_level":10}}