{"host":"2tgyrzvaa7l04o2e","time":1612111265,"event":{"mods":["BaseMod","Highlight Path","Minty Spire (QoL Compilation)","Permanent Neow","Relic Stats"],"gold_per_floor":[116,130,145,155,155,181,181,181,207,266,310,322,378,405,417,535,547,581,611,623,635,334,370,392,417,444,464,126,126,160,183,183,295,295,311,311,336,336,354,354,368,398,398,398,398,414,11,21,21,21,21,21,21,64,64,64],"floor_reached":55,"language":"ENG","playtime":2893,"items_purged":["Defend_P","Strike_P","Defend_P"],"score":1175,"play_id":"8feaa51b-5fd8-4043-bad8-9d1e847ef72a","local_time":"20210131174105","is_ascension_mode":true,"campfire_choices":[{"floor":7,"key":"REST"},{"floor":12,"key":"REST"},{"data":"WindmillStrike","floor":15,"key":"SMITH"},{"floor":29,"key":"REST"},{"data":"MentalFortress","floor":32,"key":"SMITH"},{"floor":40,"key":"REST"},{"floor":49,"key":"RECALL"},{"data":"Vault","floor":52,"key":"SMITH"}],"circlet_count":0,"master_deck":["AscendersBane","Vigilance","Tantrum+1","SashWhip","FlyingSleeves","Prostrate","Halt","EmptyBody","WindmillStrike+1","Vault+1","FearNoEvil","MentalFortress+1","Perseverance","Halt","Meditate","CutThroughFate+1","EmptyMind","Evaluate","DeceiveReality+1","MentalFortress","Fasting2+1","EmptyFist","Ragnarok","Prostrate+1","Wallop+1"],"relics":["Velvet Choker","Happy Flower","Smiling Mask","MawBank","Blood Vial","CeramicFish","Empty Cage","Enchiridion","Kunai","Juzu Bracelet","Singing Bowl","Akabeko","Whetstone","Orrery","Gremlin Horn","Busted Crown","Torii","Frozen Eye","CaptainsWheel"],"acts_visited":["Exordium","TheCity","TheBeyond","TheEnding"],"potions_floor_usage":[4,4,16,16,30,47,50,55,55,55,55],"damage_taken":[{"damage":6,"enemies":"Small Slimes","floor":1,"turns":3},{"damage":0,"enemies":"2 Louse","floor":2,"turns":3},{"damage":0,"enemies":"Jaw Worm","floor":3,"turns":4},{"damage":5,"enemies":"Large Slime","floor":4,"turns":3},{"damage":35,"enemies":"3 Sentries","floor":6,"turns":4},{"damage":24,"enemies":"Gremlin Nob","floor":10,"turns":3},{"damage":0,"enemies":"Gremlin Nob","floor":11,"turns":3},{"damage":11,"enemies":"3 Sentries","floor":13,"turns":8},{"damage":3,"enemies":"Blue Slaver","floor":14,"turns":3},{"damage":16,"enemies":"The Guardian","floor":16,"turns":10},{"damage":19,"enemies":"2 Thieves","floor":18,"turns":4},{"damage":14,"enemies":"Gremlin Leader","floor":23,"turns":8},{"damage":6,"enemies":"Shell Parasite","floor":24,"turns":5},{"damage":19,"enemies":"Book of Stabbing","floor":25,"turns":5},{"damage":0,"enemies":"Sentry and Sphere","floor":27,"turns":4},{"damage":24,"enemies":"Slavers","floor":30,"turns":5},{"damage":0,"enemies":"Snake Plant","floor":31,"turns":5},{"damage":18,"enemies":"Champ","floor":33,"turns":12},{"damage":0,"enemies":"3 Shapes","floor":35,"turns":3},{"damage":57,"enemies":"3 Darklings","floor":37,"turns":3},{"damage":0,"enemies":"Transient","floor":39,"turns":5},{"damage":0,"enemies":"Spire Growth","floor":41,"turns":5},{"damage":41,"enemies":"Reptomancer","floor":42,"turns":6},{"damage":1,"enemies":"Writhing Mass","floor":46,"turns":6},{"damage":12,"enemies":"Sphere and 2 Shapes","floor":48,"turns":5},{"damage":60,"enemies":"Donu and Deca","floor":50,"turns":7},{"damage":21,"enemies":"Shield and Spear","floor":54,"turns":6},{"damage":61,"enemies":"The Heart","floor":55,"turns":5}],"seed_played":"-303980829815562496","potions_obtained":[{"floor":1,"key":"Energy Potion"},{"floor":3,"key":"PowerPotion"},{"floor":11,"key":"Weak Potion"},{"floor":13,"key":"GamblersBrew"},{"floor":14,"key":"FairyPotion"},{"floor":23,"key":"BottledMiracle"},{"floor":24,"key":"StancePotion"},{"floor":27,"key":"DuplicationPotion"},{"floor":30,"key":"Weak Potion"},{"floor":54,"key":"EntropicBrew"}],"is_trial":false,"path_per_floor":["M","M","M","M","?","E","R","?","T","?","E","R","E","M","R","B",null,"M","?","?","?","$","E","M","E","T","M","$","R","E","M","R","B",null,"M","?","M","?","M","R","M","E","T","?","?","M","$","M","R","B",null,"R","$","E","B"],"character_chosen":"WATCHER","items_purchased":["Kunai","Halt","Whetstone","EmptyMind","Orrery","Frozen Eye","Fruit Juice","CultistPotion"],"campfire_rested":4,"item_purchase_floors":[22,22,28,28,28,47,47,47],"current_hp_per_floor":[59,59,59,54,54,19,40,33,33,9,9,30,21,20,20,6,56,39,39,63,47,47,35,31,16,16,20,22,45,25,27,27,11,63,67,63,8,8,12,39,43,6,6,82,82,83,88,79,79,21,74,74,74,55,0,0],"gold":64,"neow_bonus":"BOSS_RELIC","is_daily":false,"chose_seed":false,"campfire_upgraded":3,"win_rate":0.0,"timestamp":1612111265,"path_taken":["M","M","M","M","?","E","R","?","T","?","E","R","E","M","R","BOSS","M","?","?","?","$","E","M","E","T","M","?","R","E","M","R","BOSS","M","?","M","?","M","R","M","E","T","?","?","M","$","M","R","BOSS","R","$","E","BOSS"],"items_purchased_type":["Relic","Card","Relic","Card","Relic","Relic","Potion","Potion"],"build_version":"2020-12-22","purchased_purges":3,"victory":false,"max_hp_per_floor":[72,72,72,72,72,72,72,72,72,72,72,72,72,72,72,72,72,72,72,72,72,72,72,72,74,74,76,78,78,80,80,80,80,80,82,88,88,88,90,90,92,94,94,82,82,84,89,91,91,91,91,91,91,91,91,91],"relic_stats":{"Happy Flower":[42],"Singing Bowl":26,"Gremlin Horn":[13,13],"Torii":13,"counters":[28,143],"CeramicFish":153,"Juzu Bracelet":1,"Whetstone":["CutThroughFate","Tantrum"],"Smiling Mask":150,"MawBank":144,"Blood Vial":39,"Busted Crown":22,"Kunai":[25],"obtain_stats":[{"Happy Flower":6,"Singing Bowl":25,"Gremlin Horn":30,"Torii":42,"CeramicFish":13,"Velvet Choker":0,"Enchiridion":21,"Juzu Bracelet":23,"Whetstone":28,"Smiling Mask":9,"MawBank":10,"Empty Cage":17,"Akabeko":26,"Blood Vial":11,"Frozen Eye":47,"CaptainsWheel":54,"Busted Crown":34,"Orrery":28,"Kunai":22,"PureWater":0},{"Happy Flower":5,"Singing Bowl":14,"Gremlin Horn":16,"Torii":23,"CeramicFish":8,"Velvet Choker":0,"Enchiridion":11,"Juzu Bracelet":12,"Whetstone":15,"Smiling Mask":5,"MawBank":6,"Empty Cage":10,"Akabeko":14,"Blood Vial":7,"Frozen Eye":24,"CaptainsWheel":27,"Busted Crown":18,"Orrery":15,"Kunai":11,"PureWater":0},{"Happy Flower":17,"Singing Bowl":66,"Gremlin Horn":75,"Torii":114,"CeramicFish":31,"Velvet Choker":0,"Enchiridion":48,"Juzu Bracelet":56,"Whetstone":70,"Smiling Mask":17,"MawBank":20,"Empty Cage":44,"Akabeko":66,"Blood Vial":23,"Frozen Eye":120,"CaptainsWheel":138,"Busted Crown":92,"Orrery":70,"Kunai":48,"PureWater":0}]},"card_choices":[{"not_picked":["Fasting2","ForeignInfluence"],"picked":"Tantrum","floor":1},{"not_picked":["Worship","JustLucky"],"picked":"SashWhip","floor":2},{"not_picked":["Consecrate","FollowUp"],"picked":"FlyingSleeves","floor":3},{"not_picked":["JustLucky","ReachHeaven","FlyingSleeves"],"picked":"SKIP","floor":4},{"not_picked":["Brilliance","CrushJoints"],"picked":"Prostrate","floor":6},{"not_picked":["InnerPeace","SashWhip"],"picked":"Halt","floor":10},{"not_picked":["Consecrate","Worship"],"picked":"EmptyBody","floor":11},{"not_picked":["Crescendo","BowlingBash"],"picked":"WindmillStrike","floor":13},{"not_picked":["ConjureBlade","Halt","JustLucky"],"picked":"SKIP","floor":14},{"not_picked":["Judgement","Scrawl"],"picked":"Vault","floor":16},{"not_picked":["Worship","Prostrate+1"],"picked":"FearNoEvil","floor":18},{"not_picked":["Crescendo+1","LessonLearned"],"picked":"Meditate","floor":23},{"not_picked":["SandsOfTime","BowlingBash"],"picked":"CutThroughFate","floor":24},{"not_picked":["Tantrum","ClearTheMind","FollowUp+1"],"picked":"Singing Bowl","floor":25},{"not_picked":["Swivel","FearNoEvil","ThirdEye"],"picked":"Singing Bowl","floor":27},{"not_picked":["FlyingSleeves","SashWhip+1"],"picked":"Evaluate","floor":28},{"not_picked":["SignatureMove+1","CutThroughFate"],"picked":"DeceiveReality+1","floor":28},{"not_picked":["EmptyBody","WindmillStrike"],"picked":"MentalFortress","floor":28},{"not_picked":["BowlingBash","WreathOfFlame"],"picked":"Fasting2+1","floor":28},{"not_picked":["Swivel","ClearTheMind","FollowUp"],"picked":"Singing Bowl","floor":28},{"not_picked":["DeusExMachina","FearNoEvil+1","PathToVictory"],"picked":"Singing Bowl","floor":30},{"not_picked":["JustLucky","CarveReality"],"picked":"EmptyFist","floor":31},{"not_picked":["ConjureBlade","Omniscience"],"picked":"Ragnarok","floor":33},{"not_picked":["Conclude"],"picked":"Singing Bowl","floor":35},{"not_picked":["Swift Strike"],"picked":"Singing Bowl","floor":36},{"not_picked":["Impatience"],"picked":"Singing Bowl","floor":36},{"not_picked":["Finesse"],"picked":"Singing Bowl","floor":36},{"not_picked":[],"picked":"Prostrate+1","floor":37},{"not_picked":["CutThroughFate+1"],"picked":"Singing Bowl","floor":39},{"not_picked":["PathToVictory"],"picked":"Singing Bowl","floor":41},{"not_picked":["Conclude"],"picked":"Singing Bowl","floor":42},{"not_picked":["JustLucky"],"picked":"Singing Bowl","floor":46},{"not_picked":["Crescendo"],"picked":"Singing Bowl","floor":48},{"not_picked":[],"picked":"Wallop+1","floor":54}],"player_experience":680672,"relics_obtained":[{"floor":6,"key":"Happy Flower"},{"floor":9,"key":"Smiling Mask"},{"floor":10,"key":"MawBank"},{"floor":11,"key":"Blood Vial"},{"floor":13,"key":"CeramicFish"},{"floor":21,"key":"Enchiridion"},{"floor":23,"key":"Juzu Bracelet"},{"floor":25,"key":"Singing Bowl"},{"floor":26,"key":"Akabeko"},{"floor":30,"key":"Gremlin Horn"},{"floor":42,"key":"Torii"},{"floor":54,"key":"CaptainsWheel"}],"event_choices":[{"damage_healed":0,"gold_gain":0,"player_choice":"Ignored","damage_taken":0,"max_hp_gain":0,"max_hp_loss":0,"event_name":"Liars Game","floor":5,"gold_loss":0},{"cards_removed":["Defend_P"],"damage_healed":0,"gold_gain":0,"player_choice":"Card Removal","damage_taken":7,"max_hp_gain":0,"max_hp_loss":0,"event_name":"Golden Wing","floor":8,"gold_loss":0},{"damage_healed":0,"gold_gain":0,"player_choice":"Searched \u00272\u0027 times","damage_taken":0,"max_hp_gain":0,"max_hp_loss":0,"event_name":"Dead Adventurer","floor":10,"gold_loss":0},{"damage_healed":0,"gold_gain":0,"cards_transformed":["Defend_P","Strike_P"],"player_choice":"Became Test Subject","damage_taken":0,"max_hp_gain":0,"max_hp_loss":0,"event_name":"Drug Dealer","floor":19,"gold_loss":0,"cards_obtained":["MentalFortress","Perseverance"]},{"damage_healed":24,"gold_gain":0,"player_choice":"Heal","damage_taken":0,"max_hp_gain":0,"max_hp_loss":0,"event_name":"The Library","floor":20,"gold_loss":0},{"damage_healed":0,"gold_gain":0,"player_choice":"Obtained Book","damage_taken":16,"max_hp_gain":0,"max_hp_loss":0,"event_name":"Cursed Tome","floor":21,"gold_loss":0},{"damage_healed":0,"gold_gain":0,"player_choice":"Memory 3","damage_taken":10,"max_hp_gain":0,"max_hp_loss":0,"event_name":"SensoryStone","floor":36,"gold_loss":0},{"damage_healed":0,"gold_gain":0,"player_choice":"Bought 0 Potions","damage_taken":0,"max_hp_gain":0,"max_hp_loss":0,"event_name":"The Woman in Blue","floor":38,"gold_loss":0},{"damage_healed":82,"gold_gain":0,"player_choice":"Heal","damage_taken":0,"max_hp_gain":0,"max_hp_loss":12,"event_name":"The Moai Head","floor":44,"gold_loss":0},{"cards_removed":["Eruption"],"damage_healed":0,"gold_gain":0,"player_choice":"Removed Attack","damage_taken":0,"max_hp_gain":0,"max_hp_loss":0,"event_name":"Falling","floor":45,"gold_loss":0}],"is_beta":false,"boss_relics":[{"not_picked":["Tiny House","Calling Bell"],"picked":"Empty Cage"},{"not_picked":["Runic Dome","Astrolabe"],"picked":"Busted Crown"}],"items_purged_floors":[22,28,47],"is_endless":false,"potions_floor_spawned":[1,3,11,13,14,23,24,27,30,31,41,42,46,48,54],"killed_by":"The Heart","ascension_level":10}}