{"host":"osk2oboccoevp2u5","time":1612130009,"event":{"mods":["AchievementEnabler","Alarm Clock","BaseMod","Colored Powertips","Disable Question Mark Monsters","Displayed Cursed Tome","Downfall","Key Reminder","Minty Spire (QoL Compilation)","Potion Indicator Mod","Quick Restart","Rare Cards Sparkle","Reorder Act Four","StSLib","Useless Jewels Mod"],"gold_per_floor":[99,113,0,0,19,19,19,119,132,132,147,147,157,157,172,172,172,172],"floor_reached":16,"language":"ENG","playtime":1385,"items_purged":["sneckomod:Strike"],"score":92,"play_id":"800f4336-e5e2-4aa3-8530-39346db60f13","local_time":"20210131175329","is_ascension_mode":false,"campfire_choices":[{"floor":6,"key":"REST"},{"floor":10,"key":"RECALL"},{"floor":12,"key":"REST"}],"circlet_count":0,"master_deck":["sneckomod:Strike","sneckomod:Strike","sneckomod:Defend","sneckomod:Defend","sneckomod:Defend","sneckomod:TailWhip","sneckomod:SnekBite","sneckomod:Unknown","sneckomod:SoulRoll","Rage","sneckomod:SoulRoll","sneckomod:UnknownBlock","sneckomod:QuickBite","sneckomod:Unknown1Cost","Power Through","sneckomod:UnknownDraw","sneckomod:UnknownUncommonSkill","sneckomod:Cheat","Trip","Clumsy","sneckomod:DangerNoodle","sneckomod:UnknownCommonAttack"],"relics":["sneckomod:SneckoSoul","downfall:ShatteredFragment","Juzu Bracelet","downfall:GremlinSack","keyreminder:keyreminder"],"acts_visited":["Exordium"],"potions_floor_usage":[3,13,16],"damage_taken":[{"damage":6,"enemies":"Jaw Worm","floor":2,"turns":6},{"damage":0,"enemies":"downfall:FleeingMerchant","floor":3,"turns":4},{"damage":0,"enemies":"Cultist","floor":5,"turns":3},{"damage":10,"enemies":"Cultist","floor":8,"turns":4},{"damage":7,"enemies":"Small Slimes","floor":9,"turns":4},{"damage":22,"enemies":"3 Louse","floor":11,"turns":4},{"damage":39,"enemies":"Gremlin Gang","floor":13,"turns":6},{"damage":7,"enemies":"Exordium Wildlife","floor":15,"turns":3},{"damage":31,"enemies":"IC_STATUS_ARCHETYPE","floor":16,"turns":8}],"seed_played":"7698809238476433545","potions_obtained":[{"floor":2,"key":"sneckomod:DiceRollPotion"},{"floor":8,"key":"Slimebound:ThreeZeroPotion"},{"floor":13,"key":"Strength Potion"}],"is_trial":false,"path_per_floor":["R","M","$","?","M","R","T","?","M","R","M","R","M","?","M","B"],"character_chosen":"THE_SNECKO","items_purchased":["sneckomod:QuickBite"],"campfire_rested":2,"item_purchase_floors":[3],"current_hp_per_floor":[90,84,84,63,63,90,90,80,73,73,51,78,39,69,62,31,31,31],"gold":172,"neow_bonus":"THREE_CARDS","is_daily":false,"chose_seed":false,"campfire_upgraded":0,"win_rate":0.0,"timestamp":1612130009,"path_taken":["R","M","$","?","M","R","T","?","M","R","M","R","M","?","M","BOSS"],"items_purchased_type":["Card"],"build_version":"2020-12-22","purchased_purges":1,"victory":false,"max_hp_per_floor":[90,90,90,90,90,90,90,90,90,90,90,90,90,90,90,90,90,90],"card_choices":[{"not_picked":["sneckomod:UnknownVulnerable","sneckomod:WideSting"],"picked":"sneckomod:SoulRoll","floor":0},{"not_picked":["sneckomod:UnknownCommonSkill","sneckomod:UnknownBlock"],"picked":"sneckomod:SoulRoll","floor":2},{"not_picked":["sneckomod:SerpentMind","sneckomod:UnknownCommonAttack"],"picked":"sneckomod:UnknownBlock","floor":3},{"not_picked":["sneckomod:Unknown2Cost","sneckomod:UnknownDraw"],"picked":"sneckomod:Unknown1Cost","floor":5},{"not_picked":["sneckomod:UnknownBlock","sneckomod:IronFang","sneckomod:UnknownStrike"],"picked":"SKIP","floor":9},{"not_picked":["sneckomod:Unknown1Cost","sneckomod:IronFang"],"picked":"sneckomod:DangerNoodle","floor":11},{"not_picked":["sneckomod:UnendingSupply","sneckomod:UnknownStrike"],"picked":"sneckomod:UnknownCommonAttack","floor":13},{"not_picked":["sneckomod:UnknownDraw","sneckomod:UnendingSupply","sneckomod:UnknownBlock"],"picked":"SKIP","floor":15}],"player_experience":977350,"relics_obtained":[{"floor":7,"key":"Juzu Bracelet"},{"floor":8,"key":"downfall:GremlinSack"}],"event_choices":[{"damage_healed":30,"gold_gain":0,"player_choice":"Banana","damage_taken":0,"max_hp_gain":0,"max_hp_loss":0,"event_name":"Big Fish","floor":14,"gold_loss":0}],"is_beta":false,"boss_relics":[],"items_purged_floors":[3],"is_endless":false,"potions_floor_spawned":[2,8,13],"killed_by":"IC_STATUS_ARCHETYPE","ascension_level":0}}