{"host":"9qk11wtevf51xvhl","time":1612128843,"event":{"mods":["BaseMod","Minty Spire (QoL Compilation)"],"gold_per_floor":[119,135,154,174,139,171,171,196,244,244,319,353,353,386,386,481,481,497,514,514,528,64,98,98,111,135,162,162,231,245,259,259,355,355,366,366,384,384,384,384,418,29,29,29,54,83,100,132,132,132],"floor_reached":51,"language":"ENG","playtime":4563,"items_purged":[],"score":1200,"play_id":"05786b5f-9b00-4cb0-af32-33494ee2b078","local_time":"20210131223403","is_ascension_mode":true,"campfire_choices":[{"data":"Crippling Poison","floor":7,"key":"SMITH"},{"data":"Infinite Blades","floor":10,"key":"SMITH"},{"floor":13,"key":"REST"},{"floor":15,"key":"REST"},{"data":"Footwork","floor":24,"key":"SMITH"},{"data":"Cloak And Dagger","floor":28,"key":"SMITH"},{"floor":32,"key":"REST"},{"data":"Envenom","floor":40,"key":"SMITH"},{"floor":44,"key":"REST"},{"floor":49,"key":"REST"}],"circlet_count":0,"master_deck":["Strike_G","Strike_G","Strike_G","Strike_G","Defend_G","Defend_G","Defend_G","Defend_G","Defend_G","Survivor","Neutralize","Quick Slash","Infinite Blades+1","Dagger Spray","Crippling Poison+1","Infinite Blades","Cloak And Dagger+1","Leg Sweep","A Thousand Cuts+1","All Out Attack","Dagger Throw+1","Footwork+1","Cloak And Dagger+1","Phantasmal Killer","CurseOfTheBell","Backflip+1","Bullet Time","Envenom+1","Leg Sweep+1","Outmaneuver","Venomology"],"relics":["Ring of the Snake","NeowsBlessing","Ornamental Fan","Ninja Scroll","Tiny Chest","Vajra","Orichalcum","HoveringKite","Ginger","Lee\u0027s Waffle","Bag of Marbles","Juzu Bracelet","Mango","Question Card","Calling Bell","Boot","Gremlin Horn","Torii","Bottled Lightning","Bag of Preparation","Bottled Tornado","Pen Nib","Potion Belt","Toy Ornithopter","Pantograph"],"acts_visited":["Exordium","TheCity","TheBeyond"],"potions_floor_usage":[16,23,33,41,41,48,50,50],"damage_taken":[{"damage":0,"enemies":"Jaw Worm","floor":1,"turns":1},{"damage":0,"enemies":"Small Slimes","floor":2,"turns":1},{"damage":0,"enemies":"Cultist","floor":3,"turns":1},{"damage":17,"enemies":"Gremlin Gang","floor":4,"turns":3},{"damage":17,"enemies":"3 Sentries","floor":6,"turns":8},{"damage":5,"enemies":"Gremlin Nob","floor":8,"turns":4},{"damage":14,"enemies":"Lagavulin","floor":12,"turns":5},{"damage":9,"enemies":"Gremlin Nob","floor":14,"turns":4},{"damage":12,"enemies":"The Guardian","floor":16,"turns":10},{"damage":2,"enemies":"3 Byrds","floor":18,"turns":4},{"damage":10,"enemies":"Shell Parasite","floor":19,"turns":4},{"damage":7,"enemies":"Sentry and Sphere","floor":21,"turns":5},{"damage":14,"enemies":"Gremlin Leader","floor":23,"turns":5},{"damage":10,"enemies":"Centurion and Healer","floor":25,"turns":5},{"damage":22,"enemies":"Book of Stabbing","floor":27,"turns":5},{"damage":6,"enemies":"Snecko","floor":30,"turns":5},{"damage":6,"enemies":"Shelled Parasite and Fungi","floor":31,"turns":6},{"damage":44,"enemies":"Champ","floor":33,"turns":11},{"damage":3,"enemies":"3 Shapes","floor":35,"turns":4},{"damage":1,"enemies":"Orb Walker","floor":37,"turns":4},{"damage":49,"enemies":"Nemesis","floor":41,"turns":7},{"damage":0,"enemies":"Reptomancer","floor":46,"turns":6},{"damage":6,"enemies":"Sphere and 2 Shapes","floor":47,"turns":5},{"damage":85,"enemies":"Giant Head","floor":48,"turns":10},{"damage":68,"enemies":"Awakened One","floor":50,"turns":18}],"seed_played":"-8530702935810041187","potions_obtained":[{"floor":1,"key":"SmokeBomb"},{"floor":8,"key":"Swift Potion"},{"floor":14,"key":"Dexterity Potion"},{"floor":16,"key":"Fire Potion"},{"floor":21,"key":"FairyPotion"},{"floor":31,"key":"LiquidMemories"},{"floor":33,"key":"LiquidBronze"},{"floor":37,"key":"Regen Potion"},{"floor":41,"key":"AttackPotion"},{"floor":46,"key":"Dexterity Potion"}],"is_trial":false,"path_per_floor":["M","M","M","M","?","E","R","E","T","R","?","E","R","E","R","B",null,"M","M","?","M","$","E","R","M","T","E","R","T","M","M","R","B",null,"M","?","M","?","?","R","E","$","T","R","T","E","M","E","R","B",null],"character_chosen":"THE_SILENT","items_purchased":["Ginger","Lee\u0027s Waffle","Bag of Preparation","Bottled Tornado"],"campfire_rested":5,"item_purchase_floors":[22,22,42,42],"current_hp_per_floor":[63,63,63,46,63,46,46,41,41,41,30,16,37,28,49,37,62,60,50,50,43,77,63,63,53,53,45,45,45,39,33,60,16,72,69,69,68,68,68,68,34,34,34,59,59,59,53,17,42,9],"gold":132,"neow_bonus":"THREE_ENEMY_KILL","is_daily":false,"chose_seed":false,"campfire_upgraded":5,"win_rate":0.0,"timestamp":1612128843,"path_taken":["M","M","M","M","?","E","R","E","T","R","?","E","R","E","R","BOSS","M","M","?","?","$","E","R","M","T","E","R","?","M","M","R","BOSS","M","?","M","?","?","R","E","$","T","R","?","E","M","E","R","BOSS"],"items_purchased_type":["Relic","Relic","Relic","Relic"],"build_version":"2020-12-22","purchased_purges":0,"victory":true,"max_hp_per_floor":[70,70,70,70,70,70,70,70,70,70,70,70,70,70,70,70,70,70,70,70,70,77,77,77,77,77,91,91,91,91,91,91,91,91,91,91,91,86,86,86,86,86,86,86,86,86,86,86,86,86],"card_choices":[{"not_picked":["Caltrops","Acrobatics"],"picked":"Quick Slash","floor":1},{"not_picked":["Prepared","Poisoned Stab"],"picked":"Infinite Blades","floor":2},{"not_picked":["Dodge and Roll","Blade Dance"],"picked":"Dagger Spray","floor":3},{"not_picked":["Outmaneuver","Choke"],"picked":"Crippling Poison","floor":4},{"not_picked":["Deflect","PiercingWail"],"picked":"Poisoned Stab","floor":6},{"not_picked":["Poisoned Stab","Adrenaline"],"picked":"Infinite Blades","floor":8},{"not_picked":["Flying Knee","Concentrate"],"picked":"Cloak And Dagger","floor":12},{"not_picked":["Expertise","All Out Attack"],"picked":"Leg Sweep","floor":14},{"not_picked":["Tools of the Trade","Malaise"],"picked":"A Thousand Cuts","floor":16},{"not_picked":["Outmaneuver","Blade Dance"],"picked":"All Out Attack","floor":18},{"not_picked":["Escape Plan+1","Quick Slash"],"picked":"Dagger Throw+1","floor":19},{"not_picked":["Heel Hook","Noxious Fumes"],"picked":"Footwork","floor":21},{"not_picked":["Dagger Throw","Blade Dance","Escape Plan"],"picked":"SKIP","floor":23},{"not_picked":["Setup+1","Flechettes+1","Acrobatics"],"picked":"SKIP","floor":25},{"not_picked":["Storm of Steel","Grand Finale","Dagger Throw"],"picked":"SKIP","floor":27},{"not_picked":["Prepared","Acrobatics","Dagger Throw","Bouncing Flask"],"picked":"SKIP","floor":30},{"not_picked":["Sucker Punch","Prepared","Backflip"],"picked":"Cloak And Dagger+1","floor":31},{"not_picked":["Tools of the Trade","Die Die Die","Burst"],"picked":"Phantasmal Killer","floor":33},{"not_picked":["Dagger Throw+1","Bane","Deflect"],"picked":"Backflip+1","floor":35},{"not_picked":["Prepared+1","Underhanded Strike","Well Laid Plans+1"],"picked":"Envenom","floor":37},{"not_picked":["Catalyst","Sucker Punch+1","Dagger Spray+1"],"picked":"Leg Sweep+1","floor":41},{"not_picked":["Riddle With Holes","PiercingWail","Backstab"],"picked":"Outmaneuver","floor":46},{"not_picked":["Blade Dance","Slice","All Out Attack+1","Poisoned Stab+1"],"picked":"SKIP","floor":47},{"not_picked":["All Out Attack","Dodge and Roll+1","Dagger Spray"],"picked":"Venomology","floor":48}],"player_experience":574683,"relics_obtained":[{"floor":6,"key":"Ornamental Fan"},{"floor":8,"key":"Ninja Scroll"},{"floor":9,"key":"Tiny Chest"},{"floor":12,"key":"Vajra"},{"floor":14,"key":"Orichalcum"},{"floor":23,"key":"Bag of Marbles"},{"floor":26,"key":"Juzu Bracelet"},{"floor":27,"key":"Mango"},{"floor":29,"key":"Question Card"},{"floor":34,"key":"Boot"},{"floor":34,"key":"Gremlin Horn"},{"floor":34,"key":"Torii"},{"floor":41,"key":"Bottled Lightning"},{"floor":43,"key":"Pen Nib"},{"floor":45,"key":"Potion Belt"},{"floor":46,"key":"Toy Ornithopter"},{"floor":48,"key":"Pantograph"}],"event_choices":[{"damage_healed":17,"gold_gain":0,"player_choice":"Healed","damage_taken":0,"max_hp_gain":0,"max_hp_loss":0,"event_name":"The Cleric","floor":5,"gold_loss":35},{"damage_healed":0,"gold_gain":75,"player_choice":"Gather Gold","damage_taken":11,"max_hp_gain":0,"max_hp_loss":0,"event_name":"World of Goop","floor":11,"gold_loss":0},{"damage_healed":0,"gold_gain":0,"player_choice":"Upgraded","damage_taken":0,"max_hp_gain":0,"max_hp_loss":0,"event_name":"Upgrade Shrine","floor":20,"gold_loss":0,"cards_upgraded":["A Thousand Cuts"]},{"damage_healed":0,"gold_gain":0,"cards_transformed":["Strike_G"],"player_choice":"Transformed","damage_taken":0,"max_hp_gain":0,"max_hp_loss":0,"event_name":"Transmorgrifier","floor":36,"gold_loss":0,"cards_obtained":["Bullet Time"]},{"damage_healed":0,"gold_gain":0,"player_choice":"Max HP","damage_taken":0,"max_hp_gain":0,"max_hp_loss":5,"event_name":"Winding Halls","floor":38,"gold_loss":0},{"cards_removed":["Poisoned Stab"],"damage_healed":0,"gold_gain":0,"player_choice":"Removed Attack","damage_taken":0,"max_hp_gain":0,"max_hp_loss":0,"event_name":"Falling","floor":39,"gold_loss":0}],"is_beta":false,"boss_relics":[{"not_picked":["Snecko Eye","Ectoplasm"],"picked":"HoveringKite"},{"not_picked":["Runic Dome","Empty Cage"],"picked":"Calling Bell"}],"items_purged_floors":[],"is_endless":false,"potions_floor_spawned":[1,8,14,16,21,31,33,37,41,46],"ascension_level":9}}