{"host":"8dhn6p16jorj0i1s","time":1612053783,"event":{"mods":["AchievementEnabler","BaseMod","Colored Map","DeckTracker","Highlight Path","Minty Spire (QoL Compilation)","Permanent Neow","Quick Restart"],"gold_per_floor":[119,132,151,151,164,190,190,190,190],"floor_reached":8,"language":"ENG","playtime":1467,"items_purged":[],"score":78,"play_id":"f4ce6faf-7d4b-4b07-a31c-d7b8f911f277","local_time":"20210131014303","is_ascension_mode":true,"campfire_choices":[{"data":"Neutralize","floor":7,"key":"SMITH"}],"circlet_count":0,"master_deck":["Strike_G","Strike_G","Strike_G","Defend_G","Defend_G","Defend_G","Defend_G","Defend_G","Survivor","Neutralize+1","Dagger Throw","Dagger Throw","PiercingWail","Regret"],"relics":["Ring of the Snake","Pen Nib","Lantern"],"acts_visited":["Exordium"],"potions_floor_usage":[5,6],"damage_taken":[{"damage":0.0,"enemies":"Small Slimes","floor":1.0,"turns":3.0},{"damage":1.0,"enemies":"Jaw Worm","floor":2.0,"turns":3.0},{"damage":0.0,"enemies":"2 Louse","floor":3.0,"turns":4.0},{"damage":5,"enemies":"Gremlin Gang","floor":5,"turns":4},{"damage":24,"enemies":"Gremlin Nob","floor":6,"turns":4},{"damage":15,"enemies":"Lagavulin","floor":8,"turns":5}],"seed_played":"-1376393478732434545","potions_obtained":[{"floor":2.0,"key":"PowerPotion"},{"floor":3.0,"key":"Weak Potion"}],"is_trial":false,"path_per_floor":["M","M","M","?","M","E","R","E"],"character_chosen":"THE_SILENT","items_purchased":[],"campfire_rested":0,"item_purchase_floors":[],"current_hp_per_floor":[63,62,62,62,57,33,33,18,18],"gold":190,"neow_bonus":"TRANSFORM_TWO_CARDS","is_daily":false,"chose_seed":false,"campfire_upgraded":1,"win_rate":0.0,"timestamp":1612053783,"path_taken":["M","M","M","?","M","E","R","E"],"items_purchased_type":[],"build_version":"2020-12-22","purchased_purges":0,"victory":false,"max_hp_per_floor":[63,63,63,63,63,63,63,63,63],"card_choices":[{"not_picked":["Dodge and Roll","Finisher","Flechettes"],"picked":"SKIP","floor":1.0},{"not_picked":["Slice","Finisher","Outmaneuver"],"picked":"SKIP","floor":2.0},{"not_picked":["Masterful Stab","Calculated Gamble"],"picked":"PiercingWail","floor":3.0},{"not_picked":["Setup","Deflect","Acrobatics"],"picked":"SKIP","floor":5},{"not_picked":["Masterful Stab","Dagger Spray","Poisoned Stab"],"picked":"SKIP","floor":6}],"player_experience":514763,"relics_obtained":[{"floor":6,"key":"Lantern"}],"event_choices":[{"damage_healed":0.0,"max_hp_gain":0.0,"max_hp_loss":0.0,"gold_gain":0.0,"event_name":"Big Fish","player_choice":"Box","floor":4.0,"gold_loss":0.0,"damage_taken":0.0,"relics_obtained":["Pen Nib"],"cards_obtained":["Regret"]}],"is_beta":false,"boss_relics":[],"items_purged_floors":[],"is_endless":false,"potions_floor_spawned":[2,3],"killed_by":"Lagavulin","ascension_level":7}}