{"host":"Qube","time":1612118118,"event":{"mods":["AchievementEnabler","BaseMod","Colored Map","Colored Powertips","Highlight Path","Minty Spire (QoL Compilation)","Permanent Neow","Quick Restart","Random Character Button","StSLib"],"gold_per_floor":[114,114,129,144,144,174,174,204,279,279,294,294,294,324,324,424,424,439,19,34,49,64,64,94,94,94,94,109,439,454,484,484,584,584,599,4,4,54,54,84,84,144,144,234,264,294,294,324,324,324],"floor_reached":51,"language":"ENG","playtime":3913,"items_purged":["Pain","Transmutation"],"score":1047,"play_id":"ea2d9711-2428-41ca-9ef1-ce0104403568","local_time":"20210131103518","daily_mods":["Allstar","Diverse","Elite Swarm"],"is_ascension_mode":false,"campfire_choices":[{"floor":7.0,"key":"REST"},{"data":"Fiend Fire","floor":10.0,"key":"SMITH"},{"data":"ConjureBlade","floor":12.0,"key":"SMITH"},{"floor":15.0,"key":"REST"},{"data":"Bullet Time","floor":23.0,"key":"SMITH"},{"data":"Acrobatics","floor":25.0,"key":"SMITH"},{"data":"Phantasmal Killer","floor":27.0,"key":"SMITH"},{"data":"Echo Form","floor":32.0,"key":"SMITH"},{"data":"Devotion","floor":41.0,"key":"SMITH"},{"data":"Prostrate","floor":47.0,"key":"SMITH"},{"data":"Warcry","floor":49.0,"key":"SMITH"}],"circlet_count":0,"master_deck":["Strike_R","Strike_R","Strike_R+1","Strike_R","Strike_R","Defend_R","Defend_R","Defend_R","Defend_R+1","Discovery","Blind","Impatience","Panacea","Prostrate+1","CutThroughFate","ReachHeaven","Fiend Fire+1","ConjureBlade+1","Warcry+1","Bullet Time+1","Phantasmal Killer+1","BowlingBash","Acrobatics+1","Uppercut+1","Shrug It Off","Scrawl+1","Echo Form+1","Steam+1","Scrawl+1","Devotion+1","CurseOfTheBell","Calculated Gamble+1","Prostrate+1","Burning Pact+1","Bandage Up+1","HandOfGreed","Hologram+1","Wish+1","Reaper","Doppelganger+1","Alpha+1","ConjureBlade+1"],"relics":["Burning Blood","Incense Burner","Self Forming Clay","Bronze Scales","Paper Frog","WarpedTongs","Blood Vial","SlaversCollar","Chemical X","Regal Pillow","Toxic Egg 2","Potion Belt","Old Coin","Ornamental Fan","Calling Bell","Lantern","Shuriken","Gambling Chip","Pocketwatch","WingedGreaves","Bottled Flame","Blue Candle","Ginger","Gremlin Horn","Anchor","Frozen Egg 2","Eternal Feather"],"acts_visited":["Exordium","TheCity","TheBeyond"],"potions_floor_usage":[50,50,50],"damage_taken":[{"damage":0.0,"enemies":"Small Slimes","floor":1.0,"turns":3.0},{"damage":4.0,"enemies":"Jaw Worm","floor":3.0,"turns":3.0},{"damage":2.0,"enemies":"Cultist","floor":4.0,"turns":4.0},{"damage":31.0,"enemies":"Lagavulin","floor":6.0,"turns":6.0},{"damage":21.0,"enemies":"3 Sentries","floor":8.0,"turns":9.0},{"damage":2.0,"enemies":"Lots of Slimes","floor":11.0,"turns":4.0},{"damage":18.0,"enemies":"Gremlin Nob","floor":14.0,"turns":3.0},{"damage":36.0,"enemies":"Slime Boss","floor":16.0,"turns":6.0},{"damage":15.0,"enemies":"2 Thieves","floor":18.0,"turns":4.0},{"damage":13.0,"enemies":"Shell Parasite","floor":20.0,"turns":3.0},{"damage":20.0,"enemies":"Shelled Parasite and Fungi","floor":21.0,"turns":5.0},{"damage":0.0,"enemies":"Snecko","floor":22.0,"turns":2.0},{"damage":21.0,"enemies":"Gremlin Leader","floor":24.0,"turns":5.0},{"damage":7.0,"enemies":"Centurion and Healer","floor":28.0,"turns":5.0},{"damage":0.0,"enemies":"Slavers","floor":29.0,"turns":3.0},{"damage":13.0,"enemies":"Shelled Parasite and Fungi","floor":30.0,"turns":4.0},{"damage":0.0,"enemies":"Book of Stabbing","floor":31.0,"turns":3.0},{"damage":15.0,"enemies":"Collector","floor":33.0,"turns":7.0},{"damage":4.0,"enemies":"3 Darklings","floor":35.0,"turns":5.0},{"damage":0.0,"enemies":"Mind Bloom Boss Battle","floor":38.0,"turns":6.0},{"damage":0.0,"enemies":"Giant Head","floor":40.0,"turns":5.0},{"damage":5.0,"enemies":"Nemesis","floor":42.0,"turns":5.0},{"damage":22.0,"enemies":"Reptomancer","floor":44.0,"turns":6.0},{"damage":7.0,"enemies":"Nemesis","floor":45.0,"turns":3.0},{"damage":1.0,"enemies":"Reptomancer","floor":46.0,"turns":4.0},{"damage":7.0,"enemies":"Giant Head","floor":48.0,"turns":4.0},{"damage":21,"enemies":"Awakened One","floor":50,"turns":6}],"seed_played":"7510361231737359051","potions_obtained":[{"floor":3.0,"key":"BloodPotion"},{"floor":6.0,"key":"Dexterity Potion"},{"floor":16.0,"key":"SpeedPotion"},{"floor":18.0,"key":"Swift Potion"},{"floor":24.0,"key":"SkillPotion"},{"floor":29.0,"key":"SpeedPotion"},{"floor":33.0,"key":"LiquidBronze"},{"floor":38.0,"key":"SteroidPotion"},{"floor":44.0,"key":"SteroidPotion"},{"floor":45.0,"key":"Strength Potion"},{"floor":48.0,"key":"BlessingOfTheForge"}],"is_trial":false,"path_per_floor":["M","?","M","M","?","E","R","E","T","R","M","R","?","E","R","B",null,"M","$","M","M","M","R","E","R","T","R","M","E","M","E","R","B",null,"M","$","?","?","?","E","R","E","T","E","E","E","R","E","R","B",null],"character_chosen":"IRONCLAD","items_purchased":["Chemical X","Regal Pillow","Acrobatics","Prostrate+1","Burning Pact+1","Pocketwatch","Bandage Up+1"],"campfire_rested":2,"item_purchase_floors":[19,19,19,36,36,36,36],"current_hp_per_floor":[80,62,64,68,52,27,51,36,36,36,40,40,40,28,52,40,80,71,71,66,54,62,62,49,49,49,49,50,58,53,61,61,54,80,80,80,80,80,80,80,80,80,80,70,77,80,80,80,80,71],"gold":324,"neow_bonus":"","is_daily":true,"chose_seed":false,"campfire_upgraded":9,"win_rate":0.0,"timestamp":1612118118,"path_taken":["M","?","M","M","?","E","R","E","T","R","M","R","?","E","R","BOSS","M","$","?","M","?","R","E","R","T","R","M","E","M","E","R","BOSS","M","$","?","?","?","E","R","E","T","E","E","E","R","E","R","BOSS"],"items_purchased_type":["Relic","Relic","Card","Card","Card","Relic","Card"],"build_version":"2020-12-18","purchased_purges":2,"victory":true,"max_hp_per_floor":[80,80,80,80,80,80,80,80,80,80,80,80,80,80,80,80,80,80,80,80,80,80,80,80,80,80,80,80,80,80,80,80,80,80,80,80,80,80,80,80,80,80,80,80,80,80,80,80,80,80],"card_choices":[{"not_picked":["Conserve Battery","Prepared"],"picked":"Prostrate","floor":1.0},{"not_picked":["Skewer","Pummel"],"picked":"CutThroughFate","floor":3.0},{"not_picked":["Conserve Battery","FollowUp"],"picked":"ReachHeaven","floor":4.0},{"not_picked":["Envenom","Grand Finale"],"picked":"Fiend Fire","floor":6.0},{"not_picked":["Establishment","Storm of Steel"],"picked":"ConjureBlade","floor":8.0},{"not_picked":["Defragment","Streamline"],"picked":"Warcry","floor":11.0},{"not_picked":["Bludgeon","Omniscience"],"picked":"Bullet Time","floor":14.0},{"not_picked":["Bullet Time","Double Tap"],"picked":"Phantasmal Killer","floor":16.0},{"not_picked":["Outmaneuver","EmptyFist"],"picked":"BowlingBash","floor":18.0},{"not_picked":["Cleave","SandsOfTime"],"picked":"Uppercut+1","floor":20.0},{"not_picked":["Backstab+1","Halt"],"picked":"Shrug It Off","floor":21.0},{"not_picked":["ForeignInfluence","Iron Wave","Clash"],"picked":"SKIP","floor":22.0},{"not_picked":["Storm of Steel+1","Judgement+1"],"picked":"Scrawl+1","floor":24.0},{"not_picked":["Compile Driver+1","LikeWater","Finisher"],"picked":"SKIP","floor":28.0},{"not_picked":["Brilliance","Doppelganger+1"],"picked":"Echo Form","floor":29.0},{"not_picked":["Sentinel+1","FollowUp"],"picked":"Steam+1","floor":30.0},{"not_picked":["Rainbow+1","Juggernaut"],"picked":"Scrawl+1","floor":31.0},{"not_picked":["Meteor Strike","Envenom"],"picked":"Devotion","floor":33.0},{"not_picked":["Searing Blow+1","Blade Dance+1"],"picked":"Calculated Gamble+1","floor":35.0},{"not_picked":["Flash of Steel","Impatience+1"],"picked":"HandOfGreed","floor":37.0},{"not_picked":["CarveReality","Flame Barrier+1"],"picked":"Hologram+1","floor":38.0},{"not_picked":["Fission+1","Devotion"],"picked":"Wish+1","floor":40.0},{"not_picked":["Storm of Steel+1","Buffer"],"picked":"Reaper","floor":42.0},{"not_picked":["Tools of the Trade","Reaper"],"picked":"Doppelganger+1","floor":44.0},{"not_picked":["Hyperbeam","Fission+1"],"picked":"Alpha+1","floor":45.0},{"not_picked":["Ragnarok","Barricade+1"],"picked":"ConjureBlade+1","floor":46.0},{"not_picked":["Reaper","Wish+1","Storm of Steel+1"],"picked":"SKIP","floor":48.0}],"player_experience":1020634,"relics_obtained":[{"floor":6.0,"key":"Self Forming Clay"},{"floor":8.0,"key":"Bronze Scales"},{"floor":9.0,"key":"Paper Frog"},{"floor":14.0,"key":"Blood Vial"},{"floor":24.0,"key":"Toxic Egg 2"},{"floor":26.0,"key":"Potion Belt"},{"floor":29.0,"key":"Old Coin"},{"floor":31.0,"key":"Ornamental Fan"},{"floor":34.0,"key":"Lantern"},{"floor":34.0,"key":"Shuriken"},{"floor":34.0,"key":"Gambling Chip"},{"floor":38.0,"key":"WingedGreaves"},{"floor":40.0,"key":"Bottled Flame"},{"floor":42.0,"key":"Blue Candle"},{"floor":43.0,"key":"Ginger"},{"floor":44.0,"key":"Gremlin Horn"},{"floor":45.0,"key":"Anchor"},{"floor":46.0,"key":"Frozen Egg 2"},{"floor":48.0,"key":"Eternal Feather"}],"event_choices":[{"damage_healed":0.0,"max_hp_gain":0.0,"max_hp_loss":0.0,"gold_gain":0.0,"event_name":"Scrap Ooze","player_choice":"Success","floor":2.0,"gold_loss":0.0,"damage_taken":18.0,"relics_obtained":["Incense Burner"]},{"damage_healed":0.0,"max_hp_gain":0.0,"max_hp_loss":0.0,"gold_gain":0.0,"event_name":"Shining Light","player_choice":"Entered Light","floor":5.0,"gold_loss":0.0,"damage_taken":16.0,"cards_upgraded":["Defend_R","Strike_R"]},{"damage_healed":0.0,"max_hp_gain":0.0,"max_hp_loss":0.0,"gold_gain":0.0,"event_name":"Accursed Blacksmith","player_choice":"Rummage","floor":13.0,"gold_loss":0.0,"damage_taken":0.0,"relics_obtained":["WarpedTongs"],"cards_obtained":["Pain"]},{"damage_healed":0.0,"max_hp_gain":0.0,"max_hp_loss":0.0,"gold_gain":0.0,"event_name":"SensoryStone","player_choice":"Memory 1","floor":37.0,"gold_loss":0.0,"damage_taken":0.0},{"damage_healed":0.0,"max_hp_gain":0.0,"max_hp_loss":0.0,"gold_gain":0.0,"event_name":"MindBloom","player_choice":"Fight","floor":38.0,"gold_loss":0.0,"damage_taken":0.0},{"cards_removed":["Bash"],"damage_healed":0.0,"max_hp_gain":0.0,"max_hp_loss":0.0,"gold_gain":0.0,"event_name":"Falling","player_choice":"Removed Attack","floor":39.0,"gold_loss":0.0,"damage_taken":0.0}],"is_beta":true,"boss_relics":[{"not_picked":["Mark of Pain","Sozu"],"picked":"SlaversCollar"},{"not_picked":["SacredBark","Velvet Choker"],"picked":"Calling Bell"}],"items_purged_floors":[19,36],"is_endless":false,"potions_floor_spawned":[3,6,16,18,24,29,33,38,44,45,48],"ascension_level":0}}