{"host":"g2yp6paluzgljz05","time":1612082272,"event":{"mods":["BaseMod","Bestiary","Colored Powertips","DeckTracker","Highlight Path","Minty Spire (QoL Compilation)","Quick Restart"],"gold_per_floor":[112,129,86,96,107,107,87,107,107,124,124,124],"floor_reached":11,"language":"ENG","playtime":467,"items_purged":[],"score":94,"play_id":"d74f89d8-79b6-4e4d-8309-bdb6e997c827","local_time":"20210131193752","is_ascension_mode":true,"campfire_choices":[{"floor":6,"key":"REST"}],"circlet_count":0,"master_deck":["Strike_R","Strike_R","Strike_R","Strike_R","Strike_R","Defend_R","Defend_R","Defend_R","Defend_R","Bash","Barricade","Shockwave","Body Slam","Shrug It Off"],"relics":["Burning Blood","Pantograph"],"acts_visited":["Exordium"],"potions_floor_usage":[4,10],"damage_taken":[{"damage":20,"enemies":"Small Slimes","floor":1,"turns":3},{"damage":12,"enemies":"Jaw Worm","floor":2,"turns":6},{"damage":14,"enemies":"Cultist","floor":4,"turns":6},{"damage":11,"enemies":"Looter","floor":5,"turns":3},{"damage":13,"enemies":"2 Fungi Beasts","floor":8,"turns":5},{"damage":7,"enemies":"3 Louse","floor":10,"turns":3},{"damage":7,"enemies":"Lagavulin","floor":11,"turns":3}],"seed_played":"4557460854933560658","potions_obtained":[{"floor":2,"key":"Weak Potion"},{"floor":7,"key":"Fire Potion"},{"floor":8,"key":"EssenceOfSteel"}],"is_trial":false,"path_per_floor":["M","M","?","M","M","R","?","M","T","M","E"],"character_chosen":"IRONCLAD","items_purchased":[],"campfire_rested":1,"item_purchase_floors":[],"current_hp_per_floor":[37,31,31,23,18,42,42,35,35,34,27,27],"gold":124,"neow_bonus":"THREE_RARE_CARDS","is_daily":false,"chose_seed":false,"campfire_upgraded":0,"win_rate":0.0,"timestamp":1612082272,"path_taken":["M","M","?","M","M","R","?","?","T","M","E"],"items_purchased_type":[],"build_version":"2020-12-22","purchased_purges":0,"victory":false,"max_hp_per_floor":[80,80,80,80,80,80,80,80,80,80,80,80],"card_choices":[{"not_picked":["Feed","Brutality"],"picked":"Barricade","floor":0},{"not_picked":["Clash","Headbutt","Thunderclap"],"picked":"SKIP","floor":1},{"not_picked":["Clothesline","Headbutt","Rampage"],"picked":"SKIP","floor":2},{"not_picked":["Limit Break","Feel No Pain"],"picked":"Shockwave","floor":4},{"not_picked":["Searing Blow","Twin Strike"],"picked":"Body Slam","floor":5},{"not_picked":["Pummel","Flame Barrier"],"picked":"Shrug It Off","floor":8},{"not_picked":["Carnage","Pommel Strike","Infernal Blade"],"picked":"SKIP","floor":10}],"player_experience":288951,"relics_obtained":[{"floor":9,"key":"Pantograph"}],"event_choices":[{"damage_healed":0,"gold_gain":0,"player_choice":"Left Gold","damage_taken":0,"max_hp_gain":0,"max_hp_loss":0,"event_name":"World of Goop","floor":3,"gold_loss":43},{"damage_healed":0,"gold_gain":0,"player_choice":"Bought 1 Potion","damage_taken":0,"max_hp_gain":0,"max_hp_loss":0,"event_name":"The Woman in Blue","floor":7,"gold_loss":0}],"is_beta":false,"boss_relics":[],"items_purged_floors":[],"is_endless":false,"potions_floor_spawned":[2,8],"killed_by":"Lagavulin","ascension_level":8}}