{"host":"syozzdlzcqop4jia","time":1612069086,"event":{"mods":["BaseMod","Colored Map","Colored Powertips","Minty Spire (QoL Compilation)","Quick Restart"],"gold_per_floor":[111,130,150,161,20,20,31,60,60,87,103,115,115,132,132,234,234,189,189,189,189,189,169,169,169,169,169,169,169,169,40,40,40,40,40,40,40,40,40,40,40,40,40,40,40,40,40,8,8,8],"floor_reached":51,"language":"ENG","playtime":2532,"items_purged":[],"score":910,"play_id":"80e04bd1-515b-4036-9dc8-7c85a0dad7a9","local_time":"20210131055806","is_ascension_mode":true,"campfire_choices":[{"data":"Feed","floor":6,"key":"SMITH"},{"data":"Wild Strike","floor":13,"key":"SMITH"},{"floor":15,"key":"REST"},{"floor":27,"key":"REST"},{"floor":29,"key":"REST"},{"floor":32,"key":"REST"},{"floor":40,"key":"REST"},{"floor":42,"key":"REST"},{"floor":47,"key":"REST"},{"floor":49,"key":"REST"}],"circlet_count":0,"master_deck":["Strike_R+1","Strike_R+1","Strike_R+1","Strike_R+1","Strike_R+1","Defend_R+1","Defend_R+1","Defend_R+1","Defend_R+1","Bash","Headbutt","Heavy Blade","Rampage","Uppercut","Cleave","Feed+1","Flex","Wild Strike+1","Pummel","Sword Boomerang","Limit Break","Anger","Heavy Blade+1","Inflame+1","Havoc+1","Twin Strike","Anger+1","Rage","Feed","Armaments+1","Reaper","Seeing Red+1","Perfected Strike","Rage"],"relics":["Burning Blood","Red Skull","Paper Frog","Bottled Flame","Ectoplasm","Shuriken","MawBank","Sundial","SlaversCollar","TungstenRod","Mummified Hand","The Courier"],"acts_visited":["Exordium","TheCity","TheBeyond"],"potions_floor_usage":[4,28,33,41,50],"damage_taken":[{"damage":1,"enemies":"Cultist","floor":1,"turns":3},{"damage":11,"enemies":"Small Slimes","floor":2,"turns":4},{"damage":8,"enemies":"2 Louse","floor":3,"turns":3},{"damage":18,"enemies":"Exordium Thugs","floor":4,"turns":4},{"damage":0,"enemies":"Large Slime","floor":7,"turns":4},{"damage":35,"enemies":"Lagavulin","floor":8,"turns":5},{"damage":12,"enemies":"Gremlin Nob","floor":10,"turns":3},{"damage":13,"enemies":"Blue Slaver","floor":11,"turns":2},{"damage":0,"enemies":"3 Louse","floor":12,"turns":1},{"damage":0,"enemies":"Large Slime","floor":14,"turns":3},{"damage":52,"enemies":"Hexaghost","floor":16,"turns":6},{"damage":28,"enemies":"2 Thieves","floor":18,"turns":3},{"damage":26,"enemies":"Shell Parasite","floor":19,"turns":3},{"damage":6,"enemies":"Centurion and Healer","floor":22,"turns":4},{"damage":23,"enemies":"Slavers","floor":24,"turns":4},{"damage":11,"enemies":"Sentry and Sphere","floor":25,"turns":3},{"damage":23,"enemies":"Book of Stabbing","floor":28,"turns":3},{"damage":22,"enemies":"Shelled Parasite and Fungi","floor":30,"turns":3},{"damage":41,"enemies":"Champ","floor":33,"turns":7},{"damage":17,"enemies":"Orb Walker","floor":35,"turns":3},{"damage":42,"enemies":"3 Shapes","floor":38,"turns":3},{"damage":89,"enemies":"Reptomancer","floor":41,"turns":6},{"damage":41,"enemies":"3 Darklings","floor":45,"turns":4},{"damage":0,"enemies":"Transient","floor":46,"turns":5},{"damage":146,"enemies":"Time Eater","floor":50,"turns":11}],"seed_played":"1006675411951219129","potions_obtained":[{"floor":1,"key":"EssenceOfSteel"},{"floor":3,"key":"Explosive Potion"},{"floor":11,"key":"EssenceOfSteel"},{"floor":12,"key":"Strength Potion"},{"floor":22,"key":"FairyPotion"},{"floor":35,"key":"BloodPotion"},{"floor":46,"key":"Swift Potion"}],"is_trial":false,"path_per_floor":["M","M","M","M","$","R","M","E","T","E","M","M","R","M","R","B",null,"M","M","?","?","M","?","E","M","T","R","E","R","M","$","R","B",null,"M","?","$","M","?","R","E","R","T","T","M","M","R","$","R","B",null],"character_chosen":"IRONCLAD","items_purchased":["Feed","Rage","Fire Potion","Rage"],"campfire_rested":8,"item_purchase_floors":[5,31,31,48],"current_hp_per_floor":[80,75,73,61,61,61,71,42,42,40,33,43,43,49,76,30,92,70,50,32,32,32,32,19,14,14,44,27,57,41,41,71,36,101,90,101,101,69,69,100,41,73,73,73,38,44,76,76,108,10],"gold":8,"neow_bonus":"THREE_CARDS","is_daily":false,"chose_seed":false,"campfire_upgraded":2,"win_rate":0.0,"timestamp":1612069086,"path_taken":["M","M","M","M","$","R","M","E","T","E","M","M","R","?","R","BOSS","M","M","?","?","M","?","E","M","T","R","E","R","M","$","R","BOSS","M","?","?","M","?","R","E","R","T","?","M","?","R","$","R","BOSS"],"items_purchased_type":["Card","Card","Potion","Card"],"build_version":"2020-12-22","purchased_purges":0,"victory":true,"max_hp_per_floor":[80,80,80,80,80,80,84,84,84,88,88,92,92,92,92,92,92,92,92,97,97,97,97,101,101,101,101,101,101,101,101,101,101,101,101,101,101,105,105,105,108,108,108,108,108,108,108,108,108,111],"card_choices":[{"not_picked":["Seeing Red","Sword Boomerang"],"picked":"Headbutt","floor":0},{"not_picked":["Rupture","Flex"],"picked":"Heavy Blade","floor":1},{"not_picked":["Cleave","Headbutt"],"picked":"Rampage","floor":2},{"not_picked":["Clothesline","Clash"],"picked":"Uppercut","floor":3},{"not_picked":["True Grit","Sever Soul"],"picked":"Cleave","floor":4},{"not_picked":["Headbutt","Combust"],"picked":"Flex","floor":7},{"not_picked":["Cleave","Battle Trance"],"picked":"Wild Strike","floor":8},{"not_picked":["Sword Boomerang","Pummel","Clothesline"],"picked":"SKIP","floor":10},{"not_picked":["Combust","Twin Strike"],"picked":"Pummel","floor":11},{"not_picked":["Infernal Blade","Whirlwind"],"picked":"Combust","floor":12},{"not_picked":["Dropkick","Sever Soul"],"picked":"Sword Boomerang","floor":14},{"not_picked":["Reaper","Berserk"],"picked":"Limit Break","floor":16},{"not_picked":["Battle Trance+1","Sword Boomerang"],"picked":"Anger","floor":18},{"not_picked":["Wild Strike+1","Flex"],"picked":"Heavy Blade+1","floor":19},{"not_picked":["Iron Wave","Sever Soul"],"picked":"Inflame+1","floor":22},{"not_picked":["Whirlwind","Heavy Blade"],"picked":"Havoc+1","floor":24},{"not_picked":["Thunderclap","Sever Soul","Fiend Fire"],"picked":"SKIP","floor":25},{"not_picked":["Havoc","Armaments+1"],"picked":"Twin Strike","floor":28},{"not_picked":["Clothesline+1","Sword Boomerang"],"picked":"Anger+1","floor":30},{"not_picked":["Juggernaut","Offering"],"picked":"Feed","floor":33},{"not_picked":["Power Through","Fire Breathing+1","Second Wind+1"],"picked":"SKIP","floor":35},{"not_picked":["True Grit+1","Dual Wield"],"picked":"Armaments+1","floor":38},{"not_picked":["Flex+1","Hemokinesis"],"picked":"Reaper","floor":41},{"not_picked":["Flame Barrier","Clothesline"],"picked":"Seeing Red+1","floor":45},{"not_picked":["Anger","Cleave"],"picked":"Perfected Strike","floor":46}],"player_experience":455929,"relics_obtained":[{"floor":8,"key":"Red Skull"},{"floor":9,"key":"Paper Frog"},{"floor":10,"key":"Bottled Flame"},{"floor":24,"key":"Shuriken"},{"floor":26,"key":"MawBank"},{"floor":28,"key":"Sundial"},{"floor":41,"key":"TungstenRod"},{"floor":43,"key":"Mummified Hand"},{"floor":44,"key":"The Courier"}],"event_choices":[{"damage_healed":0,"gold_gain":0,"player_choice":"Shed Blood","damage_taken":23,"max_hp_gain":5,"max_hp_loss":0,"event_name":"Forgotten Altar","floor":20,"gold_loss":0},{"damage_healed":0,"gold_gain":0,"player_choice":"Simplicity","damage_taken":0,"max_hp_gain":0,"max_hp_loss":0,"event_name":"Back to Basics","floor":21,"gold_loss":0,"cards_upgraded":["Strike_R","Strike_R","Strike_R","Strike_R","Strike_R","Defend_R","Defend_R","Defend_R","Defend_R"]},{"damage_healed":0,"gold_gain":0,"player_choice":"Bought 1 Potion","damage_taken":0,"max_hp_gain":0,"max_hp_loss":0,"event_name":"The Woman in Blue","floor":23,"gold_loss":0},{"cards_removed":["Combust"],"damage_healed":11,"gold_gain":0,"player_choice":"Offered Uncommon","damage_taken":0,"max_hp_gain":0,"max_hp_loss":0,"event_name":"Bonfire Elementals","floor":36,"gold_loss":0},{"damage_healed":0,"gold_gain":0,"player_choice":"Memory 1","damage_taken":0,"max_hp_gain":0,"max_hp_loss":0,"event_name":"SensoryStone","floor":39,"gold_loss":0}],"is_beta":false,"boss_relics":[{"not_picked":["Fusion Hammer","Busted Crown"],"picked":"Ectoplasm"},{"not_picked":["Astrolabe","Pandora\u0027s Box"],"picked":"SlaversCollar"}],"items_purged_floors":[],"is_endless":false,"potions_floor_spawned":[1,3,11,12,16,19,22,25,35,46],"ascension_level":3}}