{"host":"edndssuekvzbh3is","time":1612072772,"event":{"mods":["BaseMod","Colored Map","Colored Powertips","Minty Spire (QoL Compilation)","SuperFastMode"],"gold_per_floor":[212,232,245,260,272,272,283,315,315,335,335,354,354,354,354,452,452,465,465,390,390,380,412,9,9,9,48,48,48],"floor_reached":28,"language":"ENG","playtime":674,"items_purged":[],"score":377,"play_id":"736b642c-1205-49a0-8032-af5ec9ba38f4","local_time":"20210131005932","is_ascension_mode":true,"campfire_choices":[{"data":"Hemokinesis","floor":6,"key":"SMITH"},{"floor":11,"key":"REST"},{"floor":15,"key":"REST"},{"data":"Brutality","floor":25,"key":"SMITH"}],"circlet_count":0,"master_deck":["Strike_R+1","Strike_R+1","Strike_R+1","Strike_R+1","Defend_R+1","Defend_R+1","Defend_R+1","Defend_R+1","Bash","Pommel Strike","Clothesline+1","Anger+1","Hemokinesis+1","Armaments+1","Impervious","Combust","Shrug It Off","Entrench","Brutality+1","Rupture+1","Power Through+1","Rupture+1","Ghostly Armor"],"relics":["Burning Blood","TungstenRod","PreservedInsect","Runic Pyramid","Blue Candle","Mummified Hand","DollysMirror","Whetstone","CeramicFish"],"acts_visited":["Exordium","TheCity"],"potions_floor_usage":[8,16,27],"damage_taken":[{"damage":7,"enemies":"2 Louse","floor":1,"turns":4},{"damage":6,"enemies":"Cultist","floor":2,"turns":3},{"damage":2,"enemies":"Jaw Worm","floor":3,"turns":3},{"damage":16,"enemies":"Looter","floor":4,"turns":3},{"damage":38,"enemies":"Exordium Thugs","floor":5,"turns":5},{"damage":10,"enemies":"Blue Slaver","floor":7,"turns":3},{"damage":17,"enemies":"Gremlin Nob","floor":8,"turns":4},{"damage":15,"enemies":"Lots of Slimes","floor":10,"turns":4},{"damage":1,"enemies":"Looter","floor":12,"turns":3},{"damage":17,"enemies":"Hexaghost","floor":16,"turns":10},{"damage":8,"enemies":"3 Byrds","floor":18,"turns":6},{"damage":6,"enemies":"2 Thieves","floor":22,"turns":4},{"damage":39,"enemies":"Slavers","floor":23,"turns":6},{"damage":18,"enemies":"Gremlin Leader","floor":27,"turns":10},{"damage":31,"enemies":"Snake Plant","floor":28,"turns":2}],"seed_played":"4418763891557269116","potions_obtained":[{"floor":2,"key":"CultistPotion"},{"floor":7,"key":"Weak Potion"},{"floor":10,"key":"Weak Potion"},{"floor":16,"key":"LiquidBronze"},{"floor":18,"key":"Strength Potion"}],"is_trial":false,"path_per_floor":["M","M","M","M","M","R","M","E","T","M","R","M","?","?","R","B",null,"M","?","?","?","M","E","$","R","T","E","M"],"character_chosen":"IRONCLAD","items_purchased":["Mummified Hand","DollysMirror"],"campfire_rested":2,"item_purchase_floors":[24,24],"current_hp_per_floor":[71,71,75,65,33,33,29,18,18,9,33,38,38,38,62,51,73,71,71,71,71,71,38,38,38,38,26,0,0],"gold":48,"neow_bonus":"HUNDRED_GOLD","is_daily":false,"chose_seed":false,"campfire_upgraded":2,"win_rate":0.0,"timestamp":1612072772,"path_taken":["M","M","M","M","M","R","M","E","T","M","R","M","?","?","R","BOSS","M","?","?","?","?","E","$","R","T","E","M"],"items_purchased_type":["Relic","Relic"],"build_version":"2020-12-22","purchased_purges":0,"victory":false,"max_hp_per_floor":[80,80,80,80,80,80,80,80,80,80,80,80,80,80,80,80,80,80,80,80,80,80,80,80,80,80,80,80,80],"card_choices":[{"not_picked":["Sword Boomerang","Armaments"],"picked":"Pommel Strike","floor":1},{"not_picked":["Rupture","Cleave"],"picked":"Clothesline","floor":2},{"not_picked":["Pommel Strike","Body Slam"],"picked":"Anger","floor":3},{"not_picked":["Iron Wave","Sword Boomerang"],"picked":"Hemokinesis","floor":4},{"not_picked":["Heavy Blade","Havoc"],"picked":"Armaments","floor":5},{"not_picked":["Havoc","Armaments"],"picked":"Impervious","floor":7},{"not_picked":["Dual Wield","Inflame"],"picked":"Combust","floor":8},{"not_picked":["Inflame","Clash"],"picked":"Shrug It Off","floor":10},{"not_picked":["Evolve","Armaments"],"picked":"Entrench","floor":12},{"not_picked":["Limit Break","Berserk"],"picked":"Brutality","floor":16},{"not_picked":["Inflame","Hemokinesis"],"picked":"Rupture","floor":18},{"not_picked":["Sword Boomerang","Clash"],"picked":"Power Through+1","floor":22},{"not_picked":["Berserk","Reckless Charge+1","Thunderclap"],"picked":"SKIP","floor":23},{"not_picked":["Wild Strike+1","Rupture"],"picked":"Ghostly Armor","floor":27}],"player_experience":339909,"relics_obtained":[{"floor":8,"key":"TungstenRod"},{"floor":9,"key":"PreservedInsect"},{"floor":23,"key":"Blue Candle"},{"floor":26,"key":"Whetstone"},{"floor":27,"key":"CeramicFish"}],"event_choices":[{"damage_healed":0,"gold_gain":0,"player_choice":"Ignored","damage_taken":0,"max_hp_gain":0,"max_hp_loss":0,"event_name":"Golden Idol","floor":13,"gold_loss":0},{"damage_healed":0,"gold_gain":0,"player_choice":"Forge","damage_taken":0,"max_hp_gain":0,"max_hp_loss":0,"event_name":"Accursed Blacksmith","floor":14,"gold_loss":0,"cards_upgraded":["Armaments"]},{"damage_healed":0,"gold_gain":0,"player_choice":"Simplicity","damage_taken":0,"max_hp_gain":0,"max_hp_loss":0,"event_name":"Back to Basics","floor":19,"gold_loss":0,"cards_upgraded":["Strike_R","Strike_R","Strike_R","Strike_R","Strike_R","Defend_R","Defend_R","Defend_R","Defend_R"]},{"cards_removed":["Strike_R"],"damage_healed":0,"gold_gain":0,"player_choice":"Gave Gold","damage_taken":0,"max_hp_gain":0,"max_hp_loss":0,"event_name":"Beggar","floor":20,"gold_loss":75},{"damage_healed":0,"gold_gain":0,"player_choice":"Upgraded","damage_taken":0,"max_hp_gain":0,"max_hp_loss":0,"event_name":"Upgrade Shrine","floor":21,"gold_loss":0,"cards_upgraded":["Rupture"]}],"is_beta":false,"boss_relics":[{"not_picked":["Cursed Key","Empty Cage"],"picked":"Runic Pyramid"}],"items_purged_floors":[],"is_endless":false,"potions_floor_spawned":[2,7,10,16,18],"killed_by":"Snake Plant","ascension_level":9}}