{"host":"6xsbn6ynqlzwllfm","time":1612102028,"event":{"mods":["2.2 Compatiblity","BaseMod","Bestiary","Colored Map","Colored Powertips","Curses Come First","Highlight Path","Keyboard Shortcuts","Minty Spire (QoL Compilation)","Relic Stats","Slay the Relics Exporter","StSLib","SuperFastMode"],"gold_per_floor":[118,118,193,207,227,261,261,277,277,44,73,73,90,90,90,164,164,178,194,214,214,214],"floor_reached":21,"language":"ENG","playtime":571,"items_purged":["Strike_P"],"score":482,"play_id":"f9187d11-6b03-469a-9a15-2dac747f4ce7","local_time":"20210131090708","is_ascension_mode":true,"campfire_choices":[{"data":"Wallop","floor":7.0,"key":"SMITH"},{"floor":15.0,"key":"REST"}],"circlet_count":0,"master_deck":["AscendersBane","Defend_P+1","Defend_P","Defend_P","Defend_P+1","Eruption","Vigilance","EmptyFist","Tantrum+1","Wallop+1","WheelKick+1","LessonLearned","Conclude+1","Worship+1","LikeWater+1","EmptyBody","LikeWater"],"relics":["Snecko Eye","Anchor","Kunai","Sling","Thread and Needle","Darkstone Periapt","Astrolabe"],"acts_visited":["Exordium","TheCity"],"potions_floor_usage":[21],"damage_taken":[{"damage":6.0,"enemies":"2 Louse","floor":1.0,"turns":3.0},{"damage":9.0,"enemies":"Jaw Worm","floor":4.0,"turns":5.0},{"damage":11.0,"enemies":"Small Slimes","floor":5.0,"turns":3.0},{"damage":0.0,"enemies":"Gremlin Nob","floor":6.0,"turns":2.0},{"damage":0.0,"enemies":"2 Fungi Beasts","floor":8.0,"turns":2.0},{"damage":0.0,"enemies":"Lagavulin","floor":11.0,"turns":2.0},{"damage":0.0,"enemies":"Exordium Wildlife","floor":13.0,"turns":2.0},{"damage":6.0,"enemies":"The Guardian","floor":16.0,"turns":11.0},{"damage":9.0,"enemies":"3 Byrds","floor":18.0,"turns":4.0},{"damage":12.0,"enemies":"Spheric Guardian","floor":19.0,"turns":4.0},{"damage":19.0,"enemies":"Centurion and Healer","floor":20.0,"turns":4.0},{"damage":26,"enemies":"Cultist and Chosen","floor":21,"turns":3}],"seed_played":"3096422455445356133","potions_obtained":[{"floor":1.0,"key":"Weak Potion"},{"floor":4.0,"key":"Weak Potion"},{"floor":11.0,"key":"Fruit Juice"},{"floor":16.0,"key":"SkillPotion"},{"floor":20.0,"key":"SteroidPotion"}],"is_trial":false,"path_per_floor":["M","?","?","M","M","E","R","M","T","$","E","?","M","?","R","B",null,"M","M","M","M"],"character_chosen":"WATCHER","items_purchased":["Sling"],"campfire_rested":1,"item_purchase_floors":[10],"current_hp_per_floor":[55,55,44,35,24,24,24,24,24,24,29,24,24,24,45,39,65,56,44,25,0,0],"gold":214,"neow_bonus":"BOSS_RELIC","is_daily":false,"chose_seed":false,"campfire_upgraded":1,"win_rate":0.0,"timestamp":1612102028,"path_taken":["M","?","?","M","M","E","R","M","T","$","E","?","M","?","R","BOSS","M","M","M","?"],"items_purchased_type":["Relic"],"build_version":"2020-12-22","purchased_purges":1,"victory":false,"max_hp_per_floor":[68,68,68,68,68,68,68,68,68,68,73,73,73,73,73,73,73,73,73,73,73,73],"relic_stats":{"Darkstone Periapt":0,"counters":[12,45],"Astrolabe":["Conclude","Worship","LikeWater"],"Snecko Eye":[72,81,79,83],"Kunai":[14],"obtain_stats":[{"Darkstone Periapt":12,"Anchor":6,"Astrolabe":17,"Snecko Eye":0,"Thread and Needle":11,"Kunai":9,"PureWater":0,"Sling":10},{"Darkstone Periapt":6,"Anchor":4,"Astrolabe":8,"Snecko Eye":0,"Thread and Needle":6,"Kunai":5,"PureWater":0,"Sling":5},{"Darkstone Periapt":17,"Anchor":13,"Astrolabe":30,"Snecko Eye":0,"Thread and Needle":17,"Kunai":15,"PureWater":0,"Sling":15}]},"card_choices":[{"not_picked":["Crescendo","MentalFortress"],"picked":"EmptyFist","floor":1.0},{"not_picked":["LikeWater","Crescendo"],"picked":"Tantrum","floor":4.0},{"not_picked":["Evaluate","Swivel"],"picked":"Wallop","floor":5.0},{"not_picked":["Consecrate","Prostrate","FlurryOfBlows"],"picked":"SKIP","floor":6.0},{"not_picked":["Protect","Swivel"],"picked":"WheelKick","floor":8.0},{"not_picked":["Wish","DeusExMachina"],"picked":"LessonLearned","floor":16.0},{"not_picked":["Prostrate","TalkToTheHand","Pray"],"picked":"SKIP","floor":18.0},{"not_picked":["CrushJoints","JustLucky"],"picked":"EmptyBody","floor":19.0},{"not_picked":["FollowUp+1","BowlingBash"],"picked":"LikeWater","floor":20.0}],"player_experience":1349892,"relics_obtained":[{"floor":6.0,"key":"Anchor"},{"floor":9.0,"key":"Kunai"},{"floor":11.0,"key":"Thread and Needle"}],"event_choices":[{"damage_healed":0.0,"max_hp_gain":0.0,"max_hp_loss":0.0,"gold_gain":0.0,"event_name":"The Cleric","player_choice":"Leave","floor":2.0,"gold_loss":0.0,"damage_taken":0.0},{"damage_healed":0.0,"max_hp_gain":0.0,"max_hp_loss":0.0,"gold_gain":75.0,"event_name":"World of Goop","player_choice":"Gather Gold","floor":3.0,"gold_loss":0.0,"damage_taken":11.0},{"damage_healed":0.0,"max_hp_gain":0.0,"max_hp_loss":0.0,"gold_gain":0.0,"event_name":"Scrap Ooze","player_choice":"Success","floor":12.0,"gold_loss":0.0,"damage_taken":5.0,"relics_obtained":["Darkstone Periapt"]},{"damage_healed":0.0,"max_hp_gain":0.0,"max_hp_loss":0.0,"gold_gain":0.0,"event_name":"Upgrade Shrine","player_choice":"Upgraded","floor":14.0,"gold_loss":0.0,"damage_taken":0.0,"cards_upgraded":["WheelKick"]}],"is_beta":false,"boss_relics":[{"not_picked":["Philosopher\u0027s Stone","Runic Dome"],"picked":"Astrolabe"}],"items_purged_floors":[10],"is_endless":false,"potions_floor_spawned":[1,4,11,16,20],"killed_by":"Cultist and Chosen","ascension_level":20}}