{"host":"gfxjwtol062e9znw","time":1612055496,"event":{"mods":["BaseMod","Colored Map","Minty Spire (QoL Compilation)"],"gold_per_floor":[119,133,148,168,182,217,174,174,199,199,210,31,206,206,206,302,302,321,321,337,337,41,41,74,74,74,74,101,101,101],"floor_reached":29,"language":"ENG","playtime":3520,"items_purged":["Strike_G"],"score":365,"play_id":"26fedfdc-16c8-4c24-ad2f-eee6baed9531","local_time":"20210131121136","is_ascension_mode":true,"campfire_choices":[{"floor":8,"key":"REST"},{"floor":10,"key":"REST"},{"floor":15,"key":"REST"},{"floor":23,"key":"REST"},{"floor":25,"key":"REST"}],"circlet_count":0,"master_deck":["Strike_G","Strike_G+1","Strike_G","Strike_G","Defend_G","Defend_G","Defend_G","Defend_G","Defend_G","Survivor","Neutralize","Tools of the Trade+1","Blade Dance","Blade Dance","Endless Agony+1","Dodge and Roll","Flying Knee","Quick Slash","Backstab","Footwork","Deflect","Doubt","Storm of Steel","Backflip","Writhe","Calculated Gamble","Prepared"],"relics":["Ring of the Snake","Happy Flower","Whetstone","Philosopher\u0027s Stone","Potion Belt","CaptainsWheel","Lantern","Shovel","Toy Ornithopter"],"acts_visited":["Exordium","TheCity"],"potions_floor_usage":[6,16,16,16,24,24,28,28],"damage_taken":[{"damage":5,"enemies":"Cultist","floor":1,"turns":5},{"damage":2,"enemies":"Jaw Worm","floor":2,"turns":5},{"damage":0,"enemies":"Small Slimes","floor":3,"turns":3},{"damage":0,"enemies":"3 Louse","floor":4,"turns":4},{"damage":6,"enemies":"Large Slime","floor":5,"turns":8},{"damage":34,"enemies":"3 Sentries","floor":6,"turns":9},{"damage":14,"enemies":"Lots of Slimes","floor":11,"turns":3},{"damage":2,"enemies":"Hexaghost","floor":16,"turns":9},{"damage":0,"enemies":"3 Byrds","floor":18,"turns":5},{"damage":21,"enemies":"Shell Parasite","floor":20,"turns":4},{"damage":34,"enemies":"Slavers","floor":24,"turns":7},{"damage":30,"enemies":"Book of Stabbing","floor":28,"turns":7},{"damage":38,"enemies":"Snecko","floor":29,"turns":6}],"seed_played":"7588708896081140152","potions_obtained":[{"floor":4,"key":"Weak Potion"},{"floor":5,"key":"SpeedPotion"},{"floor":6,"key":"EntropicBrew"},{"floor":11,"key":"SkillPotion"},{"floor":16,"key":"CultistPotion"},{"floor":24,"key":"FearPotion"}],"is_trial":false,"path_per_floor":["M","M","M","M","M","E","?","R","T","R","M","$","?","?","R","B",null,"M","$","M","?","$","R","E","R","T","?","E","M"],"character_chosen":"THE_SILENT","items_purchased":["Footwork","Deflect","CaptainsWheel"],"campfire_rested":5,"item_purchase_floors":[12,12,22],"current_hp_per_floor":[58,56,56,56,50,16,16,37,37,58,44,44,44,44,65,63,68,68,68,47,47,47,68,34,55,55,55,25,0,0],"gold":101,"neow_bonus":"ONE_RANDOM_RARE_CARD","is_daily":false,"chose_seed":false,"campfire_upgraded":0,"win_rate":0.0,"timestamp":1612055496,"path_taken":["M","M","M","M","M","E","?","R","T","R","M","$","?","?","R","BOSS","M","$","?","?","$","R","E","R","T","?","E","M"],"items_purchased_type":["Card","Card","Relic"],"build_version":"2020-12-22","purchased_purges":1,"victory":false,"max_hp_per_floor":[70,70,70,70,70,70,70,70,70,70,70,70,70,70,70,70,70,70,70,70,70,70,70,70,70,70,70,70,70,70],"card_choices":[{"not_picked":["Bane","Poisoned Stab"],"picked":"Blade Dance","floor":1},{"not_picked":["Reflex","Quick Slash"],"picked":"Blade Dance","floor":2},{"not_picked":["Deadly Poison","Bouncing Flask"],"picked":"Endless Agony","floor":3},{"not_picked":["Acrobatics","Tactician"],"picked":"Dodge and Roll","floor":4},{"not_picked":["Well Laid Plans","Blade Dance"],"picked":"Flying Knee","floor":5},{"not_picked":["Poisoned Stab","Noxious Fumes"],"picked":"Quick Slash","floor":6},{"not_picked":["Underhanded Strike","Riddle With Holes"],"picked":"Backstab","floor":11},{"not_picked":["Envenom","Bullet Time"],"picked":"Storm of Steel","floor":16},{"not_picked":["Crippling Poison","Masterful Stab","Footwork"],"picked":"SKIP","floor":18},{"not_picked":["Acrobatics","Poisoned Stab"],"picked":"Backflip","floor":20},{"not_picked":["Footwork","Deflect"],"picked":"Calculated Gamble","floor":24},{"not_picked":["Tools of the Trade","Concentrate"],"picked":"Prepared","floor":28}],"player_experience":53629,"relics_obtained":[{"floor":6,"key":"Happy Flower"},{"floor":9,"key":"Whetstone"},{"floor":24,"key":"Lantern"},{"floor":26,"key":"Shovel"},{"floor":28,"key":"Toy Ornithopter"}],"event_choices":[{"damage_healed":0,"gold_gain":0,"player_choice":"Left Gold","damage_taken":0,"max_hp_gain":0,"max_hp_loss":0,"event_name":"World of Goop","floor":7,"gold_loss":43},{"damage_healed":0,"gold_gain":175,"player_choice":"AGREE","damage_taken":0,"max_hp_gain":0,"max_hp_loss":0,"event_name":"Liars Game","floor":13,"gold_loss":0,"cards_obtained":["Doubt"]},{"damage_healed":0,"gold_gain":0,"player_choice":"Forge","damage_taken":0,"max_hp_gain":0,"max_hp_loss":0,"event_name":"Accursed Blacksmith","floor":14,"gold_loss":0,"cards_upgraded":["Tools of the Trade"]},{"damage_healed":0,"gold_gain":0,"player_choice":"Opened","damage_taken":0,"relics_obtained":["Potion Belt"],"max_hp_gain":0,"max_hp_loss":0,"event_name":"The Mausoleum","floor":21,"gold_loss":0,"cards_obtained":["Writhe"]},{"damage_healed":0,"gold_gain":0,"player_choice":"Ignored","damage_taken":0,"max_hp_gain":0,"max_hp_loss":0,"event_name":"Vampires","floor":27,"gold_loss":0}],"is_beta":false,"boss_relics":[{"not_picked":["Fusion Hammer","Tiny House"],"picked":"Philosopher\u0027s Stone"}],"items_purged_floors":[12],"is_endless":false,"potions_floor_spawned":[4,5,6,11,16,24],"killed_by":"Snecko","ascension_level":8}}