{"host":"tr12w2fixbnujl15","time":1612123211,"event":{"mods":["100% Spire Juice","2.2 Compatiblity","A Penny For Your Troubles","Arknights","BaseMod","Better Skull","Better Vampires","BetterRewards","CapriCore","Clockwork Mod","Colored Powertips","Evolution","Gremlin Skip","Hermit","Hubris","Infinite Spire","JesterMod","Kalas","KinomotoSakuraMod(????)","Koishi","Mad Scientist","Magitek Elite","Mathematician","Minty Spire (QoL Compilation)","Permanent Neow","Quick Restart","Reimu??????","Relic Filter","Remilia_Scarlet Moed?????·?????3.3.5","Replay The Spire","Shop Mod","StSLib","SuperFastMode","The Accelerator","The Bug Knight","The Construct","The Cursed","The Hayseed","The Hierophant","The Immortal","The Mystic","The Necromancer","The Runesmith","The Sage","The Senshi","The Servant 0.9.4","The Spell Scribe","The Vixen","TheFirefly","TheSwordswoman","TheVelvet","Transform Curses","WarShipGirlsR/????R mod","Yakumo Yukari mod","[IsaacMod]????"],"gold_per_floor":[115,125,125,136,146,146,246,246,272,272,285,295,324,399,399,496,496,496,496],"floor_reached":18,"language":"ENG","playtime":335,"items_purged":[],"score":212,"play_id":"3abb144f-5b76-44ac-b44c-75d60a234a51","local_time":"20210131150011","is_ascension_mode":false,"campfire_choices":[{"floor":6,"key":"REST"},{"floor":8,"key":"REST"},{"data":"ats:Mental Burst","floor":10,"key":"SMITH"},{"floor":15,"key":"REST"}],"circlet_count":0,"master_deck":["ats:Leaping Hammer","ats:Leaping Hammer","ats:Leaping Hammer","ats:Strike V+1","ats:Armor Crushing Shot","ats:Defend","ats:Defend","ats:Defend","ats:Defend","ats:Emotion Absorption","EpicFetus","ats:Directed Diagnosis+1","ats:Closed Bolt Burst Fire","ats:Consecutive Shot Auto","ats:Mental Burst+1","ats:Sashimi Platter","Bomb","ats:True Silver Slash","ats:Guard Mode","ats:Wolf Pack"],"relics":["ats:Sanity","EVO:Axolotl","HushsDoor","MoneyPower","NeowsBlessing","Replay:Wax Seal","ats:Originium","SharpPlug","Replay:Grab Bag"],"acts_visited":["Exordium","TheCity"],"potions_floor_usage":[5,11],"damage_taken":[{"damage":0,"enemies":"Cultist","floor":1,"turns":1},{"damage":0,"enemies":"2 Louse","floor":2,"turns":2},{"damage":0,"enemies":"Jaw Worm","floor":4,"turns":1},{"damage":18,"enemies":"Lots of Slimes","floor":5,"turns":3},{"damage":7,"enemies":"Large Slime","floor":11,"turns":4},{"damage":0,"enemies":"Looter","floor":12,"turns":3},{"damage":13,"enemies":"3 Sentries","floor":13,"turns":4},{"damage":0,"enemies":"Slime Boss","floor":16,"turns":4},{"damage":0,"enemies":"Shell Parasite","floor":18,"turns":1}],"seed_played":"1753081751218523771","potions_obtained":[{"floor":4,"key":"Fire Potion"},{"floor":5,"key":"Block Potion"},{"floor":13,"key":"Elixir"},{"floor":16,"key":"Reflective Coating"}],"is_trial":false,"path_per_floor":["M","M","?","M","M","R","?","R","T","R","M","M","E","?","R","B",null,"M"],"character_chosen":"DOCTOR_CLASS","items_purchased":[],"campfire_rested":3,"item_purchase_floors":[],"current_hp_per_floor":[72,72,58,58,40,61,61,72,72,72,65,72,66,59,72,72,72,72,72],"gold":496,"neow_bonus":"THREE_ENEMY_KILL","is_daily":false,"chose_seed":false,"campfire_upgraded":1,"win_rate":0.0,"timestamp":1612123211,"path_taken":["M","?","?","M","M","R","?","R","T","R","M","M","E","?","R","BOSS","M"],"items_purchased_type":[],"build_version":"2020-12-22","purchased_purges":0,"victory":false,"max_hp_per_floor":[72,72,72,72,72,72,72,72,72,72,72,72,72,72,72,72,72,72,72],"card_choices":[{"not_picked":[],"picked":"EpicFetus","floor":0},{"not_picked":["ats:Explosion Area Strengthen","ats:Powerful Strike"],"picked":"ats:Directed Diagnosis","floor":1},{"not_picked":["ats:Powerful Strike","ats:Cat Scratch"],"picked":"ats:Closed Bolt Burst Fire","floor":2},{"not_picked":["ats:Phantom","ats:Poison Spread"],"picked":"ats:Consecutive Shot Auto","floor":4},{"not_picked":["ats:Spore Proliferation","ats:Hook Shot"],"picked":"ats:Mental Burst","floor":5},{"not_picked":["ats:Dogmatic Field","ats:Apocalypse"],"picked":"ats:Sashimi Platter","floor":7},{"not_picked":["ats:Shadow Raid","ats:Thermite Blade"],"picked":"Bomb","floor":11},{"not_picked":["ats:Shell Defense","ats:Sunburst"],"picked":"ats:True Silver Slash","floor":12},{"not_picked":["ats:Assault Order","ats:Flexible Camouflage"],"picked":"ats:Guard Mode","floor":13},{"not_picked":["ats:Echo Reverb","ats:Shadow Assault"],"picked":"ats:Wolf Pack","floor":16}],"player_experience":86482,"relics_obtained":[{"floor":9,"key":"Replay:Wax Seal"},{"floor":13,"key":"ats:Originium"},{"floor":13,"key":"SharpPlug"}],"event_choices":[{"damage_healed":0,"gold_gain":0,"player_choice":"Entered Light","damage_taken":14,"max_hp_gain":0,"max_hp_loss":0,"event_name":"Shining Light","floor":3,"gold_loss":0,"cards_upgraded":["ats:Strike V","ats:Directed Diagnosis"]},{"damage_healed":0,"gold_gain":75,"player_choice":"Touch","damage_taken":7,"max_hp_gain":0,"max_hp_loss":0,"event_name":"FaceTrader","floor":14,"gold_loss":0}],"is_beta":false,"boss_relics":[{"not_picked":["hubris:Backtick","hubris:CrackedHourglass"],"picked":"Replay:Grab Bag"},{"not_picked":[]}],"items_purged_floors":[],"is_endless":false,"potions_floor_spawned":[4,5,13,16],"killed_by":"Shell Parasite","ascension_level":0}}