{"host":"c6u7e77myxvw4d0m","time":1612118540,"event":{"mods":["AchievementEnabler","BaseMod","Bestiary","Colored Map","Colored Powertips","Minty Spire (QoL Compilation)","Rare Cards Sparkle","Relic Stats","everything is the same but u backflip on backflip"],"gold_per_floor":[118,131,148,148,16,46,46,81,133,161,173,197,225,237,249,336,348,371,398,370,204,40,40,56,56,56],"floor_reached":25,"language":"ENG","playtime":1086,"items_purged":["Strike_R","Strike_R"],"score":394,"play_id":"f490d474-5721-46e1-8061-13fe75205a20","local_time":"20210131204220","is_ascension_mode":true,"campfire_choices":[{"data":"Twin Strike","floor":7,"key":"SMITH"},{"floor":11,"key":"REST"},{"data":"Heavy Blade","floor":15,"key":"SMITH"},{"floor":23,"key":"REST"}],"circlet_count":0,"master_deck":["AscendersBane","Strike_R","Strike_R","Strike_R","Defend_R+1","Defend_R","Defend_R","Defend_R+1","Bash","Double Tap+1","Headbutt","Inflame","Twin Strike+1","Pommel Strike","Wild Strike","Spot Weakness","Heavy Blade+1","Berserk","Shrug It Off","Flame Barrier","Feel No Pain","Flame Barrier"],"relics":["Burning Blood","Letter Opener","War Paint","MawBank","Mark of Pain","PreservedInsect"],"acts_visited":["Exordium","TheCity"],"potions_floor_usage":[6,16,24,24],"damage_taken":[{"damage":8.0,"enemies":"Small Slimes","floor":1.0,"turns":4.0},{"damage":12.0,"enemies":"2 Louse","floor":2.0,"turns":3.0},{"damage":9.0,"enemies":"Jaw Worm","floor":3.0,"turns":4.0},{"damage":15,"enemies":"3 Sentries","floor":6,"turns":5},{"damage":32,"enemies":"Gremlin Nob","floor":8,"turns":4},{"damage":23,"enemies":"Exordium Thugs","floor":10,"turns":4},{"damage":11,"enemies":"Looter","floor":12,"turns":2},{"damage":6,"enemies":"Red Slaver","floor":13,"turns":2},{"damage":34,"enemies":"Hexaghost","floor":16,"turns":7},{"damage":36,"enemies":"2 Thieves","floor":18,"turns":4},{"damage":22,"enemies":"Spheric Guardian","floor":19,"turns":4},{"damage":16,"enemies":"Centurion and Healer","floor":24,"turns":7},{"damage":52,"enemies":"Snecko","floor":25,"turns":5}],"seed_played":"8215077178912184226","potions_obtained":[{"floor":1.0,"key":"LiquidBronze"},{"floor":3.0,"key":"SkillPotion"},{"floor":8,"key":"FairyPotion"},{"floor":19,"key":"GamblersBrew"},{"floor":20,"key":"HeartOfIron"}],"is_trial":false,"path_per_floor":["M","M","M","?","$","E","R","E","T","M","R","M","M","?","R","B",null,"M","M","?","$","$","R","M","M"],"character_chosen":"IRONCLAD","items_purchased":["Pommel Strike","Feel No Pain","PreservedInsect"],"campfire_rested":2,"item_purchase_floors":[5,21,22],"current_hp_per_floor":[66,60,57,57,57,48,48,22,22,28,50,45,45,45,45,17,61,31,15,15,15,15,37,27,0,0],"gold":56,"neow_bonus":"ONE_RANDOM_RARE_CARD","is_daily":false,"chose_seed":false,"campfire_upgraded":2,"win_rate":0.0,"timestamp":1612118540,"path_taken":["M","M","M","?","$","E","R","E","T","M","R","M","M","?","R","BOSS","M","M","?","?","$","R","M","M"],"items_purchased_type":["Card","Card","Relic"],"build_version":"2020-12-22","purchased_purges":2,"victory":false,"max_hp_per_floor":[75,75,75,75,75,75,75,75,75,75,75,75,75,75,75,75,75,75,75,75,75,75,75,75,75,75],"relic_stats":{"counters":[13,55],"PreservedInsect":0,"Letter Opener":[4],"War Paint":["Defend_R","Defend_R"],"MawBank":144,"obtain_stats":[{"Mark of Pain":17,"PreservedInsect":22,"Letter Opener":6,"War Paint":8,"MawBank":9,"Burning Blood":0},{"Mark of Pain":9,"PreservedInsect":11,"Letter Opener":4,"War Paint":5,"MawBank":5,"Burning Blood":0},{"Mark of Pain":35,"PreservedInsect":43,"Letter Opener":16,"War Paint":20,"MawBank":20,"Burning Blood":0}],"Burning Blood":72},"card_choices":[{"not_picked":["Dark Embrace","True Grit"],"picked":"Headbutt","floor":1.0},{"not_picked":["Heavy Blade","Dark Embrace"],"picked":"Inflame","floor":2.0},{"not_picked":["Armaments","Warcry"],"picked":"Twin Strike","floor":3.0},{"not_picked":["Bloodletting","Metallicize"],"picked":"Wild Strike","floor":6},{"not_picked":["Heavy Blade","Anger"],"picked":"Spot Weakness","floor":8},{"not_picked":["Reckless Charge","Limit Break"],"picked":"Heavy Blade","floor":10},{"not_picked":["Iron Wave","Pommel Strike","Havoc"],"picked":"SKIP","floor":12},{"not_picked":["Sword Boomerang","Brutality","Perfected Strike"],"picked":"SKIP","floor":13},{"not_picked":["Double Tap","Exhume"],"picked":"Berserk","floor":16},{"not_picked":["Body Slam","Perfected Strike"],"picked":"Shrug It Off","floor":18},{"not_picked":["Evolve","Flex"],"picked":"Flame Barrier","floor":19},{"not_picked":["Wild Strike","Spot Weakness"],"picked":"Flame Barrier","floor":24}],"player_experience":578196,"relics_obtained":[{"floor":6,"key":"Letter Opener"},{"floor":8,"key":"War Paint"},{"floor":9,"key":"MawBank"}],"event_choices":[{"damage_healed":0.0,"max_hp_gain":0.0,"max_hp_loss":0.0,"gold_gain":0.0,"event_name":"Living Wall","player_choice":"Grow","floor":4.0,"gold_loss":0.0,"damage_taken":0.0,"cards_upgraded":["Double Tap"]},{"damage_healed":0,"gold_gain":0,"player_choice":"Ignored","damage_taken":0,"max_hp_gain":0,"max_hp_loss":0,"event_name":"Liars Game","floor":14,"gold_loss":0},{"damage_healed":0,"gold_gain":0,"player_choice":"Bought 3 Potions","damage_taken":0,"max_hp_gain":0,"max_hp_loss":0,"event_name":"The Woman in Blue","floor":20,"gold_loss":0}],"is_beta":false,"boss_relics":[{"not_picked":["Tiny House","Astrolabe"],"picked":"Mark of Pain"}],"items_purged_floors":[5,21],"is_endless":false,"potions_floor_spawned":[1,3,8,19],"killed_by":"Snecko","ascension_level":17}}