{"host":"71m6b5pyuze2esq2","time":1612054851,"event":{"mods":["2.2 Compatiblity","A Penny For Your Troubles","AchievementEnabler","Act Like it!","Aspiration","Astrologer","BaseMod","Better Debug","Better Note","Better Sensory Stone","Better Third Choice","CapriCore","Chat Monstrosity","Colored Powertips","Conjunction","Conspire","Defective Defect","Dota2Spire","Downfall","EXCEPTION","Ekko","Elementarium","Energized Spire","Friendly Minions","Gensokyo","GifTheSpireLib","Googly Eyes","Halation","Hallownest","Hermit","HexUI Lib","HololiveMod","Hubris","Infinite Spire","Ironclad Rager","Jedi Mod","Jess\u0027s Bottle","Mad Scientist","Marisa（霧雨　魔理沙）","Melee Mod","Menagerie","Mimic Mod","Minty Spire (QoL Compilation)","Morshu Shopkeeper","Permanent Neow","Poor People Problems","Quarter Circle Forward PUNCH!","Random Character Button","Rare Cards Sparkle","RatMod","Reliquary","Replay The Spire","Robot Space Explorer","Ryuuou龙王","Shade Mod","Shedinja","Shop Mod","Small Relic Pack","Somnambulant","Spicy Shops","Spikes Relics","Spire Arcade","StS++","StSLib","The Animator","The Blackbeard","The Bladedancer","The Blue Laboratory","The Bug Knight","The Construct","The Cursed","The Dragon Tamer","The Edgeheg","The Elementalist","The Gatherer","The Hayseed","The Hierophant","The Immortal","The Mystic","The Necromancer","The Poker Player","The Runesmith","The Servant 0.9.4","The Valiant","The Wild Card","TheFirefly","Trackpad","Uncapped","Useless Jewels Mod","Virulent Crown","Waifu the Spire","Wandering Minibosses","WarShipGirlsR/战舰少女R mod","Wide Potions","egg","everything is the same but u backflip on backflip","slay the spire mod where everything is the same but ironclad has a cowboy hat"],"gold_per_floor":[14,14,25,20,39,39,39,39,62,73,73,73,87,102,102,207,207,220,220,231,63,78,78,97,97,97,109,129,147,197,224,224,319,319,332,332,22,67,85,85,10,21,48,48,59,86,86,86,86,99,99,99],"floor_reached":53,"language":"ENG","playtime":5598,"items_purged":["hubris:Disease","Hallownest:curseDreamersLament"],"score":901,"play_id":"828f5677-a45f-4c99-afa9-7c94b85504a4","local_time":"20210130190051","is_ascension_mode":false,"campfire_choices":[{"data":"Bash","floor":6,"key":"SMITH"},{"floor":8,"key":"RECALL"},{"floor":23,"key":"REST"},{"data":"Absolvement","floor":32,"key":"SMITH"},{"data":"Bandage Up","floor":40,"key":"SMITH"},{"data":"Thunderclap","floor":44,"key":"SMITH"}],"circlet_count":0,"master_deck":["Bash+1","Twin Strike","Twin Strike","Twin Strike","Twin Strike","Twin Strike","Iron Wave","Iron Wave","Iron Wave","Iron Wave","Shrug It Off","Clothesline","hubris:Sloth","Intimidate","Writhe","ReplayTheSpireMod:Strike From Hell","Thunderclap","Armaments","Shrug It Off","Demon Form","infinitespire:NeuralNetwork","Cleave","Absolvement+1","Havoc","Replay:Undeath\u0027s Touch+1","jedi:collectorstrike","Bandage Up+1","Replay:Hysterical Blindness","Intolerance","Gensokyo:AllTheWorldsEvil","Panacea","True Grit","Warcry+1","Thunderclap+1","Thunderclap+1","Feed","Anger","Defy Death"],"relics":["Burning Blood","ReplayTheSpireMod:CursedCoin","halation:LostSnail","trackpad:IceCube","aspiration:DSix","Hallownest:TeacherSealRelic","energizedSpire:DeadBattery","ReplayTheSpireMod:Spearhead","hubris:Backtick","Dead Branch","hubris:BlackHole","Pondfish Scales","qcfpunch:Duffel_Bag","Elementarium:ElementariumTrophy","Replay:Ancient Bell","Runesmith:AutoHammer","trackpad:DisasterInABottle","Du-Vu Doll","relicPack:OneForAll","reliquary:BrokenClock","rat:BigChungusPlushie","Bag of Preparation","Dota2Spire:DrumOfEndurance","halation:IllGainedPizza","conspire:DecoderRing","trackpad:RapidFire"],"acts_visited":["Hallownest:Greenpath","Elementarium:Elementarium","Gensokyo:Gensokyoest"],"potions_floor_usage":[22,22,24,33],"damage_taken":[{"damage":1,"enemies":"2_ Uuma","floor":1,"turns":3},{"damage":0,"enemies":"Hallownest:monsterHuskGuard","floor":3,"turns":3},{"damage":0,"enemies":"Hallownest:2_Baldur","floor":5,"turns":5},{"damage":7,"enemies":"Hallownest:monsterMossCharger","floor":10,"turns":6},{"damage":0,"enemies":"Hallownest:monsterAspidMother","floor":11,"turns":4},{"damage":20,"enemies":"Hallownest:2_Tiktiks_1_Baldur_1_Crawlid","floor":13,"turns":7},{"damage":12,"enemies":"Hallownest:MossCreep_and_Mosskin","floor":14,"turns":5},{"damage":54,"enemies":"Hallownest:BossHornet","floor":16,"turns":13},{"damage":22,"enemies":"Elementarium:VoidCorruption","floor":18,"turns":7},{"damage":11,"enemies":"Elementarium:2_ELEMENTALS","floor":20,"turns":5},{"damage":20,"enemies":"Elementarium:STONE_GOLEMS","floor":22,"turns":6},{"damage":32,"enemies":"Elementarium:VoidBeast","floor":24,"turns":6},{"damage":4,"enemies":"Elementarium:RubyGolem","floor":27,"turns":2},{"damage":0,"enemies":"Elementarium:CYCLONE_AND_LIVING_STORMCLOUD","floor":28,"turns":1},{"damage":0,"enemies":"Elementarium:Hydrostalker","floor":29,"turns":1},{"damage":0,"enemies":"Elementarium:ElementalPortal","floor":31,"turns":2},{"damage":0,"enemies":"Elementarium:GolemEmperor","floor":33,"turns":1},{"damage":0,"enemies":"Gensokyo:3_Bats","floor":35,"turns":1},{"damage":0,"enemies":"Gensokyo:AncientGuardian","floor":39,"turns":1},{"damage":0,"enemies":"Gensokyo:Sharpion","floor":42,"turns":1},{"damage":0,"enemies":"Gensokyo:AtlasGolem","floor":45,"turns":1},{"damage":0,"enemies":"Nightmare","floor":46,"turns":1},{"damage":2,"enemies":"Gensokyo:Rafflesia","floor":50,"turns":1},{"damage":0,"enemies":"Gensokyo:Scarlet_Devils","floor":52,"turns":1}],"seed_played":"-6366288337541145377","potions_obtained":[{"floor":5,"key":"ElixirPotion"},{"floor":10,"key":"Reflective Coating"},{"floor":16,"key":"BlessingOfTheForge"},{"floor":20,"key":"Languid Potion"},{"floor":22,"key":"blueLaboratory:AbyssPotion"},{"floor":28,"key":"blueLaboratory:EnragingPotion"},{"floor":31,"key":"SteroidPotion"},{"floor":33,"key":"blueLaboratory:SmithPotion"},{"floor":42,"key":"infinitespire:BlackPotion"},{"floor":46,"key":"blueLaboratory:Moonshine"}],"is_trial":false,"path_per_floor":["M","?","M","$","M","R","?","R","T","M","M","T","M","M","R","B",null,"M","AVR","M","$","M","R","M","?","T","M","M","M","?","E","R","B",null,"M","?","COS","T","M","R","$","M","T","R","M","NM","T","PTL","PTL","M","R","B",null],"character_chosen":"IRONCLAD","items_purchased":["ReplayTheSpireMod:CursedCoin","halation:LostSnail","Absolvement","Thunderclap"],"campfire_rested":1,"item_purchase_floors":[4,4,21,41],"current_hp_per_floor":[56,63,69,69,72,72,81,81,81,80,81,81,67,61,61,13,81,65,65,60,60,46,70,44,44,44,46,52,58,58,61,61,61,61,61,61,61,61,61,61,61,61,61,61,61,61,61,61,61,61,61,61],"gold":99,"neow_bonus":"IRONCLAD_BERSERKER","is_daily":false,"chose_seed":false,"campfire_upgraded":4,"win_rate":0.0,"timestamp":1612054851,"path_taken":["M","?","?","$","M","R","?","R","T","M","?","?","?","M","R","BOSS","M","AVR","M","$","M","R","M","?","T","M","M","?","?","E","R","BOSS","M","?","COS","?","?","R","?","M","T","R","M","NM","?","PTL","PTL","M","R","BOSS"],"items_purchased_type":["Relic","Relic","Card","Card"],"build_version":"2020-12-22","purchased_purges":2,"victory":true,"max_hp_per_floor":[72,72,72,72,72,72,81,81,81,81,81,81,81,81,81,81,81,81,81,81,81,81,81,81,61,61,61,61,61,61,61,61,61,61,61,61,61,61,61,61,61,61,61,61,61,61,61,61,61,61,61,61],"card_choices":[{"not_picked":["Defy Death","Perfected Strike"],"picked":"Shrug It Off","floor":1},{"not_picked":["StSpp:Sprint","Anger"],"picked":"Clothesline","floor":3},{"not_picked":["hubris:ReadiedAction","Shrug It Off"],"picked":"Intimidate","floor":5},{"not_picked":["StSpp:Sprint","jedi:fear"],"picked":"ReplayTheSpireMod:Strike From Hell","floor":10},{"not_picked":["Uppercut","Infernal Blade"],"picked":"Thunderclap","floor":11},{"not_picked":["jedi:hate","Body Slam"],"picked":"Armaments","floor":13},{"not_picked":["Uppercut","Headbutt"],"picked":"Shrug It Off","floor":14},{"not_picked":["conspire:HitWhereItHurts","Feed"],"picked":"Demon Form","floor":16},{"not_picked":["Shrug It Off+1","Warcry+1"],"picked":"Hemokinesis+1","floor":18},{"not_picked":["Heavy Blade","Body Slam"],"picked":"Cleave","floor":20},{"not_picked":["True Grit+1","Second Wind+1"],"picked":"Havoc","floor":22},{"not_picked":["Clash","Headbutt"],"picked":"Replay:Undeath\u0027s Touch+1","floor":24},{"not_picked":["StSpp:Sprint","hubris:StunningStrike"],"picked":"jedi:collectorstrike","floor":27},{"not_picked":["Sword Boomerang","Twin Strike"],"picked":"jedi:collectorstrike","floor":28},{"not_picked":["Shrug It Off","Power Through"],"picked":"jedi:collectorstrike","floor":29},{"not_picked":["Berserk","Burning Pact"],"picked":"jedi:collectorstrike","floor":31},{"not_picked":[],"picked":"Bandage Up","floor":33},{"not_picked":["Berserk","Barricade"],"picked":"jedi:collectorstrike","floor":33},{"not_picked":["Delirium","infinitespire:Pacifist"],"picked":"Replay:Hysterical Blindness","floor":34},{"not_picked":["TheSimpletonMod:Frostbite","Regret"],"picked":"Intolerance","floor":34},{"not_picked":["CloudedMind","downfall:Bewildered"],"picked":"Gensokyo:AllTheWorldsEvil","floor":34},{"not_picked":[],"picked":"Panacea","floor":35},{"not_picked":["jedi:collectorstrike","infinitespire:OneForAll"],"picked":"True Grit","floor":35},{"not_picked":["jedi:collectorstrike","Headbutt"],"picked":"Warcry+1","floor":39},{"not_picked":["jedi:collectorstrike","Anger"],"picked":"Thunderclap+1","floor":42},{"not_picked":["Pommel Strike","jedi:collectorstrike"],"picked":"Feed","floor":45},{"not_picked":["True Grit","Hemokinesis"],"picked":"jedi:collectorstrike","floor":46},{"not_picked":["Offering","Fire Breathing"],"picked":"Anger","floor":50}],"player_experience":531787,"relics_obtained":[{"floor":9,"key":"trackpad:IceCube"},{"floor":12,"key":"aspiration:DSix"},{"floor":26,"key":"Pondfish Scales"},{"floor":31,"key":"qcfpunch:Duffel_Bag"},{"floor":39,"key":"Bag of Preparation"},{"floor":42,"key":"Dota2Spire:DrumOfEndurance"},{"floor":43,"key":"halation:IllGainedPizza"},{"floor":46,"key":"conspire:DecoderRing"},{"floor":47,"key":"trackpad:RapidFire"}],"event_choices":[],"is_beta":false,"boss_relics":[{"not_picked":["bronze:MakeshiftBattery","Hololive_ChaosS"],"picked":"energizedSpire:DeadBattery"},{"not_picked":["relicPack:ShieldShield","aspiration:MobileForge"],"picked":"Replay:Ancient Bell"},{"not_picked":["Bronze Scales","rat:KircheisShard"],"picked":"Runesmith:AutoHammer"},{"not_picked":["Replay:Accelerometer","hubris:DeckOfHolding"],"picked":"trackpad:DisasterInABottle"},{"not_picked":["StSpp:GiftCard","StoneCalendar"],"picked":"Du-Vu Doll"}],"items_purged_floors":[4,21],"is_endless":false,"potions_floor_spawned":[5,10,16,18,20,22,28,31,33,42,46],"ascension_level":0}}