{"host":"zr590xw2unlz0wv7","time":1612089409,"event":{"mods":["BaseMod","Minty Spire (QoL Compilation)","READ ME - Guardian Mod","StSLib"],"gold_per_floor":[110,110,35,35,210,210,210,210,210,230,117,133,177,201,201,201,201],"floor_reached":16,"language":"ZHS","playtime":327,"items_purged":["Strike_B"],"score":123,"play_id":"a0c35b35-42c5-453e-a137-a9a7937be2be","local_time":"20210131183649","is_ascension_mode":true,"campfire_choices":[{"data":"Zap","floor":6,"key":"SMITH"},{"floor":8,"key":"DIG"},{"floor":15,"key":"REST"}],"circlet_count":0,"master_deck":["Strike_B","Strike_B","Defend_B","Defend_B","Defend_B","Defend_B","Zap+1","Dualcast","Gash","Injury","Doubt","Amplify","Conserve Battery"],"relics":["Cracked Core","Golden Idol","Shovel","Matryoshka","Letter Opener","Pantograph","Eternal Feather"],"acts_visited":["Exordium"],"potions_floor_usage":[],"damage_taken":[{"damage":3,"enemies":"Jaw Worm","floor":1,"turns":4},{"damage":8,"enemies":"Small Slimes","floor":10,"turns":2},{"damage":0,"enemies":"2 Louse","floor":12,"turns":2},{"damage":36,"enemies":"Lagavulin","floor":13,"turns":8},{"damage":6,"enemies":"Exordium Thugs","floor":14,"turns":4},{"damage":50,"enemies":"Hexaghost","floor":16,"turns":9}],"seed_played":"5469378548810744500","potions_obtained":[],"is_trial":false,"path_per_floor":["M","?","$","?","?","R","?","R","T","M","?","M","E","M","R","B"],"character_chosen":"DEFECT","items_purchased":[],"campfire_rested":1,"item_purchase_floors":[],"current_hp_per_floor":[72,65,65,65,65,65,62,62,62,54,54,54,18,12,40,15,15],"gold":201,"neow_bonus":"THREE_CARDS","is_daily":false,"chose_seed":false,"campfire_upgraded":1,"win_rate":0.0,"timestamp":1612089409,"path_taken":["M","?","$","?","?","R","?","R","T","M","?","M","E","M","R","BOSS"],"items_purchased_type":[],"build_version":"2020-12-22","purchased_purges":1,"victory":false,"max_hp_per_floor":[75,75,75,75,75,75,75,75,75,75,75,75,75,75,75,75,75],"card_choices":[{"not_picked":["White Noise","Cold Snap"],"picked":"Gash","floor":0.0},{"not_picked":["Ball Lightning","Cold Snap","Go for the Eyes"],"picked":"SKIP","floor":1},{"not_picked":["Beam Cell","BootSequence","Heatsinks"],"picked":"SKIP","floor":10},{"not_picked":["Rebound","Sweeping Beam"],"picked":"Amplify","floor":12},{"not_picked":["Hologram","Cold Snap","Consume"],"picked":"SKIP","floor":13},{"not_picked":["Turbo","Recycle"],"picked":"Conserve Battery","floor":14}],"player_experience":547337,"relics_obtained":[{"floor":8,"key":"Matryoshka"},{"floor":9,"key":"Letter Opener"},{"floor":13,"key":"Eternal Feather"}],"event_choices":[{"cards_removed":["Strike_B"],"damage_healed":0,"gold_gain":0,"player_choice":"Card Removal","damage_taken":7,"max_hp_gain":0,"max_hp_loss":0,"event_name":"Golden Wing","floor":2,"gold_loss":0},{"damage_healed":0,"gold_gain":0,"player_choice":"Take Wound","damage_taken":0,"relics_obtained":["Golden Idol"],"max_hp_gain":0,"max_hp_loss":0,"event_name":"Golden Idol","floor":4,"gold_loss":0,"cards_obtained":["Injury"]},{"damage_healed":0,"gold_gain":175,"player_choice":"AGREE","damage_taken":0,"max_hp_gain":0,"max_hp_loss":0,"event_name":"Liars Game","floor":5,"gold_loss":0,"cards_obtained":["Doubt"]},{"damage_healed":0,"gold_gain":0,"player_choice":"Success","damage_taken":3,"relics_obtained":["Shovel"],"max_hp_gain":0,"max_hp_loss":0,"event_name":"Scrap Ooze","floor":7,"gold_loss":0},{"damage_healed":0,"gold_gain":0,"player_choice":"Paid Gold","damage_taken":0,"relics_obtained":["Pantograph"],"max_hp_gain":0,"max_hp_loss":0,"event_name":"WeMeetAgain","floor":11,"gold_loss":113}],"is_beta":false,"boss_relics":[],"items_purged_floors":[3],"is_endless":false,"potions_floor_spawned":[],"killed_by":"Hexaghost","ascension_level":5}}