{"host":"hqxy2g3i5ker09hc","time":1612060335,"event":{"mods":["2.2 Compatiblity","AlwaysNeverKeys","Aspiration","BaseMod","Beaked The Cultist","Better Match","Better Note","Better Sensory Stone","Better Silent Start","Better Third Choice","Better-Laid Plans","CCEM2","CatGirl Mod","Chen","Conspire","Downfall","Fireblade Mod","GifTheSpireLib","Gold Saver","Hubris","Ironclad Rager","Jorbs\u0027s Wanderer Trilogy","Magitek Elite","Minty Spire (QoL Compilation)","MostiFishMod","Permanent Neow","Prisma Mod","Quarter Circle Forward PUNCH!","Quick Restart","Replay The Spire","Shop Mod","Small Relic Pack","Spikes Relics","StSLib","Stuff the Spire","The Animator","The Bug Knight","The Forsaken","The Wild Card"],"gold_per_floor":[1012,962,1137,1137,621,621,640,679,705,718,209,222,242,276,276,379,379,396,321,32,32,60,60,110,110,135,135,135,135,135,135,145,145,145,242,242,260,13,33,33,133,133,147,147,147,147,147,147,159,185,185,185,185,185,35,70,95],"floor_reached":58,"language":"ENG","playtime":4545,"items_purged":["PrismaMod:MiyuCommonAttack","Doubt","downfall:Malfunctioning","Regret"],"score":1282,"play_id":"868d1552-f09a-4a35-9457-60a83108c14b","local_time":"20210131033215","is_ascension_mode":false,"campfire_choices":[{"data":"PrismaMod:MiyuUncommonDexBuff","floor":6.0,"key":"SMITH"},{"floor":15.0,"key":"DIG"},{"data":"PrismaMod:MiyuUncommonDexBuff","floor":23.0,"key":"SMITH"},{"data":"PrismaMod:MiyuCheapChannelDefend","floor":27.0,"key":"SMITH"},{"data":"PrismaMod:MiyuUncommonStrBuff","floor":30.0,"key":"SMITH"},{"data":"PrismaMod:MiyuCheapChannelAttack","floor":42,"key":"SMITH"},{"data":"hexamod:ThermalTransfer","floor":44,"key":"SMITH"},{"data":"PrismaMod:MiyuMaid","floor":46,"key":"SMITH"},{"floor":51,"key":"REST"},{"data":"StuffTheSpire:BrainWave","floor":54,"key":"SMITH"}],"circlet_count":0,"master_deck":["PrismaMod:MiyuCommonDefend","PrismaMod:MiyuCommonDefend+1","PrismaMod:MiyuCommonDefend+1","PrismaMod:MiyuCommonAttack","PrismaMod:MiyuCommonAttack","PrismaMod:MiyuCommonAttack","PrismaMod:MiyuCommonAttack","PrismaMod:MiyuCheapChannelAttack+1","PrismaMod:MiyuCheapChannelDefend+1","PrismaMod:MiyuMaid+1","Dramatic Entrance","PrismaMod:MiyuUncommonDexBuff+1","Deadly Poison","Chrysalis+1","Poisoned Stab","PrismaMod:MiyuUberAttack","Poisoned Stab","PrismaMod:MiyuUberAOEAttack","PrismaMod:MiyuUberAOEAttack","PrismaMod:MiyuUncommonDexBuff+1","PrismaMod:MiyuCarnivalDefend+1","PrismaMod:MiyuEvokeAll+1","PrismaMod:MiyuDefendChannelDefend+1","Phantasmal Killer+1","hexamod:WildfireWeapon+1","Bane","PrismaMod:MiyuUncommonStrBuff+1","hexamod:ThermalTransfer+1","Envenom+1","PrismaMod:MiyuChristmas+1","CurseOfTheBell","CurseOfTheBell","PrismaMod:MiyuCheapEvoke+1","StuffTheSpire:BrainWave+1","hexamod:VolcanoVisage+1","hexamod:RainOfEmbers+1","PrismaMod:MiyuUberAttack+1"],"relics":["PrismaMod:PrismaSapphire","DaveBox","aspiration:Nostalgia","m_HexaRing","SynthV","SynthV:TestCard","War Paint","CCEMRelics:TeddyBear","PreservedInsect","Golden Egg","ClockworkSouvenir","qcfpunch:Wrestler\u0027s_Cloak","Angel_Ring","Ring of Chaos","ReplayTheSpireMod:CursedCoin","Bird Faced Urn","Red Mask","StrikeDummy","Dream Catcher","StuffTheSpire:ForceGauntlet","aspiration:RitualStick","CCEMRelics:WrappedPresent","Ribbon","downfall:ExtraCursedBell","aspiration:EmptySkull","Replay:Accelerometer","qcfpunch:Combat_Fatigues","Replay:Kaleidoscope","Gremlin Food","ReplayTheSpireMod:Ninjato"],"acts_visited":["Exordium","TheCity","TheBeyond","TheEnding"],"potions_floor_usage":[52,52,56],"damage_taken":[{"damage":0.0,"enemies":"Jaw Worm","floor":1.0,"turns":6.0},{"damage":0.0,"enemies":"2 Louse","floor":7.0,"turns":1.0},{"damage":0.0,"enemies":"Lagavulin","floor":8.0,"turns":5.0},{"damage":0.0,"enemies":"Cultist","floor":10.0,"turns":2.0},{"damage":2.0,"enemies":"Large Slime","floor":12.0,"turns":5.0},{"damage":6.0,"enemies":"Red Slaver","floor":13.0,"turns":4.0},{"damage":0.0,"enemies":"Gremlin Nob","floor":14.0,"turns":3.0},{"damage":22.0,"enemies":"Fading Forest","floor":16.0,"turns":11.0},{"damage":0.0,"enemies":"Spheric Guardian","floor":18.0,"turns":5.0},{"damage":6.0,"enemies":"Masked Bandits","floor":22.0,"turns":3.0},{"damage":21.0,"enemies":"Book of Stabbing","floor":24.0,"turns":4.0},{"damage":0.0,"enemies":"Chosen","floor":32.0,"turns":4.0},{"damage":32.0,"enemies":"Automaton","floor":35.0,"turns":7.0},{"damage":9.0,"enemies":"3 Shapes","floor":37.0,"turns":4.0},{"damage":7.0,"enemies":"Orb Walker","floor":39.0,"turns":4.0},{"damage":26,"enemies":"Jaw Worm Horde","floor":43,"turns":3},{"damage":22,"enemies":"Sphere and 2 Shapes","floor":49,"turns":3},{"damage":13,"enemies":"Reptomancer","floor":50,"turns":5},{"damage":66,"enemies":"Awakened One","floor":52,"turns":9},{"damage":53,"enemies":"Shield and Spear","floor":56,"turns":3},{"damage":87,"enemies":"The Heart","floor":57,"turns":10}],"seed_played":"2175999019680484269","potions_obtained":[{"floor":1.0,"key":"ColorlessPotion"},{"floor":10.0,"key":"EssenceOfSteel"},{"floor":14.0,"key":"Fire Potion"},{"floor":22.0,"key":"SpeedPotion"},{"floor":24.0,"key":"Cursed Concoction"},{"floor":32.0,"key":"conspire:TimeTravelPotion"},{"floor":39.0,"key":"PowerPotion"},{"floor":43,"key":"Adrenaline Potion"},{"floor":50,"key":"Flashbang"}],"is_trial":false,"path_per_floor":["M","?","?","?","$","R","M","E","T","M","$","M","M","E","R","B",null,"M","?","$","?","?","R","E","$","T","R","PTL","PTL","R","?","M","T","R","B",null,"M","$","M","?","?","R","M","R","T","R","$","?","M","E","R","B",null,"R","$","E","B",null],"character_chosen":"MIYU","items_purchased":["PrismaMod:MiyuUncommonDexBuff","Deadly Poison","Chrysalis","War Paint","Golden Egg","ClockworkSouvenir","ReplayTheSpireMod:CursedCoin","Bird Faced Urn","CCEMRelics:WrappedPresent"],"campfire_rested":1,"item_purchase_floors":[5,5,5,5,11,11,20,20,38],"current_hp_per_floor":[72,72,72,72,72,72,72,72,72,72,72,72,70,72,72,50,72,72,72,72,72,66,66,47,47,47,47,47,47,47,47,59,59,45,23,72,63,73,72,72,72,72,53,53,53,53,53,53,43,44,65,23,70,70,70,70,20],"gold":95,"neow_bonus":"NOSTALGIA","is_daily":false,"chose_seed":false,"campfire_upgraded":8,"win_rate":0.0,"timestamp":1612060335,"path_taken":["M","?","?","?","$","R","M","E","T","M","$","M","?","E","R","BOSS","M","?","$","?","?","R","E","$","T","R","PTL","PTL","R","?","M","?","R","BOSS","M","$","M","?","?","R","M","R","T","R","$","?","M","E","R","BOSS","R","$","E","BOSS"],"items_purchased_type":["Card","Card","Card","Relic","Relic","Relic","Relic","Relic","Relic"],"build_version":"2020-12-22","purchased_purges":4,"victory":true,"max_hp_per_floor":[72,72,72,72,72,72,72,72,72,72,72,72,72,72,72,72,72,72,72,72,72,72,72,72,72,72,72,72,72,72,72,72,72,72,72,72,72,77,77,77,77,77,77,77,77,77,77,70,70,70,70,70,70,70,70,70,70],"card_choices":[{"not_picked":["PrismaMod:MiyuCheapChannelHeal","PrismaMod:MiyuCheapAttack1"],"picked":"PrismaMod:MiyuMaid","floor":1.0},{"not_picked":["StuffTheSpire:PlasmaPunch","MostiFishMod:OneDayCity","hubris:Ssssneak","Blind"],"picked":"Dramatic Entrance","floor":4.0},{"not_picked":["PrismaMod:MiyuEvokeBuffStr","PrismaMod:MiyuCheapChannelVul","hexamod:BurningTouch","hexamod:FlamesFromBeyond"],"picked":"Poisoned Stab","floor":7.0},{"not_picked":["PrismaMod:MiyuAttackChannelAttack","PrismaMod:MiyuCheapChannelWeak","PrismaMod:MiyuMaid","PrismaMod:MiyuEvokeCheapAttack"],"picked":"PrismaMod:MiyuUberAttack","floor":8.0},{"not_picked":["PrismaMod:MiyuBride","PrismaMod:MiyuCommonAOEAttack","PrismaMod:MiyuCheapEvoke","hexamod:FlamesFromBeyond"],"picked":"Poisoned Stab","floor":10.0},{"not_picked":["PrismaMod:MiyuCommonAOEAttack","hexamod:ExtraCrispy","PrismaMod:MiyuCheapAttack2","PrismaMod:MiyuEvokeBuffStr"],"picked":"PrismaMod:MiyuUberAOEAttack","floor":12.0},{"not_picked":["PrismaMod:MiyuCheapChannelVul","Deadly Poison","PrismaMod:MiyuCheapEvoke","hexamod:BurningTouch"],"picked":"PrismaMod:MiyuUberAOEAttack","floor":13.0},{"not_picked":["PrismaMod:MiyuChristmas","hexamod:FlamesFromBeyond","PrismaMod:MiyuUncommonAttack","PrismaMod:MiyuMaid"],"picked":"PrismaMod:MiyuUncommonDexBuff","floor":14.0},{"not_picked":["Wraith Form v2","PrismaMod:MiyuEvokeAllDefend","PrismaMod:MiyuCheapDefend2","hexamod:WildfireWeapon"],"picked":"PrismaMod:MiyuCarnivalDefend","floor":16.0},{"not_picked":["PrismaMod:MiyuCheapChannelWeak+1","PrismaMod:MiyuCheapAttack1","PrismaMod:MiyuCheapAttack2","PrismaMod:MiyuCheapDefend1"],"picked":"PrismaMod:MiyuEvokeAll+1","floor":18.0},{"not_picked":["PrismaMod:MiyuChannelDefendEvoke+1","Corpse Explosion+1","PrismaMod:MiyuUberDefend+1","Envenom+1"],"picked":"PrismaMod:MiyuDefendChannelDefend+1","floor":19.0},{"not_picked":["PrismaMod:MiyuChannelAttackEvoke+1","PrismaMod:MiyuDefenseAbsorbMinor+1","PrismaMod:MiyuCheapDefend2+1","PrismaMod:MiyuCarnivalDefend+1"],"picked":"Phantasmal Killer+1","floor":19.0},{"not_picked":["PrismaMod:MiyuCarnivalDefend+1","PrismaMod:MiyuChannelAttackEvoke+1","Corpse Explosion+1","Wraith Form v2+1"],"picked":"hexamod:WildfireWeapon+1","floor":19.0},{"not_picked":["hexamod:BurningTouch","PrismaMod:MiyuCheapAttack1","PrismaMod:MiyuEvokeAllDefend","PrismaMod:MiyuUberAOEAttack"],"picked":"Bane","floor":22.0},{"not_picked":["PrismaMod:MiyuCheapChannelVul","Crippling Poison","PrismaMod:MiyuAttackChannelVul","PrismaMod:MiyuEvokeBuffStr"],"picked":"PrismaMod:MiyuUncommonStrBuff","floor":24.0},{"not_picked":["PrismaMod:MiyuEvokeBuffDex","PrismaMod:MiyuCheapChannelAttack+1","PrismaMod:MiyuCheapChannelRandom","PrismaMod:MiyuCheapChannelVul+1"],"picked":"hexamod:ThermalTransfer","floor":32.0},{"not_picked":["PrismaMod:MiyuUberDefend","Burst","hexamod:VolcanoVisage","PrismaMod:MiyuDefenseAbsorbMinor"],"picked":"Envenom","floor":35.0},{"not_picked":["PrismaMod:MiyuUncommonAttack","PrismaMod:MiyuCheapChannelWeak+1","PrismaMod:MiyuUncommonPlate","PrismaMod:MiyuAttackChannelVul+1","PrismaMod:MiyuEvokeBuffDex+1"],"picked":"SKIP","floor":37.0},{"not_picked":["PrismaMod:MiyuEvokeBuffStr+1","PrismaMod:MiyuCheapAttack1+1","PrismaMod:MiyuDefenseExplosion","PrismaMod:MiyuEvokeAll"],"picked":"PrismaMod:MiyuChristmas+1","floor":39.0},{"not_picked":["PrismaMod:MiyuUberAOEAttack+1","hexamod:WildfireWeapon","PrismaMod:MiyuUberAttack+1","PrismaMod:MiyuCheapStrBuff+1"],"picked":"PrismaMod:MiyuCheapEvoke+1","floor":43},{"not_picked":["PrismaMod:MiyuCarnivalAttack","Bane+1","PrismaMod:MiyuUncommonAttack+1","PrismaMod:MiyuEvokeCheapDefend","PrismaMod:MiyuUberAOEAttack"],"picked":"SKIP","floor":49},{"not_picked":["hexamod:ThermalTransfer+1","PrismaMod:MiyuChannelAttackEvoke","hexamod:Firestarter","PrismaMod:MiyuCheapChannelWeak"],"picked":"hexamod:VolcanoVisage","floor":50},{"not_picked":["PrismaMod:MiyuUncommonAttack","PrismaMod:MiyuCheapPlate+1","PrismaMod:MiyuCheapStrBuff","PrismaMod:MiyuCarnivalAttack"],"picked":"hexamod:RainOfEmbers+1","floor":51},{"not_picked":["PrismaMod:MiyuCheapAttack2+1","PrismaMod:MiyuUncommonStrBuff","PrismaMod:MiyuCheapDexBuff","PrismaMod:MiyuEvokeCheapAttack"],"picked":"PrismaMod:MiyuUberAttack+1","floor":56}],"player_experience":746764,"relics_obtained":[{"floor":1.0,"key":"SynthV:TestCard"},{"floor":8.0,"key":"CCEMRelics:TeddyBear"},{"floor":9.0,"key":"PreservedInsect"},{"floor":14.0,"key":"qcfpunch:Wrestler\u0027s_Cloak"},{"floor":15.0,"key":"Angel_Ring"},{"floor":22.0,"key":"Red Mask"},{"floor":24.0,"key":"StrikeDummy"},{"floor":26.0,"key":"Dream Catcher"},{"floor":33.0,"key":"StuffTheSpire:ForceGauntlet"},{"floor":38.0,"key":"Ribbon"},{"floor":41,"key":"aspiration:EmptySkull"},{"floor":41,"key":"Replay:Accelerometer"},{"floor":41,"key":"qcfpunch:Combat_Fatigues"},{"floor":45,"key":"Replay:Kaleidoscope"},{"floor":50,"key":"Gremlin Food"},{"floor":56,"key":"ReplayTheSpireMod:Ninjato"}],"event_choices":[{"cards_removed":["PrismaMod:MiyuCommonDefend"],"damage_healed":0.0,"max_hp_gain":0.0,"max_hp_loss":0.0,"gold_gain":0.0,"event_name":"The Cleric","player_choice":"Card Removal","floor":2.0,"gold_loss":50.0,"damage_taken":0.0},{"damage_healed":0.0,"max_hp_gain":0.0,"max_hp_loss":0.0,"gold_gain":175.0,"event_name":"betterThird:BetterSerpent","player_choice":"AGREE","floor":3.0,"gold_loss":0.0,"damage_taken":962.0},{"damage_healed":0.0,"max_hp_gain":0.0,"max_hp_loss":0.0,"gold_gain":1.0,"event_name":"betterStone:BetterStone","player_choice":"1","floor":4.0,"gold_loss":0.0,"damage_taken":0.0},{"damage_healed":0.0,"max_hp_gain":0.0,"max_hp_loss":0.0,"gold_gain":0.0,"event_name":"betterMatch:BetterMatch","player_choice":"3","floor":19.0,"gold_loss":0.0,"damage_taken":0.0,"cards_obtained":["betterMatch:RareCard"]},{"damage_healed":0.0,"max_hp_gain":0.0,"max_hp_loss":0.0,"gold_gain":0.0,"event_name":"betterNote:BetterNote","player_choice":"Ignored","floor":21.0,"gold_loss":0.0,"damage_taken":0.0,"cards_obtained":["Defend_G"]},{"damage_healed":0.0,"max_hp_gain":0.0,"max_hp_loss":0.0,"gold_gain":0.0,"event_name":"Masked Bandits","player_choice":"Fought Bandits","floor":22.0,"gold_loss":0.0,"damage_taken":0.0},{"damage_healed":0.0,"max_hp_gain":0.0,"max_hp_loss":0.0,"gold_gain":0.0,"event_name":"Ghosts","player_choice":"Ignored","floor":31.0,"gold_loss":0.0,"damage_taken":0.0},{"cards_removed":["PrismaMod:MiyuCommonDefend"],"damage_healed":0.0,"max_hp_gain":0.0,"max_hp_loss":0.0,"gold_gain":0.0,"event_name":"Falling","player_choice":"Removed Skill","floor":40.0,"gold_loss":0.0,"damage_taken":0.0}],"is_beta":false,"boss_relics":[{"not_picked":["Ectoplasm","hubris:BlackHole"],"picked":"Ring of Chaos"},{"not_picked":["FixedStarFall","BloodWine","CCEMRelics:ExpiredCReal"]}],"items_purged_floors":[5,11,20,55],"is_endless":false,"potions_floor_spawned":[1,10,14,22,24,32,39,43,50],"ascension_level":0}}