{"host":"edndssuekvzbh3is","time":1612073763,"event":{"mods":["BaseMod","Colored Map","Colored Powertips","Minty Spire (QoL Compilation)","SuperFastMode"],"gold_per_floor":[111,129,145,145,159,184,57,57,108,58,70,70,30,63,63,161,161,176,176,176],"floor_reached":19,"language":"ENG","playtime":487,"items_purged":["Strike_P"],"score":195,"play_id":"e4640117-9fbb-4b08-8e8d-8990ab315621","local_time":"20210131011603","is_ascension_mode":true,"campfire_choices":[{"data":"FearNoEvil","floor":15,"key":"SMITH"}],"circlet_count":0,"master_deck":["Strike_P","Strike_P+1","Defend_P","Defend_P","Defend_P","Defend_P","Eruption","Vigilance","WreathOfFlame","Halt","FearNoEvil+1","Adaptation","SandsOfTime","EmptyFist","Halt","Vengeance","Adaptation","LessonLearned+1","Wireheading+1"],"relics":["HolyWater","NeowsBlessing","Question Card","Happy Flower","Pen Nib"],"acts_visited":["Exordium","TheCity"],"potions_floor_usage":[6,16,16],"damage_taken":[{"damage":0,"enemies":"Small Slimes","floor":1,"turns":1},{"damage":0,"enemies":"Cultist","floor":2,"turns":1},{"damage":0,"enemies":"Jaw Worm","floor":3,"turns":1},{"damage":17,"enemies":"Exordium Wildlife","floor":5,"turns":4},{"damage":20,"enemies":"Lagavulin","floor":6,"turns":8},{"damage":21,"enemies":"3 Louse","floor":11,"turns":4},{"damage":26,"enemies":"3 Sentries","floor":14,"turns":8},{"damage":10,"enemies":"Hexaghost","floor":16,"turns":10},{"damage":24,"enemies":"2 Thieves","floor":18,"turns":5},{"damage":48,"enemies":"Masked Bandits","floor":19,"turns":4}],"seed_played":"-1239614512262843854","potions_obtained":[{"floor":3,"key":"DuplicationPotion"},{"floor":11,"key":"Weak Potion"},{"floor":16,"key":"EssenceOfSteel"}],"is_trial":false,"path_per_floor":["M","M","M","?","M","E","$","?","T","$","M","?","$","E","R","B",null,"M","?"],"character_chosen":"WATCHER","items_purchased":["FearPotion","EmptyFist","Vengeance"],"campfire_rested":0,"item_purchase_floors":[7,10,13],"current_hp_per_floor":[72,72,72,72,55,35,35,59,59,59,38,38,38,12,12,2,72,48,0,0],"gold":176,"neow_bonus":"THREE_ENEMY_KILL","is_daily":false,"chose_seed":false,"campfire_upgraded":1,"win_rate":0.0,"timestamp":1612073763,"path_taken":["M","M","M","?","?","E","$","?","T","?","M","?","$","E","R","BOSS","M","?"],"items_purchased_type":["Potion","Card","Card"],"build_version":"2020-12-22","purchased_purges":1,"victory":false,"max_hp_per_floor":[72,72,72,72,72,72,72,72,72,72,72,72,72,72,72,72,72,72,72,72],"card_choices":[{"not_picked":["FlurryOfBlows","ReachHeaven"],"picked":"WreathOfFlame","floor":1},{"not_picked":["Crescendo","ForeignInfluence"],"picked":"Halt","floor":2},{"not_picked":["CutThroughFate","ForeignInfluence"],"picked":"FearNoEvil","floor":3},{"not_picked":["SignatureMove","PathToVictory"],"picked":"Adaptation","floor":5},{"not_picked":["WindmillStrike","SpiritShield"],"picked":"SandsOfTime","floor":6},{"not_picked":["SashWhip","Swivel","Protect"],"picked":"Halt","floor":11},{"not_picked":["Evaluate","SandsOfTime","ForeignInfluence"],"picked":"Adaptation","floor":14},{"not_picked":["Wish","Vault","DeusExMachina"],"picked":"LessonLearned","floor":16},{"not_picked":["WreathOfFlame+1","Crescendo","SignatureMove+1"],"picked":"Wireheading+1","floor":18}],"player_experience":341061,"relics_obtained":[{"floor":6,"key":"Question Card"},{"floor":9,"key":"Happy Flower"},{"floor":14,"key":"Pen Nib"}],"event_choices":[{"cards_removed":["Strike_P"],"damage_healed":0,"gold_gain":0,"player_choice":"Purged","damage_taken":0,"max_hp_gain":0,"max_hp_loss":0,"event_name":"Purifier","floor":4,"gold_loss":0},{"damage_healed":24,"gold_gain":0,"player_choice":"Banana","damage_taken":0,"max_hp_gain":0,"max_hp_loss":0,"event_name":"Big Fish","floor":8,"gold_loss":0},{"damage_healed":0,"gold_gain":0,"player_choice":"Ignored","damage_taken":0,"max_hp_gain":0,"max_hp_loss":0,"event_name":"Liars Game","floor":12,"gold_loss":0},{"damage_healed":0,"gold_gain":0,"player_choice":"Fought Bandits","damage_taken":0,"max_hp_gain":0,"max_hp_loss":0,"event_name":"Masked Bandits","floor":19,"gold_loss":0}],"is_beta":false,"boss_relics":[{"not_picked":["Ectoplasm","Tiny House"],"picked":"HolyWater"}],"items_purged_floors":[7],"is_endless":false,"potions_floor_spawned":[3,11,16],"killed_by":"Masked Bandits","ascension_level":2}}