{"host":"9cg5yfdc0e9lbp3z","time":1612077682,"event":{"mods":["AchievementEnabler","BaseMod","Colored Map","Colored Powertips","DeckTracker","Minty Spire (QoL Compilation)"],"gold_per_floor":[114,124,124,142,160,160,190,201,201,232,243,262,262,288,288,387,387,404,404,404,404,419,433,433,97,120,120,135,135,150,0,0,102,102,112,162,178,178,40,57,57,57,103,103,119,119,134,149,149,149],"floor_reached":51,"language":"ENG","playtime":5206,"items_purged":[],"score":686,"play_id":"4b9535ae-6cba-4a46-b912-a1ed5398b7c4","local_time":"20210131022122","is_ascension_mode":false,"campfire_choices":[{"data":"Deflect","floor":6,"key":"SMITH"},{"floor":13,"key":"REST"},{"data":"Crippling Poison","floor":15,"key":"SMITH"},{"floor":24,"key":"REST"},{"data":"1","floor":29,"key":"LIFT"},{"floor":32,"key":"REST"},{"data":"2","floor":41,"key":"LIFT"},{"data":"3","floor":44,"key":"LIFT"},{"floor":46,"key":"REST"},{"floor":49,"key":"REST"}],"circlet_count":0,"master_deck":["Strike_G+1","Strike_G+1","Defend_G+1","Defend_G+1","Defend_G+1","Defend_G+1","Defend_G+1","Survivor","Neutralize","Deflect+1","Prepared","Masterful Stab","Crippling Poison+1","Infinite Blades","Dash","Leg Sweep","Dagger Spray","Slice","Footwork","Corpse Explosion","Flying Knee+1","Infinite Blades+1","Underhanded Strike+1","Deflect+1","Dagger Spray+1","Acrobatics+1","Magnetism","Footwork","Flash of Steel","Eviscerate","Dagger Spray","Phantasmal Killer","Blade Dance","Quick Slash+1","Skewer","Madness","Good Instincts","Infinite Blades","Escape Plan+1","Infinite Blades+1","Backflip+1","Terror+1"],"relics":["Ring of the Snake","Potion Belt","Ornamental Fan","Mummified Hand","Bottled Lightning","Odd Mushroom","Astrolabe","Enchiridion","Vajra","Girya","HoveringKite","Gambling Chip","PreservedInsect"],"acts_visited":["Exordium","TheCity","TheBeyond"],"potions_floor_usage":[7,10,16,16,50,50,50,50],"damage_taken":[{"damage":0,"enemies":"2 Louse","floor":1,"turns":4},{"damage":0,"enemies":"Small Slimes","floor":2,"turns":5},{"damage":1,"enemies":"Jaw Worm","floor":4,"turns":5},{"damage":6,"enemies":"Exordium Wildlife","floor":5,"turns":4},{"damage":25,"enemies":"Gremlin Nob","floor":7,"turns":5},{"damage":0,"enemies":"Blue Slaver","floor":8,"turns":5},{"damage":12,"enemies":"3 Sentries","floor":10,"turns":9},{"damage":0,"enemies":"3 Louse","floor":11,"turns":4},{"damage":0,"enemies":"Looter","floor":12,"turns":2},{"damage":6,"enemies":"The Mushroom Lair","floor":14,"turns":4},{"damage":43,"enemies":"Slime Boss","floor":16,"turns":16},{"damage":9,"enemies":"Spheric Guardian","floor":18,"turns":6},{"damage":0,"enemies":"Chosen","floor":22,"turns":4},{"damage":0,"enemies":"Shelled Parasite and Fungi","floor":23,"turns":5},{"damage":0,"enemies":"Chosen and Byrds","floor":28,"turns":3},{"damage":0,"enemies":"Centurion and Healer","floor":30,"turns":4},{"damage":4,"enemies":"Champ","floor":33,"turns":9},{"damage":0,"enemies":"Orb Walker","floor":35,"turns":4},{"damage":2,"enemies":"2 Orb Walkers","floor":36,"turns":4},{"damage":0,"enemies":"3 Darklings","floor":37,"turns":2},{"damage":0,"enemies":"Jaw Worm Horde","floor":40,"turns":2},{"damage":5,"enemies":"Sphere and 2 Shapes","floor":45,"turns":4},{"damage":7,"enemies":"4 Shapes","floor":47,"turns":3},{"damage":0,"enemies":"Maw","floor":48,"turns":6},{"damage":5,"enemies":"Donu and Deca","floor":50,"turns":4}],"seed_played":"8600858335927178680","potions_obtained":[{"floor":2,"key":"CunningPotion"},{"floor":4,"key":"Ancient Potion"},{"floor":5,"key":"CultistPotion"},{"floor":8,"key":"Fire Potion"},{"floor":11,"key":"Fruit Juice"},{"floor":12,"key":"Poison Potion"},{"floor":22,"key":"AttackPotion"},{"floor":28,"key":"EssenceOfSteel"},{"floor":30,"key":"Block Potion"},{"floor":35,"key":"BlessingOfTheForge"},{"floor":36,"key":"LiquidMemories"}],"is_trial":false,"path_per_floor":["M","M","?","M","M","R","E","M","T","E","M","M","R","?","R","B",null,"M","?","?","?","M","M","R","$","T","T","M","R","M","?","R","B",null,"M","?","M","?","$","M","R","?","T","R","M","R","M","M","R","B",null],"character_chosen":"THE_SILENT","items_purchased":["Magnetism","Footwork","Flash of Steel","Good Instincts","Infinite Blades"],"campfire_rested":5,"item_purchase_floors":[25,25,25,39,39],"current_hp_per_floor":[70,70,70,69,63,63,38,38,38,26,26,26,47,41,41,3,75,66,52,52,36,36,36,60,60,60,60,60,60,60,60,80,76,80,80,78,78,68,68,68,68,68,68,68,63,80,73,73,80,75],"gold":149,"neow_bonus":"RANDOM_COMMON_RELIC","is_daily":false,"chose_seed":false,"campfire_upgraded":2,"win_rate":0.0,"timestamp":1612077682,"path_taken":["M","M","?","M","M","R","E","M","T","E","M","M","R","?","R","BOSS","M","?","?","?","?","M","R","$","T","?","M","R","M","?","R","BOSS","M","?","M","?","?","M","R","?","T","R","M","R","M","M","R","BOSS"],"items_purchased_type":["Card","Card","Card","Card","Card"],"build_version":"2020-12-22","purchased_purges":0,"victory":true,"max_hp_per_floor":[70,70,70,70,70,70,70,70,70,70,70,70,70,70,70,75,75,75,80,80,80,80,80,80,80,80,80,80,80,80,80,80,80,80,80,80,80,80,80,80,80,80,80,80,80,80,80,80,80,80],"card_choices":[{"not_picked":["Dagger Spray","Sucker Punch"],"picked":"Deflect","floor":1},{"not_picked":["PiercingWail","Escape Plan"],"picked":"Prepared","floor":2},{"not_picked":["Outmaneuver","Expertise"],"picked":"Masterful Stab","floor":4},{"not_picked":["Poisoned Stab","All Out Attack"],"picked":"Crippling Poison","floor":5},{"not_picked":["Venomology","Calculated Gamble"],"picked":"Infinite Blades","floor":7},{"not_picked":["Well Laid Plans","Eviscerate"],"picked":"Dash","floor":8},{"not_picked":["Quick Slash","Eviscerate"],"picked":"Leg Sweep","floor":10},{"not_picked":["Prepared","Flying Knee"],"picked":"Dagger Spray","floor":11},{"not_picked":["PiercingWail","Tactician"],"picked":"Slice","floor":12},{"not_picked":["Bouncing Flask","Quick Slash"],"picked":"Footwork","floor":14},{"not_picked":["Tools of the Trade","Envenom"],"picked":"Corpse Explosion","floor":16},{"not_picked":["Caltrops+1","Slice"],"picked":"Deflect+1","floor":18},{"not_picked":["Quick Slash","Well Laid Plans+1"],"picked":"Dagger Spray+1","floor":22},{"not_picked":["Unload","Bane"],"picked":"Acrobatics+1","floor":23},{"not_picked":["Acrobatics","Masterful Stab+1"],"picked":"Eviscerate","floor":28},{"not_picked":["Flying Knee","Outmaneuver"],"picked":"Dagger Spray","floor":30},{"not_picked":["Bullet Time","Doppelganger"],"picked":"Phantasmal Killer","floor":33},{"not_picked":["Outmaneuver","Sucker Punch+1"],"picked":"Blade Dance","floor":35},{"not_picked":["Outmaneuver","Well Laid Plans"],"picked":"Quick Slash+1","floor":36},{"not_picked":["Calculated Gamble","Flying Knee"],"picked":"Skewer","floor":37},{"not_picked":["Dagger Throw","Quick Slash"],"picked":"Escape Plan+1","floor":40},{"not_picked":["Backflip","Crippling Poison"],"picked":"Infinite Blades+1","floor":45},{"not_picked":["Dodge and Roll+1","Blade Dance+1"],"picked":"Backflip+1","floor":47},{"not_picked":["Dagger Throw","Poisoned Stab+1"],"picked":"Terror+1","floor":48}],"player_experience":33073,"relics_obtained":[{"floor":7,"key":"Ornamental Fan"},{"floor":9,"key":"Mummified Hand"},{"floor":10,"key":"Bottled Lightning"},{"floor":14,"key":"Odd Mushroom"},{"floor":21,"key":"Enchiridion"},{"floor":26,"key":"Vajra"},{"floor":27,"key":"Girya"},{"floor":36,"key":"Gambling Chip"},{"floor":43,"key":"PreservedInsect"}],"event_choices":[{"damage_healed":0,"gold_gain":0,"player_choice":"Ignored","damage_taken":0,"max_hp_gain":0,"max_hp_loss":0,"event_name":"Liars Game","floor":3,"gold_loss":0},{"damage_healed":0,"gold_gain":0,"player_choice":"Fought Mushrooms","damage_taken":0,"max_hp_gain":0,"max_hp_loss":0,"event_name":"Mushrooms","floor":14,"gold_loss":0},{"damage_healed":0,"gold_gain":0,"player_choice":"Shed Blood","damage_taken":19,"max_hp_gain":5,"max_hp_loss":0,"event_name":"Forgotten Altar","floor":19,"gold_loss":0},{"damage_healed":0,"gold_gain":0,"player_choice":"Simplicity","damage_taken":0,"max_hp_gain":0,"max_hp_loss":0,"event_name":"Back to Basics","floor":20,"gold_loss":0,"cards_upgraded":["Strike_G","Strike_G","Defend_G","Defend_G","Defend_G","Defend_G","Defend_G"]},{"damage_healed":0,"gold_gain":0,"player_choice":"Obtained Book","damage_taken":16,"max_hp_gain":0,"max_hp_loss":0,"event_name":"Cursed Tome","floor":21,"gold_loss":0},{"damage_healed":0,"gold_gain":0,"player_choice":"Paid Fearfully","damage_taken":0,"max_hp_gain":0,"max_hp_loss":0,"event_name":"Masked Bandits","floor":31,"gold_loss":150},{"damage_healed":0,"gold_gain":0,"player_choice":"Fight","damage_taken":0,"max_hp_gain":0,"max_hp_loss":0,"event_name":"Mysterious Sphere","floor":36,"gold_loss":0},{"damage_healed":0,"gold_gain":0,"player_choice":"Embrace Madness","damage_taken":10,"max_hp_gain":0,"max_hp_loss":0,"event_name":"Winding Halls","floor":38,"gold_loss":0,"cards_obtained":["Madness","Madness"]},{"cards_removed":["Madness"],"damage_healed":0,"gold_gain":0,"player_choice":"Removed Skill","damage_taken":0,"max_hp_gain":0,"max_hp_loss":0,"event_name":"Falling","floor":42,"gold_loss":0}],"is_beta":false,"boss_relics":[{"not_picked":["Philosopher\u0027s Stone","Sozu"],"picked":"Astrolabe"},{"not_picked":["Velvet Choker","Tiny House"],"picked":"HoveringKite"}],"items_purged_floors":[],"is_endless":false,"potions_floor_spawned":[2,4,5,8,11,12,22,28,30,35,36,47],"ascension_level":0}}