{"host":"ewns8ifhbubwkcum","time":1612060412,"event":{"mods":["BaseMod","Block Reminder","Colored Map","Colored Powertips","Downfall","Highlight Path","Minty Spire (QoL Compilation)","Permanent Neow","Quick Restart","Random Character Button","StSLib"],"gold_per_floor":[99,117,127,35,35,54,54,54,78,113,113,147,147,175,195,296,296,96,111,125,125,125,150,150,150,179,190,203,203,103,103,114,213,213,213,224,235,250,119,119,119,133,166,186,186,219,244,228,255,255,255,291,67,67,67,67,67,67],"floor_reached":56,"language":"ENG","playtime":3409,"items_purged":["Pain"],"score":1054,"play_id":"7cc7d4fd-adc6-4f4d-8c19-7cdce39e7b03","local_time":"20210130203332","is_ascension_mode":true,"campfire_choices":[{"data":"champ:UltimateStance","floor":1.0,"key":"SMITH"},{"data":"champ:Duel","floor":11.0,"key":"SMITH"},{"floor":13.0,"key":"RECALL"},{"data":"champ:SwordSigil","floor":18.0,"key":"SMITH"},{"data":"champ:TripleStrike","floor":30.0,"key":"SMITH"},{"data":"champ:TornadoPunch","floor":35.0,"key":"SMITH"},{"data":"champ:Backstep","floor":45.0,"key":"SMITH"},{"data":"champ:Backstep","floor":54.0,"key":"SMITH"}],"circlet_count":0,"master_deck":["champ:Defend","champ:Defend","champ:Defend","champ:Defend","champ:Execute","champ:Taunt","champ:UltimateStance+1","champ:Duel+1","champ:SwordSigil+1","champ:FlashCut","champ:BerserkerStyle","champ:FalseCounter","champ:Backstep+1","champ:AdrenalArmor","champ:EnGarde","champ:GutPunch","champ:TripleStrike+1","champ:TornadoPunch","champ:BringItOn","Necronomicurse","champ:Backstep+1","Slimebound:Tackle+1","Slimebound:Tackle+1","Slimebound:Tackle+1","champ:ShieldWall","champ:DeathBlow","champ:RageSigil","champ:TornadoPunch+1","champ:CheapShot","champ:Shatter","champ:RisingSlash+1","champ:AdrenalArmor+1","champ:RageSigil","champ:TripleStrike","Master of Strategy","champ:DefensiveStyle","champ:Lariat+1","champ:PreemptiveStrike","champ:ArenaPreparation+1","champ:GutPunch","champ:PreciseThrust","champ:ShieldSlam","champ:HeartStrike","expansioncontent:AwakenDeath","champ:Encircle"],"relics":["champ:ChampionCrownUpgraded","Potion Belt","Bottled Flame","champ:DefensiveTrainingManual","Centennial Puzzle","StoneCalendar","Regal Pillow","downfall:HeartBlessingRed","downfall:HeartBlessingGreen","Necronomicon","Oddly Smooth Stone","StrikeDummy","Meat on the Bone","downfall:HeartBlessingBlue","Bag of Marbles","SlaversCollar","Kunai","Gremlin Horn","Akabeko","CeramicFish","champ:GladiatorsBookOfMartialProwess"],"acts_visited":["Exordium","TheCity","TheBeyond","TheEnding"],"potions_floor_usage":[55,56,56,56,56],"damage_taken":[{"damage":10.0,"enemies":"Cultist","floor":2.0,"turns":4.0},{"damage":15.0,"enemies":"Jaw Worm","floor":3.0,"turns":3.0},{"damage":20.0,"enemies":"downfall:FleeingMerchant","floor":4.0,"turns":4.0},{"damage":24.0,"enemies":"2 Louse","floor":6.0,"turns":4.0},{"damage":61.0,"enemies":"Lagavulin","floor":10.0,"turns":7.0},{"damage":13.0,"enemies":"3 Sentries","floor":12.0,"turns":7.0},{"damage":72.0,"enemies":"Lagavulin","floor":14.0,"turns":7.0},{"damage":40.0,"enemies":"Exordium Wildlife","floor":15.0,"turns":3.0},{"damage":56.0,"enemies":"SI_SHIV_ARCHETYPE","floor":16.0,"turns":7.0},{"damage":60.0,"enemies":"Spheric Guardian","floor":19.0,"turns":3.0},{"damage":50.0,"enemies":"Shell Parasite","floor":20.0,"turns":3.0},{"damage":72.0,"enemies":"Slavers","floor":23.0,"turns":2.0},{"damage":70.0,"enemies":"Gremlin Leader","floor":26.0,"turns":4.0},{"damage":70.0,"enemies":"Chosen and Byrds","floor":27.0,"turns":3.0},{"damage":40.0,"enemies":"Snecko","floor":28.0,"turns":3.0},{"damage":45.0,"enemies":"Snake Plant","floor":32.0,"turns":1.0},{"damage":89.0,"enemies":"IC_MUSHROOM_ARCHETYPE","floor":33.0,"turns":4.0},{"damage":45.0,"enemies":"Orb Walker","floor":36.0,"turns":1.0},{"damage":7.0,"enemies":"3 Darklings","floor":37.0,"turns":2.0},{"damage":68.0,"enemies":"Spire Growth","floor":38.0,"turns":3.0},{"damage":105.0,"enemies":"downfall:FleeingMerchant","floor":39.0,"turns":4.0},{"damage":0.0,"enemies":"Jaw Worm Horde","floor":42.0,"turns":2.0},{"damage":60.0,"enemies":"Nemesis","floor":43.0,"turns":1.0},{"damage":40.0,"enemies":"3 Darklings","floor":44.0,"turns":1.0},{"damage":74.0,"enemies":"Reptomancer","floor":46.0,"turns":3.0},{"damage":80.0,"enemies":"Spire Growth","floor":49.0,"turns":2.0},{"damage":178.0,"enemies":"WA_ARCHETYPE_DIVINITY","floor":50.0,"turns":5.0},{"damage":134.0,"enemies":"downfall:CharBossMerchant","floor":52.0,"turns":6.0},{"damage":203,"enemies":"downfall:NeowBoss","floor":55,"turns":9},{"damage":187,"enemies":"downfall:NeowBossFinal","floor":56,"turns":2}],"seed_played":"-6108889031663473679","potions_obtained":[{"floor":2.0,"key":"Block Potion"},{"floor":6.0,"key":"Swift Potion"},{"floor":15.0,"key":"champ:TechniquePotion"},{"floor":16.0,"key":"hexamod:SoulburnPotion"},{"floor":19.0,"key":"LiquidBronze"},{"floor":22.0,"key":"CultistPotion"},{"floor":23.0,"key":"ColorlessPotion"},{"floor":27.0,"key":"CultistPotion"},{"floor":28.0,"key":"champ:TechniquePotion"},{"floor":38.0,"key":"champ:TechniquePotion"},{"floor":44.0,"key":"Block Potion"},{"floor":52.0,"key":"Fruit Juice"}],"is_trial":false,"path_per_floor":["R","M","M","$","?","M","T","?","T","E","R","E","R","E","M","B",null,"R","M","M","?","?","E","T","?","E","M","M","T","R","?","M","B",null,"R","M","M","M","$","?","T","M","E","M","R","E","?","$","M","B",null,"E","$","R","B","B"],"character_chosen":"THE_CHAMP","items_purchased":["champ:BerserkerStyle","champ:RageSigil","champ:TripleStrike","Master of Strategy","champ:GutPunch","champ:HeartStrike","expansioncontent:AwakenDeath","champ:Encircle"],"campfire_rested":0,"item_purchase_floors":[4,39,39,39,48,53,53,53],"current_hp_per_floor":[90,90,90,90,87,87,87,87,87,62,62,59,59,59,59,52,90,90,90,90,74,74,72,72,72,72,72,72,72,82,82,94,90,100,100,100,98,100,100,100,100,100,100,100,100,97,97,97,97,86,100,85,85,85,97,0,0,0],"gold":67,"neow_bonus":"ONE_RANDOM_RARE_CARD","is_daily":false,"chose_seed":false,"campfire_upgraded":7,"win_rate":0.0,"timestamp":1612060412,"path_taken":["R","M","M","?","?","M","T","?","?","E","R","E","R","E","M","BOSS","R","M","M","?","?","E","T","?","E","M","?","?","R","?","M","BOSS","R","M","?","M","$","?","T","M","E","M","R","E","?","$","M","BOSS","E","$","R","BOSS","BOSS"],"items_purchased_type":["Card","Card","Card","Card","Card","Card","Card","Card"],"build_version":"2020-12-22","purchased_purges":1,"victory":false,"max_hp_per_floor":[90,90,90,90,90,90,90,90,90,90,90,90,90,90,90,90,90,90,90,90,90,90,90,90,90,90,90,90,90,100,100,100,100,100,100,100,100,100,100,100,100,100,100,100,100,100,100,100,100,100,100,100,100,100,100,105,105,105],"card_choices":[{"not_picked":["champ:StanceDance","champ:AdrenalArmor"],"picked":"champ:Duel","floor":2.0},{"not_picked":["champ:Encircle","champ:IronFortress"],"picked":"champ:SwordSigil","floor":3.0},{"not_picked":["champ:FanOfKnives","champ:StrikeOfGenius"],"picked":"champ:FlashCut","floor":4.0},{"not_picked":["champ:Encircle","champ:EnGarde"],"picked":"champ:FalseCounter","floor":6.0},{"not_picked":["champ:GutPunch","champ:IgnorePain"],"picked":"champ:Backstep","floor":10.0},{"not_picked":["champ:HeavySlash","champ:Encircle"],"picked":"champ:AdrenalArmor","floor":12.0},{"not_picked":["champ:CalledShot","champ:HeartStrike"],"picked":"champ:EnGarde","floor":14.0},{"not_picked":["champ:BladeFlurry","champ:CrownThrow"],"picked":"champ:GutPunch","floor":15.0},{"not_picked":["champ:SwordThrow","champ:ShieldThrow"],"picked":"champ:TripleStrike","floor":16.0},{"not_picked":["champ:CrownThrow","champ:FlashCut"],"picked":"champ:TornadoPunch","floor":19.0},{"not_picked":["champ:SwordSigil","champ:Encircle"],"picked":"champ:BringItOn","floor":20.0},{"not_picked":["champ:Circumvent","champ:Haymaker"],"picked":"champ:Backstep","floor":23.0},{"not_picked":["champ:GutPunch","champ:BerserkersShout"],"picked":"champ:ShieldWall","floor":26.0},{"not_picked":["champ:StanceDance","champ:EnGarde"],"picked":"champ:DeathBlow","floor":27.0},{"not_picked":["champ:EnchantCrown","champ:FanOfKnives"],"picked":"champ:RageSigil","floor":28.0},{"not_picked":["champ:Backstep","champ:BladeFlurry+1"],"picked":"champ:TornadoPunch","floor":32.0},{"not_picked":["champ:EnchantSword","champ:Devastate"],"picked":"champ:CheapShot","floor":33.0},{"not_picked":["champ:Haymaker","champ:FancyFootwork"],"picked":"champ:Shatter","floor":36.0},{"not_picked":["champ:FancyFootwork+1","champ:CrownThrow+1"],"picked":"champ:RisingSlash+1","floor":37.0},{"not_picked":["champ:Backstep+1","champ:Circumvent+1"],"picked":"champ:AdrenalArmor+1","floor":38.0},{"not_picked":["champ:HeavySlash","champ:BladeFlurry+1"],"picked":"champ:DefensiveStyle","floor":42.0},{"not_picked":["champ:BerserkersShout+1","champ:AdrenalArmor"],"picked":"champ:Lariat+1","floor":43.0},{"not_picked":["champ:RapidStrikes","champ:IgnorePain"],"picked":"champ:PreemptiveStrike","floor":44.0},{"not_picked":["champ:Circumvent","champ:FaceSlap"],"picked":"champ:ArenaPreparation+1","floor":46.0},{"not_picked":["champ:ShieldSigil","champ:BerserkersShout+1"],"picked":"champ:PreciseThrust","floor":49.0},{"not_picked":["champ:BringItOn","champ:ShieldSigil"],"picked":"champ:ShieldSlam","floor":52.0}],"player_experience":1068509,"relics_obtained":[{"floor":7.0,"key":"Bottled Flame"},{"floor":9.0,"key":"champ:DefensiveTrainingManual"},{"floor":10.0,"key":"Centennial Puzzle"},{"floor":12.0,"key":"StoneCalendar"},{"floor":14.0,"key":"Regal Pillow"},{"floor":21.0,"key":"Necronomicon"},{"floor":23.0,"key":"Oddly Smooth Stone"},{"floor":26.0,"key":"StrikeDummy"},{"floor":29.0,"key":"Meat on the Bone"},{"floor":41.0,"key":"Kunai"},{"floor":43.0,"key":"Gremlin Horn"},{"floor":46.0,"key":"Akabeko"},{"floor":47.0,"key":"CeramicFish"},{"floor":52.0,"key":"champ:GladiatorsBookOfMartialProwess"}],"event_choices":[{"damage_healed":0.0,"max_hp_gain":0.0,"max_hp_loss":0.0,"gold_gain":0.0,"event_name":"Scrap Ooze","player_choice":"Success","floor":5.0,"gold_loss":0.0,"damage_taken":3.0,"relics_obtained":["Potion Belt"]}],"is_beta":false,"boss_relics":[{"not_picked":["SacredBark","Snecko Eye"],"picked":"champ:ChampionCrownUpgraded"},{"not_picked":["Astrolabe","Fusion Hammer"],"picked":"SlaversCollar"}],"items_purged_floors":[39],"is_endless":false,"potions_floor_spawned":[2,6,15,16,19,23,27,28,38,44,46,49,52],"killed_by":"downfall:NeowBossFinal","ascension_level":2}}