{"host":"b9id4afcchnn1rfb","time":1612051830,"event":{"mods":["Act Like it!","BaseMod","Better Note","Colored Map","Colored Powertips","Hallownest","Hermit","Infinite Spire","Minty Spire (QoL Compilation)","StSLib","SuperFastMode","The Death Knight","The Necromancer"],"gold_per_floor":[115,115,115,127,202,230,230,261,335,365,376,387,387,416,416,519,519,529,540,540,540,558,558,588,588,588,636,666,44,59,59,59,164,164,178,178,188,188,188],"floor_reached":38,"language":"ENG","playtime":1541,"items_purged":["Defend_W"],"score":563,"play_id":"cd757262-2d67-4e80-b0e1-10fe69f44183","local_time":"20210131011030","is_ascension_mode":true,"campfire_choices":[{"data":"Siphon_Strength","floor":7,"key":"SMITH"},{"floor":13,"key":"REST"},{"floor":15,"key":"REST"},{"floor":23,"key":"REST"},{"floor":25,"key":"RECALL"},{"floor":32,"key":"REST"}],"circlet_count":0,"master_deck":["Strike_W+1","Strike_W+1","Strike_W","Defend_W","Defend_W","Negative_Energy_Arrows","Bone_Wall","Strike_from_Beyond+1","Negative_Energy_Sphere","Siphon_Strength+1","Spectral_Armor","Siphon_Strength","Stop_Heart","Acid_Javelin","Summon_Vampire_Lady","Slay_Living","Negative_Energy_Mist","Summon_Death_Knight","Summon_Undead_Army","Summon_Undead","infinitespire:Oblivion","Siphon_Strength","Siphon_Strength","Summon_Death_Knight+1","Summon_Undead_Army+1","Blood_Curse+1","Grasp_Heart","Summon_Death_Knight+1","Bone_Armor+1"],"relics":["Vampire_Amulet","Whetstone","Juzu Bracelet","infinitespire:ShieldingShard","Dream Catcher","infinitespire:Satchel","Odd Mushroom","Empty Cage","Frozen Egg 2","Gremlin Horn","Nunchaku","Pen Nib","Matryoshka","TungstenRod","SacredBark"],"acts_visited":["Exordium","Exordium","Hallownest:CityofTears"],"potions_floor_usage":[6,10,14,16,21,24,33,33,33],"damage_taken":[{"damage":1,"enemies":"Small Slimes","floor":1,"turns":4},{"damage":0,"enemies":"2 Louse","floor":4,"turns":3},{"damage":27,"enemies":"Gremlin Nob","floor":6,"turns":5},{"damage":15,"enemies":"Lagavulin","floor":8,"turns":8},{"damage":10,"enemies":"Gremlin Nob","floor":10,"turns":3},{"damage":4,"enemies":"Jaw Worm","floor":11,"turns":4},{"damage":0,"enemies":"Large Slime","floor":12,"turns":5},{"damage":0,"enemies":"The Mushroom Lair","floor":14,"turns":2},{"damage":10,"enemies":"Slime Boss","floor":16,"turns":9},{"damage":28,"enemies":"Hallownest:Guard_and_Sentry","floor":18,"turns":5},{"damage":33,"enemies":"Hallownest:3_Youths","floor":19,"turns":8},{"damage":15,"enemies":"Hallownest:3_Youths","floor":21,"turns":5},{"damage":4,"enemies":"Hallownest:Warrior_and_Youth","floor":22,"turns":5},{"damage":5,"enemies":"Hallownest:eliteSoulWarrior","floor":24,"turns":6},{"damage":26,"enemies":"Hallownest:eliteWatcherKnight","floor":28,"turns":13},{"damage":15,"enemies":"Hallownest:2_Husk_Sentries","floor":30,"turns":6},{"damage":21,"enemies":"Hallownest:BossMantisLord","floor":33,"turns":8},{"damage":37,"enemies":"Hallownest:3_Siblings","floor":35,"turns":9},{"damage":10,"enemies":"Hallownest:Shield_Heavy","floor":37,"turns":4},{"damage":64,"enemies":"Hallownest:Xero_Hu_Marmu","floor":38,"turns":6}],"seed_played":"-594054642690171635","potions_obtained":[{"floor":1,"key":"Strength Potion"},{"floor":4,"key":"Block Potion"},{"floor":10,"key":"Block Potion"},{"floor":12,"key":"DistilledChaos"},{"floor":16,"key":"FearPotion"},{"floor":18,"key":"GamblersBrew"},{"floor":22,"key":"Swift Potion"},{"floor":24,"key":"SpeedPotion"},{"floor":30,"key":"Block Potion"},{"floor":35,"key":"GamblersBrew"}],"is_trial":false,"path_per_floor":["M","?","?","M","?","E","R","E","T","E","M","M","R","?","R","B",null,"M","M","?","?","M","R","E","R","T","T","E","$","M","?","R","B",null,"M","?","M","M"],"character_chosen":"NECROMANCER","items_purchased":["Matryoshka","TungstenRod"],"campfire_rested":4,"item_purchase_floors":[29,29],"current_hp_per_floor":[75,63,63,67,56,31,31,18,18,10,8,12,34,40,62,75,75,57,45,28,38,38,60,63,63,63,63,44,44,36,36,58,46,75,50,65,59,0,0],"gold":188,"neow_bonus":"RANDOM_COMMON_RELIC","is_daily":false,"chose_seed":false,"campfire_upgraded":1,"win_rate":0.0,"timestamp":1612051830,"path_taken":["M","?","?","M","?","E","R","E","T","E","M","M","R","?","R","BOSS","M","M","?","?","M","R","E","R","T","?","E","$","M","?","R","BOSS","M","?","M","M"],"items_purchased_type":["Relic","Relic"],"build_version":"2020-12-22","purchased_purges":1,"victory":false,"max_hp_per_floor":[75,75,75,75,75,75,75,75,75,75,75,75,75,75,75,75,75,75,75,75,75,75,75,75,75,75,75,75,75,75,75,75,75,75,75,75,75,75,75],"card_choices":[{"not_picked":["Toxic_Smoke_Screen","Violent_Necrosis"],"picked":"Strike_from_Beyond","floor":1},{"not_picked":["Bones_to_Steel","Scare"],"picked":"Negative_Energy_Sphere","floor":4},{"not_picked":["Blood_for_Blood","Thousand_Bone_Knives"],"picked":"Siphon_Strength","floor":6},{"not_picked":["Deaths_Shadow","Uncharnel"],"picked":"Spectral_Armor","floor":8},{"not_picked":["Blood_Is_Power","Epidemic"],"picked":"Siphon_Strength","floor":10},{"not_picked":["Bone_Prison","Negative_Energy_Sphere"],"picked":"Stop_Heart","floor":11},{"not_picked":["Whirlwind_of_Bones","Bone_Spikes"],"picked":"Acid_Javelin","floor":12},{"not_picked":["Toxic_Smoke_Screen","Corrupt"],"picked":"Summon_Vampire_Lady","floor":13},{"not_picked":["Necrotic_Claws","Negative_Energy_Mist"],"picked":"Slay_Living","floor":14},{"not_picked":["Negative_Energy_Shield","Bones_to_Steel"],"picked":"Negative_Energy_Mist","floor":15},{"not_picked":["Summon_Vampire_Lady","Blood_Magic"],"picked":"Summon_Death_Knight","floor":16},{"not_picked":["Negative_Energy_Mist","Negative_Energy_Javelin"],"picked":"Summon_Undead_Army","floor":18},{"not_picked":["Blood_for_Blood","Blood_Curse"],"picked":"Summon_Undead","floor":19},{"not_picked":["infinitespire:TheBestDefense","infinitespire:Punishment"],"picked":"infinitespire:Oblivion","floor":20},{"not_picked":["Consume_Illness","Blood_Whip+1","Flesh_Made_Foul"],"picked":"SKIP","floor":22},{"not_picked":["Plague_Bolt","Bone_Bullets+1"],"picked":"Siphon_Strength","floor":23},{"not_picked":["Epidemic+1","Deaths_Shadow+1"],"picked":"Siphon_Strength","floor":24},{"not_picked":["Shackles_Of_Pain","Blood_Curse"],"picked":"Summon_Death_Knight+1","floor":28},{"not_picked":["Bone_Armor","Death_March_Dance"],"picked":"Summon_Undead_Army+1","floor":30},{"not_picked":["Negative_Energy_Javelin","Acid_Javelin"],"picked":"Blood_Curse+1","floor":31},{"not_picked":["Bone_Spikes","Thousand_Bone_Knives+1"],"picked":"Grasp_Heart","floor":32},{"not_picked":["Blood_Magic+1","Blood_Wake"],"picked":"Summon_Death_Knight+1","floor":33},{"not_picked":["Bone_Shift+1","Life_Tap","Bone_Spikes+1"],"picked":"SKIP","floor":35},{"not_picked":["Negative_Energy_Shield","Corrupt+1"],"picked":"Bone_Armor+1","floor":37}],"player_experience":479986,"relics_obtained":[{"floor":6,"key":"infinitespire:ShieldingShard"},{"floor":8,"key":"Dream Catcher"},{"floor":10,"key":"infinitespire:Satchel"},{"floor":14,"key":"Odd Mushroom"},{"floor":24,"key":"Frozen Egg 2"},{"floor":26,"key":"Gremlin Horn"},{"floor":27,"key":"Nunchaku"},{"floor":28,"key":"Pen Nib"}],"event_choices":[{"damage_healed":0,"gold_gain":0,"player_choice":"Success","damage_taken":12,"relics_obtained":["Juzu Bracelet"],"max_hp_gain":0,"max_hp_loss":0,"event_name":"Scrap Ooze","floor":2,"gold_loss":0},{"damage_healed":0,"gold_gain":0,"player_choice":"Grow","damage_taken":0,"max_hp_gain":0,"max_hp_loss":0,"event_name":"Living Wall","floor":3,"gold_loss":0,"cards_upgraded":["Strike_from_Beyond"]},{"damage_healed":0,"gold_gain":75,"player_choice":"Gather Gold","damage_taken":11,"max_hp_gain":0,"max_hp_loss":0,"event_name":"World of Goop","floor":5,"gold_loss":0},{"damage_healed":0,"gold_gain":0,"player_choice":"Fought Mushrooms","damage_taken":0,"max_hp_gain":0,"max_hp_loss":0,"event_name":"Mushrooms","floor":14,"gold_loss":0}],"is_beta":false,"boss_relics":[{"not_picked":["Tiny House","Coffee Dripper"],"picked":"Empty Cage"},{"not_picked":["Pandora\u0027s Box","Snecko Eye"],"picked":"SacredBark"}],"items_purged_floors":[29],"is_endless":false,"potions_floor_spawned":[1,4,10,12,16,18,22,24,30,35],"killed_by":"Hallownest:Xero_Hu_Marmu","ascension_level":4}}