{"host":"tm3ghj8mno6gwywm","time":1612080351,"event":{"mods":["2.2 Compatiblity","AchievementEnabler","Bard","BaseMod","Beaked The Cultist","Better Third Choice","Colored Map","Colored Powertips","Conspire","Downfall","Glutton Mod","GungeonMod","Halation","Hermit","Hubris","Infinite Spire","Jorbs\u0027s Wanderer Trilogy","Mad Scientist","Marisa????????","Marked Mod","Mimic Mod","Minty Spire (QoL Compilation)","Potionbrewer","Quick Restart","Replay The Spire","Shade Mod","Shop Mod","Somnambulant","Spicy Shops","StSLib","SuperFastMode","The Bug Knight","The Construct","The Cursed","The Disciple","The Hierophant","The IronCluck","The Judge","The Jungle","The Necromancer","The Runesmith","The Servant 0.9.4","egg"],"gold_per_floor":[499,509,525,545,645,663,663,663,677,477,494,494,203,30,47,143,143,143,156,172,185,30,57,106,121,328,343,88,106,6,25,37,136,136,136,149,149,149,161,178,178,197,212,247,247,31,81,42,60,60,60,85,56,56,56,56],"floor_reached":57,"language":"ENG","playtime":2690,"items_purged":["hubris:Sloth"],"score":1322,"play_id":"6b7fba87-51d4-452b-b83a-248eb5b666fb","local_time":"20210131030551","is_ascension_mode":false,"campfire_choices":[{"floor":1,"key":"RECALL"},{"floor":10,"key":"REST"},{"data":"Slimebound:Split","floor":12,"key":"SMITH"},{"data":"Slimebound:CorrosiveSpit","floor":18,"key":"SMITH"},{"data":"Slimebound:LivingWall+1","floor":30,"key":"SMITH"},{"data":"Slimebound:AcidTongue+1","floor":35,"key":"SMITH"},{"data":"Slimebound:OozeBath+1","floor":45,"key":"SMITH"}],"circlet_count":0,"master_deck":["Slimebound:Strike_Slimebound","Slimebound:Strike_Slimebound","Slimebound:Strike_Slimebound","Slimebound:Tackle","Slimebound:Defend_Slimebound","Slimebound:Defend_Slimebound","Slimebound:Defend_Slimebound","Slimebound:Defend_Slimebound","Slimebound:Split+1","Slimebound:CorrosiveSpit+1","Slimebound:SplitMire+1","Slimebound:Repurpose+1","Slimebound:SplitLeeching+1","Slimebound:SplitLeeching+1","Slimebound:Gluttony+1","Slimebound:LeechLife+1","Slimebound:SlimeSlap+1","Slimebound:LeechEnergy+1","Slimebound:SelfFormingGoo+1","Slimebound:LeechingTouch+1","Slimebound:HauntingLick+1","Slimebound:RainOfGoop+1","Slimebound:GoopSpray+1","Slimebound:LeechEnergy+1","Slimebound:LivingWall+2","Slimebound:AcidTongue+2","Slimebound:AcidTongue+1","Slimebound:SamplingLick+1","Slimebound:AcidTongue+1","Slimebound:Recollect+1","expansioncontent:StudyTheSpire+1","Slimebound:HauntingLick+1","Mayhem+1","Slimebound:RejuvenatingLick+1","Slimebound:DuplicatedForm+1","Slimebound:HauntingLick+1","Slimebound:SplitBruiser+1","Slimebound:SplitMire+1","Slimebound:OozeBath+2","Slimebound:MegaLick+1","expansioncontent:InvincibleStrength+1","Slimebound:MegaLick+1","Slimebound:DivideAndConquer+1","Slimebound:SamplingLick+1","Slimebound:SplitAcid+1","Slimebound:LevelUp+1"],"relics":["Slimebound:AbsorbEndCombatUpgraded","Membership Card","Quantum Egg","Frozen Egg 2","Toxic Egg 2","Molten Egg 2","Black Star","Mummified Hand","Lizard Tail","WingedGreaves","Old Coin","downfall:HeartBlessingRed","downfall:HeartBlessingBlue","Bag of Preparation","DemoMod:ClearGuonStone","conspire:TopHat","Runesmith:AutoHammer","Slimebound:MaxSlimesRelic","infinitespire:Broken Mirror","MealTicket","Anchor","TungstenRod","ReplayTheSpireMod:CursedCoin","infinitespire:CheckeredPen","downfall:HeartBlessingGreen","halation:EternalFortune","Blue Candle","Meat on the Bone","halation:BottledLove","potionbrewer:Keyblade","Replay:Multitool","bronze:BronzeIdol","MerchantsRug","Boot"],"acts_visited":["Exordium","TheCity","TheBeyond","TheEnding"],"potions_floor_usage":[16,22,23,32,50],"damage_taken":[{"damage":7,"enemies":"Small Slimes","floor":2,"turns":4},{"damage":6,"enemies":"Cultist","floor":3,"turns":3},{"damage":5,"enemies":"2 Louse","floor":4,"turns":2},{"damage":24,"enemies":"Lots of Slimes","floor":6,"turns":4},{"damage":1,"enemies":"Exordium Thugs","floor":9,"turns":3},{"damage":4,"enemies":"Blue Slaver","floor":11,"turns":3},{"damage":1,"enemies":"downfall:FleeingMerchant","floor":13,"turns":4},{"damage":16,"enemies":"downfall:FleeingMerchant","floor":14,"turns":4},{"damage":0,"enemies":"Red Slaver","floor":15,"turns":2},{"damage":30,"enemies":"DF_ARCHETYPE_STREAMLINE","floor":16,"turns":6},{"damage":3,"enemies":"Shell Parasite","floor":19,"turns":3},{"damage":18,"enemies":"3 Byrds","floor":20,"turns":4},{"damage":4,"enemies":"3 Cultists","floor":21,"turns":4},{"damage":12,"enemies":"downfall:FleeingMerchant","floor":22,"turns":4},{"damage":3,"enemies":"Nightmare","floor":23,"turns":7},{"damage":1,"enemies":"Chosen and Byrds","floor":25,"turns":4},{"damage":0,"enemies":"downfall:FleeingMerchant","floor":26,"turns":1},{"damage":0,"enemies":"Snake Plant","floor":27,"turns":3},{"damage":0,"enemies":"Cultist and Chosen","floor":29,"turns":3},{"damage":0,"enemies":"Snecko","floor":31,"turns":3},{"damage":0,"enemies":"conspire:HollyBat","floor":32,"turns":9},{"damage":15,"enemies":"IC_MUSHROOM_ARCHETYPE","floor":33,"turns":6},{"damage":14,"enemies":"Orb Walker","floor":36,"turns":3},{"damage":9,"enemies":"3 Shapes","floor":39,"turns":4},{"damage":14,"enemies":"Writhing Mass","floor":40,"turns":3},{"damage":8,"enemies":"4 Shapes","floor":42,"turns":4},{"damage":15,"enemies":"3 Darklings","floor":43,"turns":4},{"damage":0,"enemies":"3 Darklings","floor":47,"turns":3},{"damage":4,"enemies":"Transient","floor":49,"turns":5},{"damage":35,"enemies":"WA_ARCHETYPE_DIVINITY","floor":50,"turns":11},{"damage":0,"enemies":"downfall:CharBossMerchant","floor":52,"turns":5},{"damage":24,"enemies":"downfall:NeowBoss","floor":55,"turns":12},{"damage":69,"enemies":"downfall:NeowBossFinal","floor":56,"turns":12}],"seed_played":"5441551448618275866","potions_obtained":[{"floor":9,"key":"Block Potion"},{"floor":11,"key":"ColorlessPotion"},{"floor":16,"key":"BlessingOfTheForge"},{"floor":23,"key":"Adrenaline Potion"},{"floor":32,"key":"SkillPotion"},{"floor":52,"key":"AttackPotion"}],"is_trial":false,"path_per_floor":["R","M","M","M","?","M","T","?","M","R","M","R","$","$","M","B",null,"R","M","M","M","$","NM","T","M","$","M","$","M","R","M","M","B",null,"R","M","?","?","M","M","T","M","M","?","R","$","?","$","M","B",null,"E","$","R","B","B",null],"character_chosen":"SLIMEBOUND","items_purchased":["Bag of Preparation","DemoMod:ClearGuonStone","Slimebound:LeechEnergy+1","Adrenaline Potion","conspire:TopHat","Slimebound:SelfFormingGoo+1","Slimebound:LeechingTouch+1","Runesmith:AutoHammer","Slimebound:AcidTongue+1","Slimebound:MaxSlimesRelic","Slimebound:AcidTongue+1","Anchor","Slimebound:Recollect+1","TungstenRod","ReplayTheSpireMod:CursedCoin","expansioncontent:StudyTheSpire","Mayhem+1","Slimebound:RejuvenatingLick+1","infinitespire:CheckeredPen","potionbrewer:Keyblade","Slimebound:MegaLick+1","expansioncontent:InvincibleStrength","Slimebound:DivideAndConquer+1","MerchantsRug","Boot","Slimebound:LevelUp+1"],"campfire_rested":1,"item_purchase_floors":[13,13,13,13,13,14,14,14,22,22,26,26,26,26,26,26,28,28,28,46,46,46,48,53,53,53],"current_hp_per_floor":[65,60,60,59,59,41,41,41,46,75,73,73,75,66,70,58,75,75,75,67,75,63,72,72,75,75,75,75,75,75,75,75,75,75,75,75,78,74,74,78,78,81,81,81,81,81,81,81,79,61,81,81,81,81,76,49],"gold":56,"neow_bonus":"HUNDRED_GOLD","is_daily":false,"chose_seed":false,"campfire_upgraded":5,"win_rate":0.0,"timestamp":1612080351,"path_taken":["R","M","M","M","?","?","T","?","M","R","M","R","$","$","M","BOSS","R","M","M","M","$","NM","T","?","?","M","$","M","R","M","M","BOSS","R","M","?","?","M","M","T","M","M","?","R","$","?","?","M","BOSS","E","$","R","BOSS","BOSS"],"items_purchased_type":["Relic","Relic","Card","Potion","Relic","Card","Card","Relic","Card","Relic","Card","Relic","Card","Relic","Relic","Card","Card","Card","Relic","Relic","Card","Card","Card","Relic","Relic","Card"],"build_version":"2020-12-22","purchased_purges":1,"victory":true,"max_hp_per_floor":[65,65,65,65,65,65,65,65,65,75,75,75,75,75,75,75,75,75,75,75,75,75,75,75,75,75,75,75,75,75,75,75,75,75,75,75,78,78,78,78,78,81,81,81,81,81,81,81,81,81,81,81,81,81,81,81],"card_choices":[{"not_picked":["Slimebound:RollThrough+1","Slimebound:SlimeSpikes+1"],"picked":"Slimebound:SplitMire+1","floor":2},{"not_picked":["Slimebound:Schlurp+1","Slimebound:ComboTackle+1"],"picked":"Slimebound:Repurpose+1","floor":3},{"not_picked":["Slimebound:ComboTackle+1","Slimebound:Equalize+1"],"picked":"Slimebound:SplitLeeching+1","floor":4},{"not_picked":["Slimebound:FinishingTackle+1","Slimebound:BestDefense+1"],"picked":"Slimebound:SplitLeeching+1","floor":6},{"not_picked":["Slimebound:FinishingTackle+1","Slimebound:GrowthPunch+1"],"picked":"Slimebound:Gluttony+1","floor":9},{"not_picked":["Slimebound:FinishingTackle+1","Slimebound:HauntingLick+1"],"picked":"Slimebound:LeechLife+1","floor":11},{"not_picked":["Slimebound:LeechEnergy+1","Slimebound:SplitMire+1"],"picked":"Slimebound:SlimeSlap+1","floor":13},{"not_picked":["Slimebound:FormOfPuddle+1","Slimebound:GoopTackle+1","Slimebound:SlimeBarrage+1"],"picked":"SKIP","floor":14},{"not_picked":["Slimebound:ServeAndProtect+1","Slimebound:Prepare+1"],"picked":"Slimebound:HauntingLick+1","floor":15},{"not_picked":["Slimebound:LeechEnergy+1","Slimebound:Gluttony+1"],"picked":"Slimebound:RainOfGoop+1","floor":19},{"not_picked":["Slimebound:ForwardTackle+1","Slimebound:PressTheAttack+1"],"picked":"Slimebound:GoopSpray+1","floor":20},{"not_picked":["Slimebound:GoopSpray+1","Slimebound:SplitAcid+1"],"picked":"Slimebound:LeechEnergy+1","floor":21},{"not_picked":["Slimebound:GrowthPunch+1","Slimebound:Replication+1"],"picked":"Slimebound:LivingWall+1","floor":22},{"not_picked":["Slimebound:GoopSpray+1","Slimebound:ComboTackle+1"],"picked":"Slimebound:AcidTongue+1","floor":23},{"not_picked":["Slimebound:Nibble+1","Slimebound:ItLooksTasty+1"],"picked":"Slimebound:SamplingLick+1","floor":25},{"not_picked":["Slimebound:ForwardTackle+1","Slimebound:LeechingTouch+1","Slimebound:Grow+1"],"picked":"SKIP","floor":26},{"not_picked":["Slimebound:Schlurp+1","Slimebound:GoopSpray+1"],"picked":"Slimebound:HauntingLick+1","floor":27},{"not_picked":["Slimebound:GoopTackle+1","Slimebound:Prepare+1","Slimebound:ViciousTackle+1"],"picked":"SKIP","floor":29},{"not_picked":["Slimebound:Replication+1","Slimebound:LivingWall+1","Slimebound:OneTwoCombo+1"],"picked":"SKIP","floor":31},{"not_picked":["Slimebound:LeechingTouch+1","Slimebound:GoopTackle+1","Slimebound:ComboTackle+1"],"picked":"SKIP","floor":32},{"not_picked":["Slimebound:OozeBath+1","Slimebound:FirmFortitude+1"],"picked":"Slimebound:DuplicatedForm+1","floor":33},{"not_picked":["Slimebound:ComboTackle+1","Slimebound:GoopSpray+1"],"picked":"Slimebound:HauntingLick+1","floor":36},{"not_picked":["Slimebound:ItLooksTasty+1","Slimebound:LeechEnergy+1","Slimebound:ForwardTackle+1"],"picked":"SKIP","floor":39},{"not_picked":["Slimebound:HauntingLick+1","Slimebound:ItLooksTasty+1"],"picked":"Slimebound:SplitBruiser+1","floor":40},{"not_picked":["Slimebound:SplitLeeching+1","Slimebound:FinishingTackle+1","Slimebound:RollThrough+1"],"picked":"SKIP","floor":42},{"not_picked":["Slimebound:BestDefense+1","Slimebound:SlimeSpikes+1"],"picked":"Slimebound:SplitMire+1","floor":43},{"not_picked":["Slimebound:BestDefense+1","Slimebound:LeechingTouch+1"],"picked":"Slimebound:OozeBath+1","floor":44},{"not_picked":["Slimebound:LivingWall+1","Slimebound:Nibble+1"],"picked":"Slimebound:MegaLick+1","floor":47},{"not_picked":["Slimebound:HauntingLick+1","Slimebound:LivingWall+1"],"picked":"Slimebound:SamplingLick+1","floor":49},{"not_picked":["Slimebound:HungryTackle+1","Slimebound:GoopTackle+1"],"picked":"Slimebound:SplitAcid+1","floor":52}],"player_experience":852514,"relics_obtained":[{"floor":23,"key":"infinitespire:Broken Mirror"},{"floor":23,"key":"conspire:InfiniteJournal"},{"floor":24,"key":"MealTicket"},{"floor":41,"key":"Meat on the Bone"},{"floor":42,"key":"halation:EternalFortune"},{"floor":44,"key":"halation:BottledLove"},{"floor":47,"key":"Replay:Multitool"},{"floor":52,"key":"bronze:BronzeIdol"},{"floor":52,"key":"Dead Branch"}],"event_choices":[],"is_beta":false,"boss_relics":[{"not_picked":["Replay:Bronze Core","Replay:Wanted Poster"],"picked":"Slimebound:AbsorbEndCombatUpgraded"},{"not_picked":["hubris:GrandSneckoEye","Runic Pyramid","ReplayTheSpireMod:DimensionalGlitch"]}],"items_purged_floors":[26],"is_endless":false,"potions_floor_spawned":[9,11,15,16,19,20,21,23,27,32,39,43,47,49,52],"ascension_level":0}}