{"host":"krw8blyxua7at9ak","time":1612086469,"event":{"mods":["BaseMod","Highlight Path","Minty Spire (QoL Compilation)","ojb\u0027s Info Mod"],"gold_per_floor":[116,116,116,116,135,135,171,171,171,209,225,19,53,67,67,166,166,189,204,204,227,242,242,273,273,273,288,288,288,288],"floor_reached":29,"language":"ENG","playtime":1063,"items_purged":[],"score":626,"play_id":"330b8780-b9c0-4bef-aeb1-956bce21b3d9","local_time":"20210131104749","is_ascension_mode":true,"campfire_choices":[{"data":"Slice","floor":6,"key":"SMITH"},{"data":"Underhanded Strike","floor":8,"key":"SMITH"},{"data":"Sucker Punch","floor":15,"key":"SMITH"},{"data":"Dash","floor":23,"key":"SMITH"},{"data":"Corpse Explosion","floor":25,"key":"SMITH"}],"circlet_count":0,"master_deck":["AscendersBane","Strike_G","Strike_G","Strike_G","Strike_G","Defend_G","Defend_G","Defend_G","Defend_G","Defend_G","Survivor","Neutralize","Slice+1","Underhanded Strike+1","Underhanded Strike+1","Sucker Punch+1","Infinite Blades","Blade Dance","Leg Sweep","Corpse Explosion+1","Dash+1","Underhanded Strike","Writhe"],"relics":["Ring of the Snake","Golden Idol","Toy Ornithopter","Mercury Hourglass","Pear","Anchor","Bag of Marbles","Snecko Eye","Nloth\u0027s Gift","Strawberry","TungstenRod"],"acts_visited":["Exordium","TheCity"],"potions_floor_usage":[10,14,16,16,24,24,29],"damage_taken":[{"damage":0,"enemies":"2 Louse","floor":1,"turns":1},{"damage":0,"enemies":"Small Slimes","floor":5,"turns":1},{"damage":0,"enemies":"Lagavulin","floor":7,"turns":1},{"damage":30,"enemies":"Gremlin Nob","floor":10,"turns":4},{"damage":1,"enemies":"Cultist","floor":11,"turns":3},{"damage":17,"enemies":"Lagavulin","floor":13,"turns":6},{"damage":4,"enemies":"Exordium Thugs","floor":14,"turns":3},{"damage":19,"enemies":"Hexaghost","floor":16,"turns":11},{"damage":8,"enemies":"Spheric Guardian","floor":18,"turns":4},{"damage":14,"enemies":"Chosen","floor":19,"turns":5},{"damage":0,"enemies":"Snake Plant","floor":21,"turns":3},{"damage":14,"enemies":"Shelled Parasite and Fungi","floor":22,"turns":4},{"damage":0,"enemies":"Gremlin Leader","floor":24,"turns":6},{"damage":12,"enemies":"Cultist and Chosen","floor":27,"turns":4},{"damage":32,"enemies":"Book of Stabbing","floor":29,"turns":4}],"seed_played":"-2508099433079369013","potions_obtained":[{"floor":7,"key":"SkillPotion"},{"floor":10,"key":"DuplicationPotion"},{"floor":11,"key":"LiquidMemories"},{"floor":14,"key":"AttackPotion"},{"floor":18,"key":"SteroidPotion"},{"floor":22,"key":"SkillPotion"},{"floor":24,"key":"CunningPotion"}],"is_trial":false,"path_per_floor":["M","?","?","?","M","R","E","R","T","E","M","$","E","M","R","B",null,"M","M","?","M","M","R","E","R","T","M","?","E"],"character_chosen":"THE_SILENT","items_purchased":["Anchor","Infinite Blades"],"campfire_rested":0,"item_purchase_floors":[12,12],"current_hp_per_floor":[59,59,59,59,59,59,59,59,59,40,39,39,22,23,23,14,56,48,34,34,34,20,20,37,37,37,25,25,0,0],"gold":288,"neow_bonus":"THREE_ENEMY_KILL","is_daily":false,"chose_seed":false,"campfire_upgraded":5,"win_rate":0.0,"timestamp":1612086469,"path_taken":["M","?","?","?","?","R","E","R","T","E","M","?","E","M","R","BOSS","M","?","?","M","M","R","E","R","T","?","?","E"],"items_purchased_type":["Relic","Card"],"build_version":"2020-12-22","purchased_purges":0,"victory":false,"max_hp_per_floor":[66,66,60,60,60,60,60,60,60,70,70,70,70,70,70,70,70,70,70,70,70,70,70,77,77,77,77,77,77,77],"card_choices":[{"not_picked":["Dodge and Roll","Quick Slash"],"picked":"Slice","floor":1},{"not_picked":["Dodge and Roll","Catalyst","Flechettes"],"picked":"SKIP","floor":5},{"not_picked":["PiercingWail","Night Terror"],"picked":"Underhanded Strike","floor":7},{"not_picked":["Deadly Poison","Flying Knee"],"picked":"Sucker Punch","floor":10},{"not_picked":["Calculated Gamble","Sucker Punch","Outmaneuver"],"picked":"SKIP","floor":11},{"not_picked":["Night Terror","Heel Hook"],"picked":"Blade Dance","floor":13},{"not_picked":["Flying Knee","Predator"],"picked":"Leg Sweep","floor":14},{"not_picked":["Malaise","A Thousand Cuts"],"picked":"Corpse Explosion","floor":16},{"not_picked":["Blur","Noxious Fumes","Calculated Gamble"],"picked":"SKIP","floor":18},{"not_picked":["Cloak And Dagger","Infinite Blades+1","Flying Knee"],"picked":"SKIP","floor":19},{"not_picked":["After Image","Bouncing Flask"],"picked":"Dash","floor":21},{"not_picked":["Outmaneuver","Deadly Poison","Adrenaline"],"picked":"SKIP","floor":22},{"not_picked":["Reflex","Expertise"],"picked":"Underhanded Strike","floor":24},{"not_picked":["Deflect","Footwork","Skewer"],"picked":"SKIP","floor":27}],"player_experience":374852,"relics_obtained":[{"floor":7,"key":"Toy Ornithopter"},{"floor":9,"key":"Mercury Hourglass"},{"floor":10,"key":"Pear"},{"floor":13,"key":"Bag of Marbles"},{"floor":24,"key":"Strawberry"}],"event_choices":[{"damage_healed":0,"gold_gain":0,"cards_transformed":["Strike_G"],"player_choice":"Change","damage_taken":0,"max_hp_gain":0,"max_hp_loss":0,"event_name":"Living Wall","floor":2,"gold_loss":0,"cards_obtained":["Underhanded Strike"]},{"damage_healed":0,"gold_gain":0,"player_choice":"Lose Max HP","damage_taken":0,"relics_obtained":["Golden Idol"],"max_hp_gain":0,"max_hp_loss":6,"event_name":"Golden Idol","floor":3,"gold_loss":0},{"damage_healed":0,"gold_gain":0,"player_choice":"Upgraded","damage_taken":0,"max_hp_gain":0,"max_hp_loss":0,"event_name":"Upgrade Shrine","floor":4,"gold_loss":0,"cards_upgraded":["Underhanded Strike"]},{"damage_healed":0,"gold_gain":0,"player_choice":"Traded Relic","damage_taken":0,"relics_obtained":["Nloth\u0027s Gift"],"max_hp_gain":0,"max_hp_loss":0,"event_name":"N\u0027loth","floor":20,"relics_lost":["NeowsBlessing"],"gold_loss":0},{"damage_healed":0,"gold_gain":0,"player_choice":"Opened","damage_taken":0,"relics_obtained":["TungstenRod"],"max_hp_gain":0,"max_hp_loss":0,"event_name":"The Mausoleum","floor":28,"gold_loss":0,"cards_obtained":["Writhe"]}],"is_beta":false,"boss_relics":[{"not_picked":["HoveringKite","Philosopher\u0027s Stone"],"picked":"Snecko Eye"}],"items_purged_floors":[],"is_endless":false,"potions_floor_spawned":[7,10,11,14,18,22,24],"killed_by":"Book of Stabbing","ascension_level":20}}