{"host":"rb2p2z6v6vieend5","time":1612120850,"event":{"mods":["BaseMod","Block Reminder","Colored Map","DeckTracker","Highlight Path","Minty Spire (QoL Compilation)","Random Character Button","Relic Stats"],"gold_per_floor":[19,35,35,35,50,50,62,62,62,95,95,122,133,144,144,242,242,254,214,225,225,83,83,83,83,83,95,16,43,43,61,61,158,158,174,185,185,198,59,59,93,93,93,93,93,104,117,135,135,135],"floor_reached":51,"language":"ENG","playtime":2365,"items_purged":["Strike_G+1","Strike_G+1"],"score":1036,"play_id":"4bcd0cf4-324a-43d4-8c1a-430c97f7593e","local_time":"20210131202050","is_ascension_mode":true,"campfire_choices":[{"data":"1","floor":6,"key":"LIFT"},{"data":"2","floor":8,"key":"LIFT"},{"data":"3","floor":11,"key":"LIFT"},{"data":"Phantasmal Killer","floor":15,"key":"SMITH"},{"data":"Envenom","floor":23,"key":"SMITH"},{"floor":25,"key":"REST"},{"floor":32,"key":"REST"},{"floor":40,"key":"REST"},{"floor":42,"key":"REST"},{"data":"Envenom","floor":45,"key":"SMITH"},{"floor":49,"key":"REST"}],"circlet_count":0,"master_deck":["AscendersBane","Defend_G+1","Defend_G+1","Defend_G+1","Defend_G+1","Defend_G+1","Survivor","Neutralize+1","Escape Plan","Backflip","All Out Attack","Blade Dance","Dash","Accuracy","Phantasmal Killer+1","Envenom+1","Terror+1","Footwork","Infinite Blades","Blade Dance","Envenom+1","Cloak And Dagger+1","Accuracy","Blade Dance"],"relics":["Ring of the Snake","Girya","Pear","Potion Belt","Snake Skull","Nunchaku","Empty Cage","Enchiridion","Strawberry","Darkstone Periapt","SacredBark","Blue Candle","Question Card"],"acts_visited":["Exordium","TheCity","TheBeyond"],"potions_floor_usage":[33,33,50,50,50],"damage_taken":[{"damage":0,"enemies":"Cultist","floor":1,"turns":5},{"damage":4,"enemies":"Small Slimes","floor":2,"turns":4},{"damage":0,"enemies":"Jaw Worm","floor":5,"turns":5},{"damage":7,"enemies":"Gremlin Gang","floor":7,"turns":3},{"damage":15,"enemies":"Gremlin Nob","floor":10,"turns":4},{"damage":7,"enemies":"3 Sentries","floor":12,"turns":6},{"damage":0,"enemies":"Blue Slaver","floor":13,"turns":2},{"damage":0,"enemies":"Exordium Wildlife","floor":14,"turns":2},{"damage":14,"enemies":"Slime Boss","floor":16,"turns":7},{"damage":12,"enemies":"Shell Parasite","floor":18,"turns":4},{"damage":6,"enemies":"Chosen","floor":20,"turns":4},{"damage":6,"enemies":"Snake Plant","floor":27,"turns":5},{"damage":21,"enemies":"Book of Stabbing","floor":29,"turns":5},{"damage":11,"enemies":"Sentry and Sphere","floor":31,"turns":6},{"damage":26,"enemies":"Collector","floor":33,"turns":5},{"damage":23,"enemies":"3 Darklings","floor":35,"turns":5},{"damage":0,"enemies":"Orb Walker","floor":36,"turns":3},{"damage":19,"enemies":"Sphere and 2 Shapes","floor":38,"turns":7},{"damage":43,"enemies":"Reptomancer","floor":41,"turns":6},{"damage":14,"enemies":"Writhing Mass","floor":46,"turns":5},{"damage":2,"enemies":"Transient","floor":47,"turns":5},{"damage":17,"enemies":"Maw","floor":48,"turns":5},{"damage":22,"enemies":"Donu and Deca","floor":50,"turns":4}],"seed_played":"4993432349193637667","potions_obtained":[{"floor":1,"key":"SteroidPotion"},{"floor":5,"key":"BlessingOfTheForge"},{"floor":14,"key":"Regen Potion"},{"floor":18,"key":"CunningPotion"},{"floor":19,"key":"Swift Potion"},{"floor":19,"key":"Block Potion"},{"floor":46,"key":"LiquidBronze"},{"floor":47,"key":"CunningPotion"},{"floor":48,"key":"GamblersBrew"}],"is_trial":false,"path_per_floor":["M","M","T","?","M","R","M","R","T","E","R","E","M","M","R","B",null,"M","?","M","?","$","R","?","R","T","M","$","E","$","M","R","B",null,"M","M","?","M","$","R","E","R","T","?","R","M","M","M","R","B",null],"character_chosen":"THE_SILENT","items_purchased":["Footwork","Infinite Blades","Accuracy"],"campfire_rested":5,"item_purchase_floors":[22,28,39],"current_hp_per_floor":[63,59,69,69,69,69,62,62,62,47,47,40,40,40,40,26,67,55,55,49,49,49,49,33,57,64,58,58,37,37,26,52,38,75,52,52,52,33,33,57,14,38,38,38,38,24,22,5,29,7],"gold":135,"neow_bonus":"ONE_RARE_RELIC","is_daily":false,"chose_seed":false,"campfire_upgraded":3,"win_rate":0.0,"timestamp":1612120850,"path_taken":["M","M","?","?","M","R","M","R","T","E","R","E","?","M","R","BOSS","M","?","?","?","?","R","?","R","T","M","$","E","$","M","R","BOSS","M","M","?","M","?","R","E","R","T","?","R","M","?","M","R","BOSS"],"items_purchased_type":["Card","Card","Card"],"build_version":"2020-12-22","purchased_purges":2,"victory":true,"max_hp_per_floor":[70,70,80,80,80,80,80,80,80,80,80,80,80,80,80,80,80,80,80,80,80,80,80,80,80,87,87,87,87,87,87,87,87,87,87,87,83,83,83,83,83,83,83,83,83,83,83,83,83,83],"relic_stats":{"Darkstone Periapt":0,"Nunchaku":[21],"counters":[23,107],"Blue Candle":[0],"Snake Skull":[113],"Question Card":3,"obtain_stats":[{"Potion Belt":9,"Darkstone Periapt":29,"Girya":0,"Pear":3,"SacredBark":34,"Blue Candle":41,"Enchiridion":24,"Snake Skull":10,"Empty Cage":17,"Question Card":43,"Nunchaku":12,"Strawberry":26,"Ring of the Snake":0},{"Potion Belt":4,"Darkstone Periapt":13,"Girya":0,"Pear":2,"SacredBark":15,"Blue Candle":19,"Enchiridion":11,"Snake Skull":5,"Empty Cage":9,"Question Card":19,"Nunchaku":6,"Strawberry":11,"Ring of the Snake":0},{"Potion Belt":17,"Darkstone Periapt":56,"Girya":0,"Pear":9,"SacredBark":67,"Blue Candle":88,"Enchiridion":46,"Snake Skull":21,"Empty Cage":38,"Question Card":88,"Nunchaku":27,"Strawberry":46,"Ring of the Snake":0}],"Ring of the Snake":[46]},"card_choices":[{"not_picked":["Flying Knee","PiercingWail"],"picked":"Escape Plan","floor":1},{"not_picked":["Catalyst","Prepared"],"picked":"Backflip","floor":2},{"not_picked":["Accuracy","Tactician"],"picked":"All Out Attack","floor":5},{"not_picked":["Cloak And Dagger","Acrobatics"],"picked":"Blade Dance","floor":7},{"not_picked":["Endless Agony","Heel Hook"],"picked":"Dash","floor":10},{"not_picked":["Backflip","Tactician"],"picked":"Accuracy","floor":12},{"not_picked":["Distraction","Quick Slash","Deadly Poison"],"picked":"SKIP","floor":13},{"not_picked":["Calculated Gamble","PiercingWail"],"picked":"Phantasmal Killer","floor":14},{"not_picked":["Bullet Time","Malaise"],"picked":"Envenom","floor":16},{"not_picked":["Dagger Spray","Prepared"],"picked":"Terror+1","floor":18},{"not_picked":["Tactician+1","Dagger Throw+1","Slice+1"],"picked":"SKIP","floor":20},{"not_picked":["Deflect+1","Flying Knee","Slice"],"picked":"SKIP","floor":27},{"not_picked":["Dodge and Roll","Prepared","Slice+1"],"picked":"SKIP","floor":29},{"not_picked":["Deadly Poison","Acrobatics"],"picked":"Blade Dance","floor":31},{"not_picked":["Adrenaline","Bullet Time"],"picked":"Envenom","floor":33},{"not_picked":["All Out Attack+1","Deflect+1","Dagger Spray"],"picked":"SKIP","floor":35},{"not_picked":["Catalyst+1","Deadly Poison+1","Concentrate"],"picked":"SKIP","floor":36},{"not_picked":["All Out Attack","Expertise"],"picked":"Cloak And Dagger+1","floor":38},{"not_picked":["Bane+1","Riddle With Holes"],"picked":"Blade Dance","floor":41},{"not_picked":["Cloak And Dagger+1","Outmaneuver","Quick Slash","Acrobatics+1"],"picked":"SKIP","floor":46},{"not_picked":["Dagger Spray","PiercingWail+1","Well Laid Plans+1","Phantasmal Killer"],"picked":"SKIP","floor":47},{"not_picked":["Poisoned Stab","Riddle With Holes+1","Sucker Punch","Well Laid Plans+1"],"picked":"SKIP","floor":48}],"player_experience":655473,"relics_obtained":[{"floor":3,"key":"Pear"},{"floor":9,"key":"Potion Belt"},{"floor":10,"key":"Snake Skull"},{"floor":12,"key":"Nunchaku"},{"floor":24,"key":"Enchiridion"},{"floor":26,"key":"Strawberry"},{"floor":29,"key":"Darkstone Periapt"},{"floor":41,"key":"Blue Candle"},{"floor":43,"key":"Question Card"}],"event_choices":[{"damage_healed":0,"gold_gain":0,"player_choice":"Upgraded","damage_taken":0,"max_hp_gain":0,"max_hp_loss":0,"event_name":"Upgrade Shrine","floor":4,"gold_loss":0,"cards_upgraded":["Neutralize"]},{"damage_healed":0,"gold_gain":0,"player_choice":"Bought 3 Potions","damage_taken":0,"max_hp_gain":0,"max_hp_loss":0,"event_name":"The Woman in Blue","floor":19,"gold_loss":0},{"damage_healed":0,"gold_gain":0,"player_choice":"Simplicity","damage_taken":0,"max_hp_gain":0,"max_hp_loss":0,"event_name":"Back to Basics","floor":21,"gold_loss":0,"cards_upgraded":["Strike_G","Strike_G","Strike_G","Defend_G","Defend_G","Defend_G","Defend_G","Defend_G"]},{"damage_healed":0,"gold_gain":0,"player_choice":"Obtained Book","damage_taken":16,"max_hp_gain":0,"max_hp_loss":0,"event_name":"Cursed Tome","floor":24,"gold_loss":0},{"damage_healed":0,"gold_gain":0,"player_choice":"Max HP","damage_taken":0,"max_hp_gain":0,"max_hp_loss":4,"event_name":"Winding Halls","floor":37,"gold_loss":0},{"cards_removed":["Strike_G"],"damage_healed":0,"gold_gain":0,"player_choice":"Purged","damage_taken":0,"max_hp_gain":0,"max_hp_loss":0,"event_name":"Purifier","floor":44,"gold_loss":0}],"is_beta":false,"boss_relics":[{"not_picked":["Sozu","Cursed Key"],"picked":"Empty Cage"},{"not_picked":["Philosopher\u0027s Stone","HoveringKite"],"picked":"SacredBark"}],"items_purged_floors":[22,39],"is_endless":false,"potions_floor_spawned":[1,5,14,18,46,47,48],"ascension_level":10}}