{"host":"ewe4oe702q4ujr6i","time":1612100680,"event":{"mods":["BaseMod","Colored Map","Colored Powertips","DeckTracker","Minty Spire (QoL Compilation)","SuperFastMode"],"gold_per_floor":[117,117,117,117,137,137,170,25,25,25,41,61,92,92,92,196,196,206,206,218,271,300,330,330,13,13,54,77,77,96,119,119,228,228,251,251,269,282,282,317,329,370,435,471,515,549,561,31,31,31],"floor_reached":51,"language":"KOR","playtime":3026,"items_purged":["Regret","Strike_G"],"score":805,"play_id":"186548f8-9fa6-4827-b5e2-75be5ccf9e0b","local_time":"20210131224440","is_ascension_mode":false,"campfire_choices":[{"data":"Neutralize","floor":6,"key":"SMITH"},{"data":"Bouncing Flask","floor":10,"key":"SMITH"},{"data":"Crippling Poison","floor":15,"key":"SMITH"},{"data":"After Image","floor":24,"key":"SMITH"},{"floor":29,"key":"REST"},{"floor":32,"key":"REST"},{"data":"Bouncing Flask","floor":41,"key":"SMITH"},{"data":"Footwork","floor":49,"key":"SMITH"}],"circlet_count":0,"master_deck":["Strike_G","Strike_G","Strike_G","Defend_G","Defend_G+1","Defend_G+1","Defend_G","Defend_G","Survivor","Neutralize+1","Bouncing Flask+1","Well Laid Plans","Crippling Poison+1","Flying Knee","After Image+1","Deadly Poison","Expertise","Footwork+1","PiercingWail+1","Leg Sweep","Acrobatics","Bouncing Flask+1","Footwork","After Image","PiercingWail+1","Madness","Madness","Deadly Poison+1","Escape Plan+1","Backflip","After Image+1"],"relics":["Ring of the Snake","MealTicket","Art of War","Pear","Blood Vial","Anchor","Tiny Chest","Question Card","Mummified Hand","Snake Skull","Sozu","CeramicFish","Darkstone Periapt","Bottled Tornado","Molten Egg 2","Lantern","Black Star","Oddly Smooth Stone","MawBank","Ornamental Fan","War Paint","Regal Pillow","Sundial","Tough Bandages","DollysMirror"],"acts_visited":["Exordium","TheCity","TheBeyond"],"potions_floor_usage":[7,16,23],"damage_taken":[{"damage":2,"enemies":"Jaw Worm","floor":1,"turns":4},{"damage":2,"enemies":"2 Louse","floor":5,"turns":4},{"damage":20,"enemies":"Gremlin Nob","floor":7,"turns":4},{"damage":0,"enemies":"Cultist","floor":11,"turns":4},{"damage":2,"enemies":"Red Slaver","floor":12,"turns":3},{"damage":44,"enemies":"3 Sentries","floor":13,"turns":11},{"damage":17,"enemies":"Hexaghost","floor":16,"turns":7},{"damage":6,"enemies":"3 Byrds","floor":18,"turns":4},{"damage":1,"enemies":"Spheric Guardian","floor":20,"turns":3},{"damage":14,"enemies":"Snecko","floor":22,"turns":4},{"damage":20,"enemies":"Book of Stabbing","floor":23,"turns":6},{"damage":59,"enemies":"Gremlin Leader","floor":27,"turns":8},{"damage":0,"enemies":"Cultist and Chosen","floor":28,"turns":4},{"damage":0,"enemies":"3 Cultists","floor":30,"turns":5},{"damage":0,"enemies":"Shelled Parasite and Fungi","floor":31,"turns":5},{"damage":4,"enemies":"Champ","floor":33,"turns":11},{"damage":0,"enemies":"3 Shapes","floor":35,"turns":4},{"damage":0,"enemies":"3 Darklings","floor":38,"turns":7},{"damage":28,"enemies":"Reptomancer","floor":40,"turns":8},{"damage":28,"enemies":"Spire Growth","floor":42,"turns":5},{"damage":0,"enemies":"Transient","floor":44,"turns":5},{"damage":0,"enemies":"Giant Head","floor":45,"turns":8},{"damage":10,"enemies":"Maw","floor":46,"turns":7},{"damage":10,"enemies":"Time Eater","floor":50,"turns":13}],"seed_played":"1597369084176955131","potions_obtained":[{"floor":5,"key":"SteroidPotion"},{"floor":12,"key":"Energy Potion"},{"floor":13,"key":"LiquidMemories"}],"is_trial":false,"path_per_floor":["M","?","?","?","M","R","E","$","T","R","M","M","E","T","R","B",null,"M","?","M","T","M","E","R","$","T","E","M","R","M","M","R","B",null,"M","T","?","M","T","E","R","M","T","M","E","M","?","$","R","B",null],"character_chosen":"THE_SILENT","items_purchased":["Tiny Chest","Bottled Tornado","Tough Bandages","DollysMirror"],"campfire_rested":2,"item_purchase_floors":[8,25,48,48],"current_hp_per_floor":[68,65,75,75,75,75,57,72,72,72,74,74,32,32,32,17,80,74,74,75,75,63,45,45,60,60,3,5,29,31,33,57,55,80,80,80,70,72,72,46,46,20,20,22,24,16,16,31,31,23],"gold":31,"neow_bonus":"RANDOM_COMMON_RELIC","is_daily":false,"chose_seed":false,"campfire_upgraded":6,"win_rate":0.0,"timestamp":1612100680,"path_taken":["M","?","?","?","?","R","E","?","T","R","M","M","E","?","R","BOSS","M","?","?","?","M","E","R","$","T","E","?","R","M","M","R","BOSS","M","?","?","M","?","E","R","M","T","M","E","M","?","$","R","BOSS"],"items_purchased_type":["Relic","Relic","Relic","Relic"],"build_version":"2020-12-22","purchased_purges":2,"victory":true,"max_hp_per_floor":[70,70,80,80,80,80,80,80,80,80,80,80,80,80,80,80,80,80,80,80,80,80,80,80,80,80,80,80,80,80,80,80,80,80,80,80,80,80,80,80,80,80,80,80,80,80,80,80,80,80],"card_choices":[{"not_picked":["Flying Knee","PiercingWail"],"picked":"Poisoned Stab","floor":1},{"not_picked":["Dagger Throw","Well Laid Plans"],"picked":"Bouncing Flask","floor":5},{"not_picked":["Quick Slash","Dagger Throw"],"picked":"Well Laid Plans","floor":7},{"not_picked":["Deflect","Prepared","Blade Dance","Slice"],"picked":"SKIP","floor":11},{"not_picked":["Acrobatics","Well Laid Plans","Dagger Spray"],"picked":"Crippling Poison","floor":12},{"not_picked":["Predator","Quick Slash","Heel Hook"],"picked":"Flying Knee","floor":13},{"not_picked":["Die Die Die","Envenom","Corpse Explosion"],"picked":"After Image","floor":16},{"not_picked":["Infinite Blades+1","Quick Slash+1","Dodge and Roll+1"],"picked":"Deadly Poison","floor":18},{"not_picked":["Noxious Fumes","Deflect","PiercingWail+1"],"picked":"Footwork","floor":20},{"not_picked":["Slice","Accuracy+1","Dagger Spray"],"picked":"PiercingWail+1","floor":22},{"not_picked":["Cloak And Dagger","Skewer+1","Slice","Sucker Punch"],"picked":"SKIP","floor":23},{"not_picked":["Dash+1","Quick Slash+1","Finisher+1"],"picked":"Leg Sweep","floor":27},{"not_picked":["Underhanded Strike+1","Grand Finale+1","Reflex"],"picked":"Acrobatics","floor":28},{"not_picked":["Blade Dance+1","Concentrate","Cloak And Dagger"],"picked":"Bouncing Flask","floor":30},{"not_picked":["Dodge and Roll","Deflect","PiercingWail+1"],"picked":"Footwork","floor":31},{"not_picked":["Burst","Bullet Time","A Thousand Cuts"],"picked":"After Image","floor":33},{"not_picked":["Quick Slash+1","Dagger Throw+1","Crippling Poison"],"picked":"PiercingWail+1","floor":35},{"not_picked":["Slice+1","Underhanded Strike+1","Backstab+1","Concentrate"],"picked":"SKIP","floor":38},{"not_picked":["Sucker Punch+1","Terror","Tactician+1","Venomology"],"picked":"SKIP","floor":40},{"not_picked":["Cloak And Dagger+1","Deflect+1","Riddle With Holes+1"],"picked":"Deadly Poison+1","floor":42},{"not_picked":["Terror+1","Flechettes+1","Dagger Throw+1"],"picked":"Escape Plan+1","floor":44},{"not_picked":["Sucker Punch+1","Poisoned Stab+1","Expertise","Heel Hook+1"],"picked":"SKIP","floor":45},{"not_picked":["Slice+1","Die Die Die+1","Deadly Poison+1"],"picked":"Backflip","floor":46}],"player_experience":183660,"relics_obtained":[{"floor":7,"key":"Anchor"},{"floor":9,"key":"Question Card"},{"floor":13,"key":"Mummified Hand"},{"floor":14,"key":"Snake Skull"},{"floor":21,"key":"CeramicFish"},{"floor":23,"key":"Darkstone Periapt"},{"floor":26,"key":"Molten Egg 2"},{"floor":27,"key":"Lantern"},{"floor":36,"key":"Oddly Smooth Stone"},{"floor":40,"key":"MawBank"},{"floor":40,"key":"Ornamental Fan"},{"floor":43,"key":"War Paint"},{"floor":45,"key":"Regal Pillow"},{"floor":45,"key":"Sundial"}],"event_choices":[{"damage_healed":0,"gold_gain":0,"player_choice":"Success","damage_taken":3,"relics_obtained":["Art of War"],"max_hp_gain":0,"max_hp_loss":0,"event_name":"Scrap Ooze","floor":2,"gold_loss":0},{"damage_healed":0,"gold_gain":0,"player_choice":"Box","damage_taken":0,"relics_obtained":["Pear"],"max_hp_gain":0,"max_hp_loss":0,"event_name":"Big Fish","floor":3,"gold_loss":0,"cards_obtained":["Regret"]},{"cards_removed":["Poisoned Stab"],"damage_healed":0,"gold_gain":0,"player_choice":"Gave Card","damage_taken":0,"relics_obtained":["Blood Vial"],"max_hp_gain":0,"max_hp_loss":0,"event_name":"WeMeetAgain","floor":4,"gold_loss":0},{"damage_healed":0,"gold_gain":0,"cards_transformed":["Strike_G"],"player_choice":"Transformed","damage_taken":0,"max_hp_gain":0,"max_hp_loss":0,"event_name":"Transmorgrifier","floor":19,"gold_loss":0,"cards_obtained":["Expertise"]},{"damage_healed":0,"gold_gain":0,"player_choice":"Embrace Madness","damage_taken":10,"max_hp_gain":0,"max_hp_loss":0,"event_name":"Winding Halls","floor":37,"gold_loss":0,"cards_obtained":["Madness","Madness"]},{"damage_healed":0,"gold_gain":0,"player_choice":"Ignored","damage_taken":0,"max_hp_gain":0,"max_hp_loss":0,"event_name":"Tomb of Lord Red Mask","floor":47,"gold_loss":0}],"is_beta":false,"boss_relics":[{"not_picked":["Snecko Eye","Ectoplasm"],"picked":"Sozu"},{"not_picked":["Calling Bell","Astrolabe"],"picked":"Black Star"}],"items_purged_floors":[25,48],"is_endless":false,"potions_floor_spawned":[5,12,13,18,28,38,44,46],"ascension_level":0}}