{"host":"oigynbtg272c19pw","time":1612102974,"event":{"mods":["BaseMod","Colored Map","Minty Spire (QoL Compilation)","Relic Stats","Slay the Relics Exporter","StSLib"],"gold_per_floor":[113,113,129,144,158,184,121,133,171,183,195,207,249,272,284,369,381,409,421,433,445,457,469,469],"floor_reached":23,"playtime":820,"items_purged":[],"score":419,"play_id":"a74a6662-50e4-4479-a4a8-945d79b1d818","local_time":"20210131152254","is_ascension_mode":true,"campfire_choices":[{"data":"Double Tap","floor":8.0,"key":"SMITH"},{"data":"Pommel Strike","floor":11.0,"key":"SMITH"},{"data":"Rupture","floor":15.0,"key":"SMITH"}],"circlet_count":0,"master_deck":["AscendersBane","Bash","Fiend Fire","Anger","Double Tap+1","Pommel Strike+1","Twin Strike","Battle Trance","Demon Form","Regret","Rupture+1","Feed","Flex","Barricade","Exhume","Carnage","Second Wind","Shockwave","Dual Wield","Writhe","Bite","Bite","Bite","Bite","Bite","Rupture","Evolve"],"relics":["Burning Blood","MawBank","Smiling Mask","Lantern","Potion Belt","Pandora\u0027s Box","Red Skull"],"acts_visited":["Exordium","TheCity"],"potions_floor_usage":[],"damage_taken":[{"damage":5.0,"enemies":"Small Slimes","floor":1.0,"turns":3.0},{"damage":1.0,"enemies":"Cultist","floor":3.0,"turns":3.0},{"damage":7.0,"enemies":"2 Louse","floor":4.0,"turns":3.0},{"damage":12.0,"enemies":"Looter","floor":5.0,"turns":3.0},{"damage":25.0,"enemies":"3 Sentries","floor":6.0,"turns":6.0},{"damage":8.0,"enemies":"Gremlin Nob","floor":13.0,"turns":3.0},{"damage":8.0,"enemies":"Blue Slaver","floor":14.0,"turns":2.0},{"damage":18.0,"enemies":"The Guardian","floor":16.0,"turns":8.0},{"damage":25,"enemies":"Spheric Guardian","floor":18,"turns":4},{"damage":41,"enemies":"Gremlin Leader","floor":23,"turns":2}],"seed_played":"-8434074440137314229","potions_obtained":[{"floor":3.0,"key":"SkillPotion"},{"floor":5.0,"key":"Explosive Potion"},{"floor":13.0,"key":"HeartOfIron"},{"floor":14.0,"key":"BlessingOfTheForge"}],"is_trial":false,"path_per_floor":["M","?","M","M","M","E","?","R","T","$","R","?","E","M","R","B",null,"M","?","?","?","?","E"],"character_chosen":"IRONCLAD","items_purchased":[],"campfire_rested":0,"item_purchase_floors":[],"current_hp_per_floor":[69,69,74,73,67,48,48,48,48,48,48,48,46,44,44,32,64,48,48,48,34,34,0,0],"gold":469,"neow_bonus":"ONE_RANDOM_RARE_CARD","is_daily":false,"chose_seed":false,"campfire_upgraded":3,"win_rate":0.0,"timestamp":1612102974,"path_taken":["M","?","?","M","M","E","?","R","T","$","R","?","E","M","R","BOSS","M","?","?","?","?","E"],"items_purchased_type":[],"build_version":"2020-12-13","purchased_purges":0,"victory":false,"max_hp_per_floor":[75,75,75,75,75,75,75,75,75,75,75,75,75,75,75,75,75,78,78,54,59,59,59,59],"relic_stats":{"counters":[10,37],"Pandora\u0027s Box":["Metallicize","Flex","Barricade","Exhume","Carnage","Pommel Strike","Second Wind","Shockwave"],"MawBank":204,"Smiling Mask":0,"obtain_stats":[{"Potion Belt":13,"Lantern":12,"Pandora\u0027s Box":17,"MawBank":6,"Smiling Mask":9,"Burning Blood":0,"Red Skull":19},{"Potion Belt":6,"Lantern":5,"Pandora\u0027s Box":8,"MawBank":5,"Smiling Mask":5,"Burning Blood":0,"Red Skull":9},{"Potion Belt":21,"Lantern":18,"Pandora\u0027s Box":31,"MawBank":18,"Smiling Mask":18,"Burning Blood":0,"Red Skull":35}],"Burning Blood":54},"card_choices":[{"not_picked":["Headbutt","Heavy Blade"],"picked":"Anger","floor":1.0},{"not_picked":["Clothesline","Reckless Charge"],"picked":"Pommel Strike","floor":3.0},{"not_picked":["Warcry","Flex"],"picked":"Twin Strike","floor":4.0},{"not_picked":["Headbutt","Rampage"],"picked":"Battle Trance","floor":5.0},{"not_picked":["Blood for Blood","Sever Soul"],"picked":"Demon Form","floor":6.0},{"not_picked":["Warcry","Seeing Red"],"picked":"Rupture","floor":13.0},{"not_picked":["Pommel Strike","Clash","Clothesline"],"picked":"SKIP","floor":14.0},{"not_picked":["Impervious","Corruption"],"picked":"Feed","floor":16.0},{"not_picked":["Twin Strike","Cleave"],"picked":"Dual Wield","floor":18}],"player_experience":1518891,"relics_obtained":[{"floor":6.0,"key":"MawBank"},{"floor":9.0,"key":"Smiling Mask"},{"floor":13.0,"key":"Potion Belt"}],"event_choices":[{"damage_healed":0.0,"max_hp_gain":0.0,"max_hp_loss":0.0,"gold_gain":0.0,"event_name":"Match and Keep!","player_choice":"1 cards matched","floor":2.0,"gold_loss":0.0,"damage_taken":0.0,"cards_obtained":["Double Tap"]},{"cards_removed":["Strike_R"],"damage_healed":0.0,"max_hp_gain":0.0,"max_hp_loss":0.0,"gold_gain":0.0,"event_name":"The Cleric","player_choice":"Card Removal","floor":7.0,"gold_loss":75.0,"damage_taken":0.0},{"damage_healed":0.0,"max_hp_gain":0.0,"max_hp_loss":0.0,"gold_gain":0.0,"event_name":"Big Fish","player_choice":"Box","floor":12.0,"gold_loss":0.0,"damage_taken":0.0,"relics_obtained":["Lantern"],"cards_obtained":["Regret"]},{"damage_healed":0,"gold_gain":0,"player_choice":"Opened","damage_taken":0,"relics_obtained":["Red Skull"],"max_hp_gain":0,"max_hp_loss":0,"event_name":"The Mausoleum","floor":19,"gold_loss":0,"cards_obtained":["Writhe"]},{"damage_healed":0,"gold_gain":0,"player_choice":"Became a vampire","damage_taken":0,"max_hp_gain":0,"max_hp_loss":24,"event_name":"Vampires","floor":20,"gold_loss":0,"cards_obtained":["Bite","Bite","Bite","Bite","Bite"]},{"damage_healed":0,"gold_gain":0,"player_choice":"Shed Blood","damage_taken":19,"max_hp_gain":5,"max_hp_loss":0,"event_name":"Forgotten Altar","floor":21,"gold_loss":0},{"damage_healed":0,"gold_gain":0,"cards_transformed":["Pommel Strike","Metallicize"],"player_choice":"Became Test Subject","damage_taken":0,"max_hp_gain":0,"max_hp_loss":0,"event_name":"Drug Dealer","floor":22,"gold_loss":0,"cards_obtained":["Rupture","Evolve"]}],"is_beta":false,"boss_relics":[{"not_picked":["SlaversCollar","Coffee Dripper"],"picked":"Pandora\u0027s Box"}],"items_purged_floors":[],"is_endless":false,"potions_floor_spawned":[3,5,13,14],"killed_by":"Gremlin Leader","ascension_level":20}}