{"host":"jmdwsiegw2vwqzt1","time":1612055146,"event":{"mods":["2.2 Compatiblity","AchievementEnabler","BaseMod","Better Third Choice","Better Vampires","Colored Powertips","Custom Start","Dio Mod","Downfall","Hermit","Highlight Path","Jorbs\u0027s Wanderer Trilogy","Minty Spire (QoL Compilation)","Permanent Neow","Quick Restart","Rare Cards Sparkle","Relic Stats","Spicy Shops","StSLib","SuperFastMode","The Bug Knight","The Cursed","The Disciple","The Hierophant","The Necromancer","The Servant 0.9.4","slay the spire mod where everything is the same but ironclad has a cowboy hat"],"gold_per_floor":[116,116,132,144,85,118,118,173,173,173,185,205,231,243,243,340,340,357,370,233,248,248,248,248,248,297,297,327,327,340,355,355,456,456,473,295,295,306,323,355,355,366,366,51,65,80,106,106,106,106],"floor_reached":51,"language":"ENG","playtime":1322,"items_purged":[],"score":1239,"play_id":"e535b6bc-aebb-425a-9d58-cfe7f0337246","local_time":"20210130200546","daily_mods":["Hoarder","Heirloom","Cursed Run"],"is_ascension_mode":false,"campfire_choices":[{"data":"Fire Breathing","floor":7.0,"key":"SMITH"},{"data":"Fire Breathing","floor":15,"key":"SMITH"},{"data":"Rupture","floor":23,"key":"SMITH"},{"data":"Fire Breathing","floor":25,"key":"SMITH"},{"data":"Rupture","floor":27,"key":"SMITH"},{"data":"Limit Break","floor":32,"key":"SMITH"},{"data":"Metallicize","floor":41,"key":"SMITH"},{"floor":49,"key":"REST"}],"circlet_count":0,"master_deck":["Strike_R+1","Strike_R+1","Strike_R","Strike_R","Strike_R","Defend_R","Defend_R","Defend_R","Bash","Fire Breathing+1","Fire Breathing+1","Fire Breathing+1","Sword Boomerang","Sword Boomerang","Sword Boomerang","Injury","Injury","Injury","Hemokinesis","Hemokinesis","Hemokinesis","Clumsy","Clumsy","Clumsy","Normality","Normality","Normality","True Grit","True Grit","True Grit","Metallicize","Metallicize","Metallicize+1","downfall:Bewildered","downfall:Bewildered","downfall:Bewildered","Offering","Offering","Offering","Iron Wave","Iron Wave","Iron Wave","Rupture+1","Rupture","Rupture+1","Dark Shackles","Dark Shackles","Dark Shackles","Headbutt+1","Headbutt+1","Headbutt+1","Doubt","Doubt","Doubt","Warcry","Warcry","Warcry","Limit Break+1","Limit Break","Limit Break","Ghostly Armor","Ghostly Armor","Ghostly Armor","Evolve","Evolve","Evolve","Injury","Injury","Injury","Brutality","Brutality","Brutality","CurseOfTheBell","CurseOfTheBell","CurseOfTheBell","Fire Breathing","Fire Breathing","Fire Breathing","Feed","Feed","Feed","Shrug It Off+1","Shrug It Off+1","Shrug It Off+1","Sword Boomerang","Sword Boomerang","Sword Boomerang","Pommel Strike+1","Pommel Strike+1","Pommel Strike+1","Clumsy","Clumsy","Clumsy","Limit Break","Limit Break","Limit Break","Apotheosis","Apotheosis","Apotheosis","Feel No Pain+1","Feel No Pain+1","Feel No Pain+1","Offering","Offering","Offering","Sword Boomerang+1","Sword Boomerang+1","Sword Boomerang+1","Regret","Regret","Regret"],"relics":["Cursed Key","Darkstone Periapt","Du-Vu Doll","Unceasing Top","Whetstone","Blue Candle","Meat on the Bone","Potion Belt","champ:DeflectingBracers","Lizard Tail","bronze:MakeshiftBattery","Oddly Smooth Stone","Paper Frog","Calling Bell","Juzu Bracelet","hexamod:CandleOfCauterizing","Magic Flower","StrikeDummy","Singing Bowl","Shuriken"],"acts_visited":["Exordium","TheCity","TheBeyond"],"potions_floor_usage":[],"damage_taken":[{"damage":10.0,"enemies":"2 Louse","floor":1.0,"turns":3.0},{"damage":6.0,"enemies":"Cultist","floor":3.0,"turns":4.0},{"damage":0.0,"enemies":"Small Slimes","floor":4.0,"turns":2.0},{"damage":18.0,"enemies":"Lagavulin","floor":6.0,"turns":3.0},{"damage":15.0,"enemies":"Gremlin Nob","floor":8.0,"turns":3.0},{"damage":13.0,"enemies":"Exordium Wildlife","floor":11.0,"turns":2.0},{"damage":6,"enemies":"Gremlin Gang","floor":12,"turns":3},{"damage":17,"enemies":"HollowMod:MossKnight","floor":13,"turns":2},{"damage":0,"enemies":"Large Slime","floor":14,"turns":2},{"damage":14,"enemies":"The Guardian","floor":16,"turns":5},{"damage":1,"enemies":"Spheric Guardian","floor":18,"turns":1},{"damage":5,"enemies":"3 Byrds","floor":19,"turns":2},{"damage":12,"enemies":"Centurion and Healer","floor":21,"turns":2},{"damage":15,"enemies":"Book of Stabbing","floor":28,"turns":2},{"damage":2,"enemies":"Sentry and Sphere","floor":30,"turns":1},{"damage":10,"enemies":"Snake Plant","floor":31,"turns":2},{"damage":44,"enemies":"Collector","floor":33,"turns":5},{"damage":19,"enemies":"Orb Walker","floor":35,"turns":2},{"damage":2,"enemies":"3 Shapes","floor":38,"turns":1},{"damage":34,"enemies":"Writhing Mass","floor":39,"turns":3},{"damage":9,"enemies":"Giant Head","floor":40,"turns":4},{"damage":17,"enemies":"3 Darklings","floor":42,"turns":3},{"damage":7,"enemies":"Sphere and 2 Shapes","floor":45,"turns":2},{"damage":3,"enemies":"4 Shapes","floor":46,"turns":3},{"damage":49,"enemies":"Nemesis","floor":47,"turns":3},{"damage":29,"enemies":"Donu and Deca","floor":50,"turns":1}],"seed_played":"7034640111971488218","potions_obtained":[{"floor":1.0,"key":"Dexterity Potion"},{"floor":3.0,"key":"Ancient Potion"},{"floor":12,"key":"SteroidPotion"},{"floor":13,"key":"Explosive Potion"},{"floor":14,"key":"GamblersBrew"},{"floor":21,"key":"Swift Potion"},{"floor":31,"key":"BloodPotion"},{"floor":38,"key":"PowerPotion"},{"floor":40,"key":"hexamod:SoulburnPotion"}],"is_trial":true,"path_per_floor":["M","?","M","M","$","E","R","?","T","T","M","M","E","M","R","B",null,"M","M","$","M","?","R","$","R","T","R","E","?","M","M","R","B",null,"M","$","?","M","M","E","R","M","T","$","M","M","E","?","R","B",null],"character_chosen":"IRONCLAD","items_purchased":["Whetstone","Rupture","Dark Shackles","Fire Breathing","Feed","Limit Break","Apotheosis"],"campfire_rested":1,"item_purchase_floors":[5,20,20,36,36,44,44],"current_hp_per_floor":[70,70,64,64,82,64,64,61,79,97,84,78,73,73,73,89,152,151,146,146,134,134,134,134,134,152,152,137,137,135,125,125,111,206,187,187,187,185,151,142,142,125,143,143,141,143,112,112,181,170],"gold":106,"neow_bonus":"","is_daily":false,"chose_seed":false,"campfire_upgraded":7,"win_rate":0.0,"timestamp":1612055146,"path_taken":["M","?","?","M","$","E","R","?","T","?","M","M","E","M","R","BOSS","M","M","?","M","?","R","$","R","T","R","E","?","?","M","R","BOSS","M","$","?","M","M","E","R","M","T","$","M","M","E","?","R","BOSS"],"items_purchased_type":["Relic","Card","Card","Card","Card","Card","Card"],"build_version":"2020-12-22","purchased_purges":0,"victory":true,"max_hp_per_floor":[80,80,80,80,98,98,98,98,116,134,134,134,134,134,134,152,152,152,152,152,152,152,152,152,152,170,170,170,170,170,170,170,188,206,206,206,206,206,206,206,206,206,224,224,227,230,230,230,230,248],"relic_stats":{"Darkstone Periapt":162,"Singing Bowl":0,"counters":[26,66],"Blue Candle":[52],"Magic Flower":[10],"Juzu Bracelet":1,"Whetstone":["Strike_R","Strike_R"],"Cursed Key":4,"Lizard Tail":0,"Shuriken":[2],"obtain_stats":[{"Darkstone Periapt":0,"Potion Belt":9,"hexamod:CandleOfCauterizing":34,"Singing Bowl":43,"Blue Candle":6,"Oddly Smooth Stone":26,"Magic Flower":34,"champ:DeflectingBracers":10,"Juzu Bracelet":34,"Whetstone":5,"Cursed Key":0,"Du-Vu Doll":0,"Calling Bell":34,"Lizard Tail":13,"Shuriken":47,"StrikeDummy":40,"Unceasing Top":0,"bronze:MakeshiftBattery":17,"Meat on the Bone":8,"Paper Frog":28},{"Darkstone Periapt":0,"Potion Belt":5,"hexamod:CandleOfCauterizing":17,"Singing Bowl":22,"Blue Candle":4,"Oddly Smooth Stone":13,"Magic Flower":17,"champ:DeflectingBracers":5,"Juzu Bracelet":17,"Whetstone":3,"Cursed Key":0,"Du-Vu Doll":0,"Calling Bell":17,"Lizard Tail":8,"Shuriken":25,"StrikeDummy":21,"Unceasing Top":0,"bronze:MakeshiftBattery":10,"Meat on the Bone":4,"Paper Frog":14},{"Darkstone Periapt":0,"Potion Belt":15,"hexamod:CandleOfCauterizing":44,"Singing Bowl":57,"Blue Candle":12,"Oddly Smooth Stone":34,"Magic Flower":44,"champ:DeflectingBracers":15,"Juzu Bracelet":44,"Whetstone":9,"Cursed Key":0,"Du-Vu Doll":0,"Calling Bell":44,"Lizard Tail":22,"Shuriken":65,"StrikeDummy":54,"Unceasing Top":0,"bronze:MakeshiftBattery":29,"Meat on the Bone":12,"Paper Frog":36}],"Unceasing Top":[58],"Meat on the Bone":66},"card_choices":[{"not_picked":["Searing Blow","Rampage"],"picked":"Fire Breathing","floor":1.0},{"not_picked":["Wild Strike","Warcry"],"picked":"Sword Boomerang","floor":3.0},{"not_picked":["Dual Wield","Searing Blow","Whirlwind"],"picked":"SKIP","floor":4.0},{"not_picked":["Sever Soul","Flex"],"picked":"Hemokinesis","floor":6.0},{"not_picked":["Shrug It Off","Rampage"],"picked":"True Grit","floor":11},{"not_picked":["Clothesline","Bloodletting","True Grit"],"picked":"SKIP","floor":12},{"not_picked":["Armaments","True Grit","Searing Blow"],"picked":"SKIP","floor":13},{"not_picked":["Pommel Strike","Perfected Strike"],"picked":"Metallicize","floor":14},{"not_picked":["Exhume","Brutality"],"picked":"Offering","floor":16},{"not_picked":["Dual Wield","True Grit+1","Blood for Blood"],"picked":"SKIP","floor":18},{"not_picked":["Havoc","True Grit"],"picked":"Iron Wave","floor":19},{"not_picked":["Anger","Flex+1"],"picked":"Headbutt+1","floor":21},{"not_picked":["Flex","Clothesline"],"picked":"Warcry","floor":28},{"not_picked":["Burning Pact+1","Heavy Blade"],"picked":"Ghostly Armor","floor":30},{"not_picked":["Battle Trance","Inflame"],"picked":"Evolve","floor":31},{"not_picked":["Exhume","Immolate"],"picked":"Brutality","floor":33},{"not_picked":["Evolve","Anger+1","True Grit+1"],"picked":"SKIP","floor":35},{"not_picked":["Clash+1","Anger+1"],"picked":"Shrug It Off+1","floor":38},{"not_picked":["Shrug It Off","Rampage+1"],"picked":"Sword Boomerang","floor":39},{"not_picked":["Shrug It Off","Wild Strike"],"picked":"Pommel Strike+1","floor":40},{"not_picked":["Hemokinesis","Body Slam+1","Headbutt+1"],"picked":"SKIP","floor":42},{"not_picked":["Sword Boomerang+1","Havoc"],"picked":"Feel No Pain+1","floor":45},{"not_picked":["Perfected Strike","Metallicize"],"picked":"Offering","floor":46},{"not_picked":["Uppercut","Iron Wave+1"],"picked":"Sword Boomerang+1","floor":47}],"player_experience":330431,"relics_obtained":[{"floor":6.0,"key":"Blue Candle"},{"floor":9.0,"key":"Potion Belt"},{"floor":10.0,"key":"champ:DeflectingBracers"},{"floor":13,"key":"Lizard Tail"},{"floor":26,"key":"Oddly Smooth Stone"},{"floor":28,"key":"Paper Frog"},{"floor":34,"key":"Juzu Bracelet"},{"floor":34,"key":"hexamod:CandleOfCauterizing"},{"floor":34,"key":"Magic Flower"},{"floor":40,"key":"StrikeDummy"},{"floor":43,"key":"Singing Bowl"},{"floor":47,"key":"Shuriken"}],"event_choices":[{"cards_removed":["Defend_R"],"damage_healed":0.0,"max_hp_gain":0.0,"max_hp_loss":0.0,"gold_gain":0.0,"event_name":"Purifier","player_choice":"Purged","floor":2.0,"gold_loss":0.0,"damage_taken":0.0},{"damage_healed":0.0,"max_hp_gain":0.0,"max_hp_loss":0.0,"gold_gain":0.0,"event_name":"Dead Adventurer","player_choice":"Searched \u00272\u0027 times","floor":8.0,"gold_loss":0.0,"damage_taken":0.0,"relics_obtained":["Meat on the Bone"]},{"damage_healed":0,"gold_gain":0,"player_choice":"1 cards matched","damage_taken":0,"max_hp_gain":0,"max_hp_loss":0,"event_name":"Match and Keep!","floor":29,"gold_loss":0,"cards_obtained":["Limit Break"]},{"damage_healed":0,"gold_gain":0,"player_choice":"Ignored","damage_taken":0,"max_hp_gain":0,"max_hp_loss":0,"event_name":"Fountain of Cleansing","floor":37,"gold_loss":0},{"damage_healed":0,"gold_gain":0,"player_choice":"Bought 0 Potions","damage_taken":0,"max_hp_gain":0,"max_hp_loss":0,"event_name":"The Woman in Blue","floor":48,"gold_loss":0}],"is_beta":false,"boss_relics":[{"not_picked":["Mark of Pain","sneckomod:SneckoTalon"],"picked":"bronze:MakeshiftBattery"},{"not_picked":["SacredBark","expansioncontent:StudyCardRelic"],"picked":"Calling Bell"}],"items_purged_floors":[],"is_endless":false,"potions_floor_spawned":[1,3,12,13,14,21,30,31,38,40,45,47],"ascension_level":0}}