{"host":"nwd160me4iqdtr8u","time":1612077545,"event":{"mods":["AchievementEnabler","Act Like it!","BaseMod","Colored Map","DeckTracker","Keyboard Shortcuts","Minty Spire (QoL Compilation)","Quick Restart","Rare Cards Sparkle","StSLib","SuperFastMode","everything is the same but u backflip on backflip"],"gold_per_floor":[116,130,89,108,108,108,137,137,137,151,151,209,67,67,67,145,145,159,159,159,175,187,187,203,14,14,14,14,14,114,114,114,191,191,202,202,202,48,73,73,99,99,99,99,99,99,29,48,48,48],"floor_reached":51,"language":"KOR","playtime":2107,"items_purged":["Strike_G"],"score":1426,"play_id":"38aa2877-473c-4a8d-8694-cb204b2c7f91","local_time":"20210131161905","is_ascension_mode":true,"campfire_choices":[{"data":"Corpse Explosion","floor":6.0,"key":"SMITH"},{"data":"Backstab","floor":8.0,"key":"SMITH"},{"data":"Blade Dance","floor":15.0,"key":"SMITH"},{"data":"Envenom","floor":23.0,"key":"SMITH"},{"data":"Neutralize","floor":28.0,"key":"SMITH"},{"data":"Noxious Fumes","floor":32,"key":"SMITH"},{"data":"Finisher","floor":40,"key":"SMITH"},{"data":"Burst","floor":45,"key":"SMITH"},{"data":"Acrobatics","floor":49,"key":"SMITH"}],"circlet_count":0,"master_deck":["AscendersBane","Strike_G","Strike_G","Strike_G","Defend_G","Defend_G","Defend_G","Defend_G","Defend_G","Survivor","Neutralize+1","Corpse Explosion+1","Dagger Throw","Heel Hook","Backflip","Backstab+1","Blade Dance+1","Envenom+1","Reflex","Burst+1","Crippling Poison","Escape Plan","Catalyst+1","Finisher+1","Blur","Acrobatics+1","Dark Shackles","Footwork+1","PiercingWail"],"relics":["Ring of the Snake","FaceOfCleric","Unceasing Top","Thread and Needle","Dead Branch","Juzu Bracelet","Busted Crown","Bottled Flame","Incense Burner","Kunai","Black Star","Bronze Scales","WingedGreaves","Nunchaku","Bottled Lightning","Question Card","Frozen Egg 2"],"acts_visited":["Exordium","TheCity","TheBeyond"],"potions_floor_usage":[30,33,41,50],"damage_taken":[{"damage":0.0,"enemies":"Small Slimes","floor":1.0,"turns":3.0},{"damage":9.0,"enemies":"2 Louse","floor":2.0,"turns":2.0},{"damage":1.0,"enemies":"Cultist","floor":4.0,"turns":3.0},{"damage":5.0,"enemies":"3 Sentries","floor":7.0,"turns":2.0},{"damage":7.0,"enemies":"3 Louse","floor":10.0,"turns":3.0},{"damage":5.0,"enemies":"Lagavulin Event","floor":12.0,"turns":7.0},{"damage":0.0,"enemies":"Slime Boss","floor":16.0,"turns":5.0},{"damage":0.0,"enemies":"Shell Parasite","floor":18.0,"turns":4.0},{"damage":0.0,"enemies":"Spheric Guardian","floor":21.0,"turns":3.0},{"damage":3.0,"enemies":"Centurion and Healer","floor":22.0,"turns":3.0},{"damage":0.0,"enemies":"Snecko","floor":24.0,"turns":4.0},{"damage":0,"enemies":"Colosseum Slavers","floor":30,"turns":3},{"damage":0,"enemies":"Colosseum Nobs","floor":30,"turns":5},{"damage":17,"enemies":"Collector","floor":33,"turns":9},{"damage":0,"enemies":"Orb Walker","floor":35,"turns":4},{"damage":9,"enemies":"Mind Bloom Boss Battle","floor":39,"turns":6},{"damage":0,"enemies":"Reptomancer","floor":41,"turns":5},{"damage":0,"enemies":"3 Darklings","floor":48,"turns":1},{"damage":15,"enemies":"Awakened One","floor":50,"turns":16}],"seed_played":"-4224463628344965164","potions_obtained":[{"floor":1.0,"key":"Poison Potion"},{"floor":4.0,"key":"Dexterity Potion"},{"floor":10.0,"key":"SteroidPotion"},{"floor":16.0,"key":"AttackPotion"},{"floor":18.0,"key":"FearPotion"},{"floor":24.0,"key":"LiquidMemories"},{"floor":30,"key":"GhostInAJar"},{"floor":35,"key":"SneckoOil"}],"is_trial":false,"path_per_floor":["M","M","?","M","?","R","E","R","T","M","?","?","$","T","R","B",null,"M","?","?","M","M","R","M","$","T","$","R","?","?","?","R","B",null,"M","?","?","$","?","R","E","T","T","?","R","?","$","M","R","B",null],"character_chosen":"THE_SILENT","items_purchased":["EssenceOfSteel","Reflex","Noxious Fumes","Finisher","Bronze Scales","Footwork+1"],"campfire_rested":0,"item_purchase_floors":[13,13,25,25,38,47],"current_hp_per_floor":[59,50,50,49,49,49,45,45,45,39,39,35,35,35,35,36,62,63,63,43,44,42,42,43,43,43,43,43,43,45,45,45,29,69,70,70,70,70,62,62,63,63,63,58,58,58,58,59,59,45],"gold":48,"neow_bonus":"ONE_RANDOM_RARE_CARD","is_daily":false,"chose_seed":false,"campfire_upgraded":9,"win_rate":0.0,"timestamp":1612077545,"path_taken":["M","M","?","M","?","R","E","R","T","?","?","?","$","?","R","BOSS","M","?","?","M","M","R","M","$","T","?","R","?","?","?","R","BOSS","M","?","?","$","?","R","E","?","T","?","R","?","$","M","R","BOSS"],"items_purchased_type":["Potion","Card","Card","Card","Relic","Card"],"build_version":"2020-12-22","purchased_purges":1,"victory":true,"max_hp_per_floor":[66,66,66,66,66,66,67,67,67,68,68,69,69,69,69,70,70,71,71,76,77,78,78,79,79,79,79,79,79,81,81,81,82,82,83,83,83,83,84,84,85,85,85,85,85,81,81,82,82,83],"card_choices":[{"not_picked":["Expertise","Dodge and Roll"],"picked":"Dagger Throw","floor":1.0},{"not_picked":["Flying Knee","Infinite Blades"],"picked":"Heel Hook","floor":2.0},{"not_picked":["Slice","Infinite Blades"],"picked":"Backflip","floor":4.0},{"not_picked":["Quick Slash","Blur"],"picked":"Backstab","floor":7.0},{"not_picked":["Flechettes","Dagger Throw"],"picked":"Blade Dance","floor":10.0},{"not_picked":["Deflect","Cloak And Dagger"],"picked":"Envenom","floor":12.0},{"not_picked":["Venomology","Unload"],"picked":"Burst","floor":16.0},{"not_picked":[],"picked":"Crippling Poison","floor":18.0},{"not_picked":["Bane"],"picked":"SKIP","floor":21.0},{"not_picked":[],"picked":"Escape Plan","floor":22.0},{"not_picked":[],"picked":"Catalyst","floor":24.0},{"not_picked":[],"picked":"Blur","floor":30},{"not_picked":["Riddle With Holes"],"picked":"SKIP","floor":35},{"not_picked":["Infinite Blades+1"],"picked":"SKIP","floor":41},{"not_picked":["Infinite Blades+1"],"picked":"SKIP","floor":41},{"not_picked":["Enlightenment"],"picked":"Dark Shackles","floor":44},{"not_picked":["Dodge and Roll+1"],"picked":"PiercingWail","floor":48}],"player_experience":336477,"relics_obtained":[{"floor":7.0,"key":"Unceasing Top"},{"floor":9.0,"key":"Thread and Needle"},{"floor":12.0,"key":"Dead Branch"},{"floor":14.0,"key":"Juzu Bracelet"},{"floor":26.0,"key":"Bottled Flame"},{"floor":30,"key":"Incense Burner"},{"floor":30,"key":"Kunai"},{"floor":39,"key":"WingedGreaves"},{"floor":41,"key":"Nunchaku"},{"floor":41,"key":"Bottled Lightning"},{"floor":42,"key":"Question Card"},{"floor":43,"key":"Frozen Egg 2"}],"event_choices":[{"damage_healed":0.0,"max_hp_gain":0.0,"max_hp_loss":0.0,"gold_gain":0.0,"event_name":"World of Goop","player_choice":"Left Gold","floor":3.0,"gold_loss":41.0,"damage_taken":0.0},{"damage_healed":0.0,"max_hp_gain":0.0,"max_hp_loss":0.0,"gold_gain":0.0,"event_name":"FaceTrader","player_choice":"Trade","floor":5.0,"gold_loss":0.0,"damage_taken":0.0,"relics_obtained":["FaceOfCleric"]},{"damage_healed":0.0,"max_hp_gain":0.0,"max_hp_loss":0.0,"gold_gain":0.0,"event_name":"Shining Light","player_choice":"Ignored","floor":11.0,"gold_loss":0.0,"damage_taken":0.0},{"damage_healed":0.0,"max_hp_gain":0.0,"max_hp_loss":0.0,"gold_gain":30.0,"event_name":"Dead Adventurer","player_choice":"Searched \u00272\u0027 times","floor":12.0,"gold_loss":0.0,"damage_taken":0.0},{"cards_removed":["Strike_G"],"damage_healed":0.0,"max_hp_gain":0.0,"max_hp_loss":0.0,"gold_gain":0.0,"event_name":"Back to Basics","player_choice":"Elegance","floor":19.0,"gold_loss":0.0,"damage_taken":0.0},{"damage_healed":0.0,"max_hp_gain":5.0,"max_hp_loss":0.0,"gold_gain":0.0,"event_name":"Forgotten Altar","player_choice":"Shed Blood","floor":20.0,"gold_loss":0.0,"damage_taken":25.0},{"damage_healed":0.0,"max_hp_gain":0.0,"max_hp_loss":0.0,"gold_gain":0.0,"event_name":"Upgrade Shrine","player_choice":"Upgraded","floor":29.0,"gold_loss":0.0,"damage_taken":0.0,"cards_upgraded":["Catalyst"]},{"damage_healed":0,"gold_gain":0,"player_choice":"Fight","damage_taken":0,"max_hp_gain":0,"max_hp_loss":0,"event_name":"Colosseum","floor":30,"gold_loss":0},{"damage_healed":0,"gold_gain":0,"player_choice":"Fought Nobs","damage_taken":0,"max_hp_gain":0,"max_hp_loss":0,"event_name":"Colosseum","floor":30,"gold_loss":0},{"damage_healed":0,"gold_gain":0,"player_choice":"Read","damage_taken":0,"max_hp_gain":0,"max_hp_loss":0,"event_name":"The Library","floor":31,"gold_loss":0,"cards_obtained":["Acrobatics"]},{"damage_healed":0,"gold_gain":0,"player_choice":"Ignored","damage_taken":0,"max_hp_gain":0,"max_hp_loss":0,"event_name":"Tomb of Lord Red Mask","floor":36,"gold_loss":0},{"cards_removed":["Noxious Fumes"],"damage_healed":0,"gold_gain":0,"player_choice":"Removed Power","damage_taken":0,"max_hp_gain":0,"max_hp_loss":0,"event_name":"Falling","floor":37,"gold_loss":0},{"damage_healed":0,"gold_gain":0,"player_choice":"Fight","damage_taken":0,"max_hp_gain":0,"max_hp_loss":0,"event_name":"MindBloom","floor":39,"gold_loss":0},{"damage_healed":0,"gold_gain":0,"player_choice":"Memory 2","damage_taken":5,"max_hp_gain":0,"max_hp_loss":0,"event_name":"SensoryStone","floor":44,"gold_loss":0},{"damage_healed":0,"gold_gain":0,"player_choice":"Max HP","damage_taken":0,"max_hp_gain":0,"max_hp_loss":4,"event_name":"Winding Halls","floor":46,"gold_loss":0}],"is_beta":false,"boss_relics":[{"not_picked":["Sozu","Runic Dome"],"picked":"Busted Crown"},{"not_picked":["Runic Pyramid","Ring of the Serpent"],"picked":"Black Star"}],"items_purged_floors":[25],"is_endless":false,"potions_floor_spawned":[1,4,10,16,18,24,30,30,35],"ascension_level":15}}