{"host":"qga1dk0dpejsljfb","time":1612078960,"event":{"mods":["A Magickal Journey","Aspiration","BaseMod","Beaked The Cultist","Colored Map","Conspire","Curses Come First","DeckTracker","Downfall","Energized Spire","Glutton Mod","Halation","Hermit","Highlight Path","Hubris","Infinite Spire","Mad Scientist","Marisa????????","Mimic Mod","Minty Spire (QoL Compilation)","Relic Sorter","Replay The Spire","Shop Mod","StSLib","The Administrix","The Bug Knight","The Construct","The Cursed","The Disciple","The Mystic","The Necromancer","The Runesmith","The Servant 0.9.4"],"gold_per_floor":[99,110,110,141,155,155,207,217,117,117,185,228,228,57,94,229,229,229,275,397,427,427,427],"floor_reached":21,"language":"ENG","playtime":2055,"items_purged":["Regret"],"score":167,"play_id":"1f99d27a-c57a-470c-9c29-4ac335651831","local_time":"20210130234240","is_ascension_mode":false,"campfire_choices":[{"data":"Slimebound:HauntingLick","floor":10,"key":"SMITH"},{"data":"Slimebound:SelfFormingGoo","floor":13,"key":"SMITH"},{"data":"Slimebound:ProtectTheBoss","floor":18,"key":"SMITH"}],"circlet_count":0,"master_deck":["Slimebound:Strike_Slimebound","Slimebound:Strike_Slimebound","Slimebound:Strike_Slimebound","Slimebound:Tackle","Slimebound:Defend_Slimebound","Slimebound:Defend_Slimebound","Slimebound:Defend_Slimebound","Slimebound:Defend_Slimebound","Slimebound:Split","Slimebound:CorrosiveSpit","Slimebound:HauntingLick+1","Slimebound:SplitLeeching","Slimebound:SplitBruiser","Injury","Slimebound:GoopSpray+1","conspire:SpireCoStock+1","conspire:SpireCoStock+1","Slimebound:Repurpose+1","Slimebound:SelfFormingGoo+1","Slimebound:ProtectTheBoss+1","Slimebound:SplitMire+1","Slimebound:CheckThePlaybook+1","Slimebound:LeechingTouch"],"relics":["Slimebound:AbsorbEndCombat","halation:VictoryRuler","downfall:TeleportStone","hubris:DeckOfHolding","Toxic Egg 2","Smiling Mask","halation:SwordOfLegend","MerchantsRug","Coffee Dripper","downfall:GremlinWheel"],"acts_visited":["Exordium","TheCity"],"potions_floor_usage":[],"damage_taken":[{"damage":0,"enemies":"Cultist","floor":2,"turns":5},{"damage":0,"enemies":"Small Slimes","floor":5,"turns":2},{"damage":8,"enemies":"2 Louse","floor":8,"turns":3},{"damage":14,"enemies":"conspire:MimicChest","floor":11,"turns":7},{"damage":3,"enemies":"Exordium Thugs","floor":12,"turns":5},{"damage":3,"enemies":"downfall:FleeingMerchant","floor":14,"turns":4},{"damage":0,"enemies":"Large Slime","floor":15,"turns":6},{"damage":47,"enemies":"IC_STATUS_ARCHETYPE","floor":16,"turns":11},{"damage":16,"enemies":"Shell Parasite","floor":19,"turns":7},{"damage":34,"enemies":"Shell Parasite","floor":20,"turns":4},{"damage":31,"enemies":"conspire:FuzzyDice","floor":21,"turns":2}],"seed_played":"-5747659343516293088","potions_obtained":[{"floor":2,"key":"SteroidPotion"},{"floor":4,"key":"SkillPotion"},{"floor":4,"key":"BlessingOfTheForge"}],"is_trial":false,"path_per_floor":["R_BF","M","?","?","M","?","T","M","?","R","?","M","R","$","M","B",null,"R","M","?","M"],"character_chosen":"SLIMEBOUND","items_purchased":["MerchantsRug"],"campfire_rested":0,"item_purchase_floors":[14],"current_hp_per_floor":[59,59,59,45,47,47,47,41,41,41,31,36,39,38,40,1,59,59,51,19,0,0,0],"gold":427,"neow_bonus":"ONE_RARE_RELIC","is_daily":false,"chose_seed":false,"campfire_upgraded":3,"win_rate":0.0,"timestamp":1612078960,"path_taken":["R_BF","M","?","?","M","?","T","M","?","R","?","M","R","?","M","BOSS","R","M","?","?"],"items_purchased_type":["Relic"],"build_version":"2020-12-22","purchased_purges":1,"victory":false,"max_hp_per_floor":[59,59,59,59,59,59,59,59,59,59,59,59,59,59,59,59,59,59,59,59,59,59,59],"card_choices":[{"not_picked":["Slimebound:ViciousTackle","Slimebound:SlimeBarrage"],"picked":"Slimebound:HauntingLick","floor":2},{"not_picked":["Slimebound:TongueLash","Slimebound:Replication"],"picked":"Slimebound:SplitLeeching","floor":4},{"not_picked":["Slimebound:GoopTackle","Slimebound:SlimeSpikes"],"picked":"Slimebound:SplitBruiser","floor":5},{"not_picked":["Slimebound:GoopTackle","Slimebound:LivingWall+1"],"picked":"Slimebound:GoopSpray+1","floor":8},{"not_picked":["Slimebound:SlimeSpikes+1","Slimebound:FormOfPuddle+1"],"picked":"Slimebound:Repurpose+1","floor":11},{"not_picked":["Slimebound:LevelUp","Slimebound:GoopTackle"],"picked":"Slimebound:SelfFormingGoo","floor":12},{"not_picked":["Slimebound:LeechingTouch","Slimebound:SpikyOuterGoop"],"picked":"Slimebound:ProtectTheBoss","floor":14},{"not_picked":["Slimebound:SlimeSpikes+1","Slimebound:DisruptingSlam"],"picked":"Slimebound:SplitMire+1","floor":15},{"not_picked":["Slimebound:WasteNot+1","Slimebound:SlimeSlap"],"picked":"Slimebound:CheckThePlaybook+1","floor":16},{"not_picked":["Slimebound:Grow+1","Slimebound:SlimeSpikes+1"],"picked":"Slimebound:LeechingTouch","floor":19}],"player_experience":129792,"relics_obtained":[{"floor":7,"key":"Smiling Mask"},{"floor":11,"key":"halation:SwordOfLegend"},{"floor":20,"key":"downfall:GremlinWheel"}],"event_choices":[{"damage_healed":0,"gold_gain":0,"player_choice":"Box","damage_taken":0,"relics_obtained":["hubris:DeckOfHolding"],"max_hp_gain":0,"max_hp_loss":0,"event_name":"Big Fish","floor":3,"gold_loss":0,"cards_obtained":["Regret"]},{"damage_healed":0,"gold_gain":0,"player_choice":"Invest 2","damage_taken":0,"max_hp_gain":0,"max_hp_loss":0,"event_name":"conspire:Investor","floor":9,"gold_loss":0}],"is_beta":false,"boss_relics":[{"not_picked":["hubris:BlackHole","aspiration:FutureDiary"],"picked":"Coffee Dripper"}],"items_purged_floors":[14],"is_endless":false,"potions_floor_spawned":[2,8,15,20],"killed_by":"conspire:FuzzyDice","ascension_level":0}}