{"host":"50per11302020","time":1612063527,"event":{"mods":["AchievementEnabler","BaseMod","Colored Map","Minty Spire (QoL Compilation)","Relic Stats","StSLib"],"gold_per_floor":[13,13,38,62,82,82,9,42,67,79,104,116,144,169,181,312,324,354,119,119,143,159,159,190,115,139,139,159,159,258,274,274,397,397,426,448,139,139,72,72,122,0,24,33,67,67,91,119,119,119],"floor_reached":51,"language":"ENG","playtime":4364,"items_purged":[],"score":926,"play_id":"bd08b090-bc23-4b51-b4ee-85f310266b04","local_time":"20210130192527","is_ascension_mode":true,"campfire_choices":[{"floor":6.0,"key":"REST"},{"floor":12.0,"key":"REST"},{"floor":15.0,"key":"REST"},{"floor":23.0,"key":"REST"},{"floor":27.0,"key":"REST"},{"floor":29.0,"key":"REST"},{"floor":32.0,"key":"REST"},{"floor":40.0,"key":"REST"},{"floor":46.0,"key":"REST"},{"floor":49.0,"key":"REST"}],"circlet_count":0,"master_deck":["Strike_P+1","Strike_P+1","Strike_P+1","Defend_P+1","Defend_P+1","Defend_P+1","Defend_P+1","Eruption","Vigilance","Mayhem","Perseverance","Study","WaveOfTheHand","ReachHeaven","SashWhip","CrushJoints","WheelKick","Worship","DevaForm","Prostrate","Mayhem","Meditate+1","Study+1","Fasting2","Fasting2","Protect","Devotion","CrushJoints+1","Protect+1","Establishment","Evaluate+1","Bandage Up","SandsOfTime+1","ClearTheMind+1","FlurryOfBlows+1"],"relics":["PureWater","Golden Idol","Bag of Marbles","MawBank","War Paint","Fusion Hammer","DollysMirror","Gambling Chip","Omamori","Calling Bell","CeramicFish","Meat on the Bone","Du-Vu Doll","Bag of Preparation","PreservedInsect","Happy Flower","Red Mask","Akabeko"],"acts_visited":["TheCity","TheBeyond"],"potions_floor_usage":[50],"damage_taken":[{"damage":2.0,"enemies":"2 Louse","floor":1.0,"turns":4.0},{"damage":6.0,"enemies":"Jaw Worm","floor":3.0,"turns":4.0},{"damage":0.0,"enemies":"Small Slimes","floor":4.0,"turns":4.0},{"damage":18.0,"enemies":"3 Louse","floor":5.0,"turns":6.0},{"damage":30.0,"enemies":"3 Sentries","floor":8.0,"turns":9.0},{"damage":1.0,"enemies":"Exordium Wildlife","floor":11.0,"turns":6.0},{"damage":0.0,"enemies":"Looter","floor":13.0,"turns":3.0},{"damage":1.0,"enemies":"3 Louse","floor":14.0,"turns":3.0},{"damage":37.0,"enemies":"The Guardian","floor":16.0,"turns":8.0},{"damage":27.0,"enemies":"3 Byrds","floor":18.0,"turns":6.0},{"damage":4.0,"enemies":"Chosen","floor":21.0,"turns":5.0},{"damage":27.0,"enemies":"Snake Plant","floor":22.0,"turns":5.0},{"damage":51.0,"enemies":"Book of Stabbing","floor":24.0,"turns":7.0},{"damage":18.0,"enemies":"3 Cultists","floor":28.0,"turns":5.0},{"damage":0.0,"enemies":"Chosen and Byrds","floor":31.0,"turns":7.0},{"damage":40.0,"enemies":"Automaton","floor":33.0,"turns":9.0},{"damage":26.0,"enemies":"3 Shapes","floor":35.0,"turns":8.0},{"damage":32.0,"enemies":"3 Darklings","floor":36.0,"turns":6.0},{"damage":41.0,"enemies":"Reptomancer","floor":41.0,"turns":7.0},{"damage":2.0,"enemies":"Writhing Mass","floor":45.0,"turns":6.0},{"damage":28.0,"enemies":"Maw","floor":47.0,"turns":6.0},{"damage":14.0,"enemies":"4 Shapes","floor":48.0,"turns":7.0},{"damage":74,"enemies":"Awakened One","floor":50,"turns":8}],"seed_played":"7338045535125689985","potions_obtained":[{"floor":3.0,"key":"StancePotion"},{"floor":4.0,"key":"BottledMiracle"},{"floor":5.0,"key":"Fruit Juice"},{"floor":11.0,"key":"BlessingOfTheForge"},{"floor":14.0,"key":"DuplicationPotion"},{"floor":16.0,"key":"BottledMiracle"},{"floor":21.0,"key":"AttackPotion"},{"floor":22.0,"key":"SpeedPotion"},{"floor":28.0,"key":"Swift Potion"},{"floor":35.0,"key":"Swift Potion"},{"floor":48.0,"key":"EssenceOfSteel"}],"is_trial":false,"path_per_floor":["M","?","M","M","M","R","$","E","T","?","M","R","M","M","R","B",null,"M","$","?","M","M","R","E","?","T","R","M","R","?","M","R","B",null,"M","M","$","?","$","R","E","?","T","?","M","R","M","M","R","B",null],"character_chosen":"WATCHER","items_purchased":["ReachHeaven","DollysMirror","FairyPotion","Bag of Preparation","PreservedInsect","Establishment"],"campfire_rested":10,"item_purchase_floors":[7,19,19,37,37,39],"current_hp_per_floor":[63,45,39,39,21,42,42,17,17,17,16,39,39,38,61,24,64,37,37,37,33,6,29,7,7,7,30,12,35,35,35,58,18,62,48,28,28,28,28,51,22,22,22,22,36,59,47,49,72,14],"gold":119,"neow_bonus":"RANDOM_COLORLESS_2","is_daily":false,"chose_seed":false,"campfire_upgraded":0,"win_rate":0.0,"timestamp":1612063527,"path_taken":["M","?","M","M","M","R","$","E","T","?","M","R","M","M","R","BOSS","M","$","?","M","M","R","E","?","T","R","M","R","?","M","R","BOSS","M","M","$","?","$","R","E","?","T","?","?","R","M","M","R","BOSS"],"items_purchased_type":["Card","Relic","Potion","Relic","Relic","Card"],"build_version":"2020-12-18","purchased_purges":0,"victory":true,"max_hp_per_floor":[72,72,72,72,72,72,72,77,77,77,77,77,77,77,77,77,77,77,77,77,77,77,77,77,77,77,77,77,77,77,77,77,77,77,77,77,77,77,77,77,77,77,77,77,77,77,77,77,77,77],"relic_stats":{"Happy Flower":[9],"counters":[23,139],"Golden Idol":160,"Gambling Chip":[56],"CeramicFish":72,"PreservedInsect":59,"Bag of Preparation":[10],"War Paint":["Defend_P","Defend_P"],"MawBank":120,"obtain_stats":[{"Happy Flower":41,"Golden Idol":2,"CeramicFish":34,"PreservedInsect":37,"Omamori":26,"Bag of Preparation":37,"War Paint":10,"MawBank":9,"Akabeko":43,"Calling Bell":34,"Du-Vu Doll":34,"DollysMirror":19,"Gambling Chip":24,"Fusion Hammer":17,"Bag of Marbles":8,"Red Mask":42,"PureWater":0,"Meat on the Bone":34},{"Happy Flower":19,"Golden Idol":1,"CeramicFish":16,"PreservedInsect":18,"Omamori":13,"Bag of Preparation":18,"War Paint":5,"MawBank":5,"Akabeko":19,"Calling Bell":16,"Du-Vu Doll":16,"DollysMirror":10,"Gambling Chip":13,"Fusion Hammer":9,"Bag of Marbles":5,"Red Mask":19,"PureWater":0,"Meat on the Bone":16},{"Happy Flower":112,"Golden Idol":4,"CeramicFish":91,"PreservedInsect":105,"Omamori":70,"Bag of Preparation":105,"War Paint":27,"MawBank":27,"Akabeko":112,"Calling Bell":91,"Du-Vu Doll":91,"DollysMirror":53,"Gambling Chip":70,"Fusion Hammer":47,"Bag of Marbles":27,"Red Mask":112,"PureWater":0,"Meat on the Bone":91}],"Meat on the Bone":84},"card_choices":[{"not_picked":["Secret Weapon","Magnetism"],"picked":"Mayhem","floor":0.0},{"not_picked":["Crescendo","FollowUp"],"picked":"Perseverance","floor":1.0},{"not_picked":["LikeWater","CutThroughFate"],"picked":"Study","floor":3.0},{"not_picked":["Wallop","WheelKick"],"picked":"WaveOfTheHand","floor":4.0},{"not_picked":["Conclude","FlurryOfBlows","FlyingSleeves"],"picked":"SKIP","floor":5.0},{"not_picked":["FlyingSleeves","Brilliance"],"picked":"SashWhip","floor":8.0},{"not_picked":["Crescendo","JustLucky"],"picked":"CrushJoints","floor":11.0},{"not_picked":["BowlingBash","FlurryOfBlows"],"picked":"WheelKick","floor":13.0},{"not_picked":["InnerPeace","FollowUp"],"picked":"Worship","floor":14.0},{"not_picked":["Omniscience","MasterReality"],"picked":"DevaForm","floor":16.0},{"not_picked":["FollowUp","InnerPeace"],"picked":"Prostrate","floor":18.0},{"not_picked":["Vengeance","CarveReality"],"picked":"Meditate+1","floor":21.0},{"not_picked":["JustLucky","FollowUp"],"picked":"Study+1","floor":22.0},{"not_picked":["LikeWater","BattleHymn+1"],"picked":"Fasting2","floor":24.0},{"not_picked":["Halt","BowlingBash"],"picked":"Fasting2","floor":28.0},{"not_picked":["CarveReality","DeusExMachina"],"picked":"Protect","floor":31.0},{"not_picked":["Wish","SpiritShield"],"picked":"Devotion","floor":33.0},{"not_picked":["Adaptation","Indignation+1"],"picked":"CrushJoints+1","floor":35.0},{"not_picked":["Pray","CutThroughFate"],"picked":"Protect+1","floor":36.0},{"not_picked":["Consecrate","InnerPeace"],"picked":"Evaluate+1","floor":41.0},{"not_picked":["Enlightenment","Blind"],"picked":"Bandage Up","floor":44.0},{"not_picked":["Weave","Pray+1"],"picked":"SandsOfTime+1","floor":45.0},{"not_picked":["ForeignInfluence+1","Evaluate"],"picked":"ClearTheMind+1","floor":47.0},{"not_picked":["EmptyFist+1","PathToVictory+1"],"picked":"FlurryOfBlows+1","floor":48.0}],"player_experience":396233,"relics_obtained":[{"floor":8.0,"key":"Bag of Marbles"},{"floor":9.0,"key":"MawBank"},{"floor":24.0,"key":"Gambling Chip"},{"floor":26.0,"key":"Omamori"},{"floor":34.0,"key":"CeramicFish"},{"floor":34.0,"key":"Meat on the Bone"},{"floor":34.0,"key":"Du-Vu Doll"},{"floor":41.0,"key":"Happy Flower"},{"floor":43.0,"key":"Akabeko"}],"event_choices":[{"damage_healed":0.0,"max_hp_gain":0.0,"max_hp_loss":0.0,"gold_gain":0.0,"event_name":"Golden Idol","player_choice":"Take Damage","floor":2.0,"gold_loss":0.0,"damage_taken":18.0,"relics_obtained":["Golden Idol"]},{"damage_healed":0.0,"max_hp_gain":0.0,"max_hp_loss":0.0,"gold_gain":0.0,"event_name":"Dead Adventurer","player_choice":"Searched \u00271\u0027 times","floor":10.0,"gold_loss":0.0,"damage_taken":0.0,"relics_obtained":["War Paint"]},{"damage_healed":0.0,"max_hp_gain":0.0,"max_hp_loss":0.0,"gold_gain":0.0,"event_name":"Back to Basics","player_choice":"Simplicity","floor":20.0,"gold_loss":0.0,"damage_taken":0.0,"cards_upgraded":["Strike_P","Strike_P","Strike_P","Strike_P","Defend_P","Defend_P"]},{"cards_removed":["Strike_P"],"damage_healed":0.0,"max_hp_gain":0.0,"max_hp_loss":0.0,"gold_gain":0.0,"event_name":"Beggar","player_choice":"Gave Gold","floor":25.0,"gold_loss":75.0,"damage_taken":0.0},{"damage_healed":0.0,"max_hp_gain":0.0,"max_hp_loss":0.0,"gold_gain":99.0,"event_name":"Nest","player_choice":"Stole From Cult","floor":30.0,"gold_loss":0.0,"damage_taken":0.0},{"damage_healed":0.0,"max_hp_gain":0.0,"max_hp_loss":0.0,"gold_gain":0.0,"event_name":"Mysterious Sphere","player_choice":"Ignored","floor":38.0,"gold_loss":0.0,"damage_taken":0.0},{"damage_healed":0.0,"max_hp_gain":0.0,"max_hp_loss":0.0,"gold_gain":0.0,"event_name":"Tomb of Lord Red Mask","player_choice":"Paid","floor":42.0,"gold_loss":122.0,"damage_taken":0.0,"relics_obtained":["Red Mask"]},{"damage_healed":0.0,"max_hp_gain":0.0,"max_hp_loss":0.0,"gold_gain":0.0,"event_name":"SensoryStone","player_choice":"Memory 1","floor":44.0,"gold_loss":0.0,"damage_taken":0.0}],"is_beta":true,"boss_relics":[{"not_picked":["Runic Dome","Coffee Dripper"],"picked":"Fusion Hammer"},{"not_picked":["Black Star","SlaversCollar"],"picked":"Calling Bell"}],"items_purged_floors":[],"is_endless":false,"potions_floor_spawned":[3,4,5,11,14,16,21,22,28,35,48],"ascension_level":6}}