{"host":"Jedit","time":1612053429,"event":{"mods":["BaseMod","Minty Spire (QoL Compilation)","Relic Stats","StSLib"],"gold_per_floor":[114,126,1,11,26,26,38,63,63,82,96,96,129,147,147,224,224,235,235,22,42,52,52,52],"floor_reached":23,"language":"ENG","playtime":1027,"items_purged":["Strike_B","Defend_B"],"score":414,"play_id":"fccfbb9c-77b0-4870-b690-c2f68b051088","local_time":"20210131003709","is_ascension_mode":true,"campfire_choices":[{"floor":6.0,"key":"REST"},{"floor":12.0,"key":"REST"},{"data":"Fission","floor":15.0,"key":"SMITH"}],"circlet_count":0,"master_deck":["AscendersBane","Strike_B+1","Defend_B","Defend_B","Defend_B","Zap","Dualcast","Streamline","Chaos","Barrage","Chill","BootSequence","Rebound","Ball Lightning","Consume","Cold Snap","Compile Driver","Fission+1","Biased Cognition","Steam","Compile Driver","Leap","Ball Lightning","Ball Lightning"],"relics":["Inserter","Whetstone","Question Card","Smiling Mask","Nloth\u0027s Gift"],"acts_visited":["Exordium","TheCity"],"potions_floor_usage":[16,16,22,23],"damage_taken":[{"damage":19.0,"enemies":"Cultist","floor":1.0,"turns":6.0},{"damage":6.0,"enemies":"Small Slimes","floor":2.0,"turns":3.0},{"damage":11.0,"enemies":"2 Louse","floor":4.0,"turns":3.0},{"damage":10.0,"enemies":"Looter","floor":5.0,"turns":4.0},{"damage":0.0,"enemies":"3 Louse","floor":7.0,"turns":5.0},{"damage":27.0,"enemies":"Lagavulin","floor":8.0,"turns":8.0},{"damage":12.0,"enemies":"Exordium Wildlife","floor":10.0,"turns":6.0},{"damage":7.0,"enemies":"2 Fungi Beasts","floor":11.0,"turns":3.0},{"damage":8.0,"enemies":"3 Sentries","floor":13.0,"turns":8.0},{"damage":1.0,"enemies":"Looter","floor":14.0,"turns":2.0},{"damage":24,"enemies":"Slime Boss","floor":16,"turns":6},{"damage":8,"enemies":"3 Byrds","floor":18,"turns":4},{"damage":7,"enemies":"Chosen","floor":21,"turns":7},{"damage":11,"enemies":"Snake Plant","floor":22,"turns":5},{"damage":32,"enemies":"Slavers","floor":23,"turns":2}],"seed_played":"7556608647578600914","potions_obtained":[{"floor":2.0,"key":"Regen Potion"},{"floor":7.0,"key":"Fruit Juice"},{"floor":10.0,"key":"Energy Potion"},{"floor":13.0,"key":"Explosive Potion"},{"floor":14.0,"key":"GamblersBrew"},{"floor":18,"key":"SteroidPotion"}],"is_trial":false,"path_per_floor":["M","M","$","M","M","R","M","E","T","M","M","R","E","M","R","B",null,"M","?","$","M","M","E"],"character_chosen":"DEFECT","items_purchased":["Barrage","Compile Driver","Leap","DistilledChaos"],"campfire_rested":2,"item_purchase_floors":[3,20,20,20],"current_hp_per_floor":[45,39,39,28,18,39,39,27,27,15,13,35,27,26,26,2,58,50,50,50,43,32,0,0],"gold":52,"neow_bonus":"BOSS_RELIC","is_daily":false,"chose_seed":false,"campfire_upgraded":1,"win_rate":0.0,"timestamp":1612053429,"path_taken":["M","M","$","M","M","R","M","E","T","M","M","R","E","M","R","BOSS","M","?","$","?","M","E"],"items_purchased_type":["Card","Card","Card","Potion"],"build_version":"2020-12-18","purchased_purges":2,"victory":false,"max_hp_per_floor":[71,71,71,71,71,71,71,71,71,71,76,76,76,76,76,76,76,76,76,76,76,76,76,76],"relic_stats":{"Inserter":[36],"counters":[15,72],"Nloth\u0027s Gift":0,"Whetstone":["Strike_B","Strike_B"],"Question Card":8,"Smiling Mask":50,"obtain_stats":[{"Inserter":0,"Nloth\u0027s Gift":19,"Whetstone":8,"Cracked Core":0,"Question Card":9,"Smiling Mask":13,"Empty Cage":17},{"Inserter":0,"Nloth\u0027s Gift":12,"Whetstone":6,"Cracked Core":0,"Question Card":6,"Smiling Mask":9,"Empty Cage":11},{"Inserter":0,"Nloth\u0027s Gift":58,"Whetstone":29,"Cracked Core":0,"Question Card":29,"Smiling Mask":46,"Empty Cage":54}]},"card_choices":[{"not_picked":["Leap","Sweeping Beam"],"picked":"Streamline","floor":1.0},{"not_picked":["Gash","Loop"],"picked":"Chaos","floor":2.0},{"not_picked":["Coolheaded","Reinforced Body"],"picked":"Chill","floor":4.0},{"not_picked":["Beam Cell","Leap"],"picked":"BootSequence","floor":5.0},{"not_picked":["Steam","Hello World"],"picked":"Rebound","floor":7.0},{"not_picked":["White Noise","Hello World"],"picked":"Ball Lightning","floor":8.0},{"not_picked":["Leap","Steam Power","Stack"],"picked":"Consume","floor":10.0},{"not_picked":["Barrage","Hologram","Ball Lightning"],"picked":"Cold Snap","floor":11.0},{"not_picked":["Sunder","Genetic Algorithm","Steam Power"],"picked":"Compile Driver","floor":13.0},{"not_picked":["Aggregate","Redo","Streamline"],"picked":"Fission","floor":14.0},{"not_picked":["Reboot","Electrodynamics","Thunder Strike"],"picked":"Biased Cognition","floor":16},{"not_picked":["Turbo","Rebound","Redo"],"picked":"Steam","floor":18},{"not_picked":["Melter","Blizzard","Creative AI"],"picked":"Ball Lightning","floor":21},{"not_picked":["Lockon","Leap","Hologram"],"picked":"Ball Lightning","floor":22}],"player_experience":3462581,"relics_obtained":[{"floor":8.0,"key":"Whetstone"},{"floor":9.0,"key":"Question Card"},{"floor":13.0,"key":"Smiling Mask"}],"event_choices":[{"damage_healed":0,"gold_gain":0,"player_choice":"Traded Relic","damage_taken":0,"relics_obtained":["Nloth\u0027s Gift"],"max_hp_gain":0,"max_hp_loss":0,"event_name":"N\u0027loth","floor":19,"relics_lost":["Empty Cage"],"gold_loss":0}],"is_beta":true,"boss_relics":[{"not_picked":["Ectoplasm","Busted Crown"],"picked":"Empty Cage"}],"items_purged_floors":[3,20],"is_endless":false,"potions_floor_spawned":[2,7,10,13,14,18,21],"killed_by":"Slavers","ascension_level":20}}