{"host":"tzyzz5n7hg2ni9q2","time":1612058020,"event":{"mods":["BaseMod","Minty Spire (QoL Compilation)","Quick Restart"],"gold_per_floor":[112,112,128,60,78,110,110,110,186,186,199,216,241,241,241,241,241],"floor_reached":16,"language":"ENG","playtime":437,"items_purged":[],"score":143,"play_id":"5e05f038-3121-4017-9fc4-883a1b6f44cf","local_time":"20210131025340","is_ascension_mode":true,"campfire_choices":[{"floor":8,"key":"REST"},{"floor":15,"key":"REST"}],"circlet_count":0,"master_deck":["Strike_G","Strike_G","Strike_G","Strike_G","Defend_G","Defend_G","Defend_G","Defend_G","Defend_G","Survivor","Neutralize","Dagger Spray+1","Sucker Punch","Footwork","Quick Slash","Backstab","Adrenaline"],"relics":["Ring of the Snake","Omamori","Lantern","Ninja Scroll","PreservedInsect","Strawberry"],"acts_visited":["Exordium"],"potions_floor_usage":[16,16],"damage_taken":[{"damage":2,"enemies":"Jaw Worm","floor":1,"turns":5},{"damage":0,"enemies":"2 Louse","floor":3,"turns":3},{"damage":0,"enemies":"Cultist","floor":5,"turns":4},{"damage":40,"enemies":"Gremlin Nob","floor":6,"turns":6},{"damage":0,"enemies":"3 Louse","floor":11,"turns":1},{"damage":1,"enemies":"Looter","floor":12,"turns":3},{"damage":28,"enemies":"Lagavulin","floor":13,"turns":8},{"damage":46,"enemies":"Slime Boss","floor":16,"turns":12}],"seed_played":"-1395041103012303460","potions_obtained":[{"floor":12,"key":"SkillPotion"},{"floor":13,"key":"GhostInAJar"}],"is_trial":false,"path_per_floor":["M","?","M","$","M","E","?","R","T","?","M","M","E","T","R","B"],"character_chosen":"THE_SILENT","items_purchased":["Footwork"],"campfire_rested":2,"item_purchase_floors":[4],"current_hp_per_floor":[68,68,68,68,68,28,28,51,51,44,44,43,15,22,47,1,1],"gold":241,"neow_bonus":"TEN_PERCENT_HP_BONUS","is_daily":false,"chose_seed":false,"campfire_upgraded":0,"win_rate":0.0,"timestamp":1612058020,"path_taken":["M","?","M","$","M","E","?","R","T","?","M","M","E","?","R","BOSS"],"items_purchased_type":["Card"],"build_version":"2020-12-22","purchased_purges":0,"victory":false,"max_hp_per_floor":[77,77,77,77,77,77,77,77,77,77,77,77,77,84,84,84,84],"card_choices":[{"not_picked":["Deflect","Underhanded Strike"],"picked":"Dagger Spray","floor":1},{"not_picked":["Underhanded Strike","Slice"],"picked":"Sucker Punch","floor":3},{"not_picked":["Acrobatics","Calculated Gamble","Deadly Poison"],"picked":"SKIP","floor":5},{"not_picked":["Tactician","Choke"],"picked":"Quick Slash","floor":6},{"not_picked":["Underhanded Strike","Flechettes","Poisoned Stab"],"picked":"SKIP","floor":11},{"not_picked":["All Out Attack","Bane"],"picked":"Backstab","floor":12},{"not_picked":["Blade Dance","Riddle With Holes"],"picked":"Adrenaline","floor":13}],"player_experience":292308,"relics_obtained":[{"floor":6,"key":"Omamori"},{"floor":9,"key":"Ninja Scroll"},{"floor":13,"key":"PreservedInsect"},{"floor":14,"key":"Strawberry"}],"event_choices":[{"damage_healed":0,"gold_gain":0,"player_choice":"Grow","damage_taken":0,"max_hp_gain":0,"max_hp_loss":0,"event_name":"Living Wall","floor":2,"gold_loss":0,"cards_upgraded":["Dagger Spray"]},{"damage_healed":0,"gold_gain":0,"player_choice":"Searched \u00272\u0027 times","damage_taken":0,"relics_obtained":["Lantern"],"max_hp_gain":0,"max_hp_loss":0,"event_name":"Dead Adventurer","floor":7,"gold_loss":0},{"cards_removed":["Strike_G"],"damage_healed":0,"gold_gain":0,"player_choice":"Card Removal","damage_taken":7,"max_hp_gain":0,"max_hp_loss":0,"event_name":"Golden Wing","floor":10,"gold_loss":0}],"is_beta":false,"boss_relics":[],"items_purged_floors":[],"is_endless":false,"potions_floor_spawned":[12,13],"killed_by":"Slime Boss","ascension_level":6}}