{"host":"nxma0dbhh74lxenq","time":1612107796,"event":{"mods":["Astrologer","BaseMod","Beaked The Cultist","CapriCore","Colored Map","DeckTracker","Gremlin Mod","HololiveMod","KinomotoSakuraMod(ñÿîVñ{?)","Koishi","Mad Scientist","Minty Spire (QoL Compilation)","Prisma Mod","StSLib","SuperFastMode","The Bladedancer","The Cursed","The Immortal","The Mystic","YoumuÅiç∞ÈÆódöÎÅj"],"gold_per_floor":[217,217,12,30,49,83,83,102,182,214,214,61,76,26,26,103,103,113,113,148,148,131,131,131,131],"floor_reached":24,"language":"JPN","playtime":876,"items_purged":["Koishi:BasicStrike"],"score":403,"play_id":"93a6e13c-face-4d25-a797-c51d5e896cb9","local_time":"20210201004316","is_ascension_mode":true,"campfire_choices":[{"data":"Koishi:Provoke","floor":7,"key":"SMITH"},{"data":"Koishi:ImGoingToCallYouNow","floor":15,"key":"SMITH"},{"data":"Koishi:JumpScare","floor":23,"key":"SMITH"}],"circlet_count":0,"master_deck":["AscendersBane","Koishi:BasicStrike","Koishi:BasicStrike","Koishi:BasicDefend","Koishi:BasicDefend","Koishi:BasicDefend","Koishi:BasicDefend","Koishi:Provoke+1","Koishi:HauntingSlash","Koishi:PhantomBarrier","Koishi:ImGoingToCallYouNow+1","Koishi:StingingMind","Koishi:Jaunt","Koishi:TremblingHands","Koishi:RuptureMind","Koishi:PredatoryInstincts","Koishi:Catatonia","Koishi:LastRemote","Koishi:SilentAndRestless","Koishi:Whimsy","Koishi:JumpScare+1","Ghostly","Ghostly","Ghostly","Ghostly","Ghostly","Koishi:RacingHeart"],"relics":["Koishi:ImaginaryFriend","Ginger","Bottled Lightning","Lantern","Ornamental Fan","Koishi:ColorfulDays","Red Mask"],"acts_visited":["Exordium","TheCity"],"potions_floor_usage":[20],"damage_taken":[{"damage":4,"enemies":"2 Louse","floor":1,"turns":4},{"damage":10,"enemies":"Cultist","floor":4,"turns":5},{"damage":12,"enemies":"Jaw Worm","floor":5,"turns":3},{"damage":20,"enemies":"Gremlin Nob","floor":6,"turns":5},{"damage":12,"enemies":"Looter","floor":8,"turns":4},{"damage":25,"enemies":"Lagavulin","floor":10,"turns":11},{"damage":7,"enemies":"3 Louse","floor":13,"turns":5},{"damage":47,"enemies":"The Guardian","floor":16,"turns":10},{"damage":0,"enemies":"Shell Parasite","floor":18,"turns":3},{"damage":31,"enemies":"Masked Bandits","floor":20,"turns":5},{"damage":3,"enemies":"2 Thieves","floor":22,"turns":5},{"damage":66,"enemies":"Gremlin Leader","floor":24,"turns":7}],"seed_played":"-3917310867117071712","potions_obtained":[{"floor":2,"key":"BlessingOfTheForge"},{"floor":2,"key":"FairyPotion"},{"floor":18,"key":"AttackPotion"},{"floor":20,"key":"CultistPotion"}],"is_trial":false,"path_per_floor":["M","?","$","M","M","E","R","M","T","E","?","$","M","?","R","B",null,"M","?","?","?","M","R","E"],"character_chosen":"KOISHI","items_purchased":["Koishi:ImGoingToCallYouNow","Koishi:StingingMind","Koishi:Catatonia"],"campfire_rested":0,"item_purchase_floors":[3,3,12],"current_hp_per_floor":[52,52,52,57,56,49,49,53,53,54,54,54,60,60,60,60,60,60,60,60,30,30,30,0,0],"gold":131,"neow_bonus":"HUNDRED_GOLD","is_daily":false,"chose_seed":false,"campfire_upgraded":3,"win_rate":0.0,"timestamp":1612107796,"path_taken":["M","?","$","M","M","E","R","?","T","E","?","$","?","?","R","BOSS","M","?","?","?","M","R","E"],"items_purchased_type":["Card","Card","Card"],"build_version":"2020-12-22","purchased_purges":1,"victory":false,"max_hp_per_floor":[60,60,60,60,60,60,60,60,60,60,60,60,60,60,60,60,60,60,60,60,30,30,30,30,30],"card_choices":[{"not_picked":["Koishi:HeartfeltFancy","Koishi:ReflexRadar"],"picked":"Koishi:PhantomBarrier","floor":1},{"not_picked":["Koishi:RorschachInDanmaku","Koishi:JumpScare"],"picked":"Koishi:Jaunt","floor":4},{"not_picked":["Koishi:DreadfulBlow","Koishi:PhantomStrike"],"picked":"Koishi:TremblingHands","floor":5},{"not_picked":["Koishi:UnansweredLove","Koishi:RorschachInDanmaku"],"picked":"Koishi:RuptureMind","floor":6},{"not_picked":["Koishi:PhantomStrike","Koishi:MassHysteria","Koishi:FidgetySnatcher"],"picked":"SKIP","floor":8},{"not_picked":["Koishi:StingingMind","Koishi:MindNumbingTerror"],"picked":"Koishi:PredatoryInstincts","floor":10},{"not_picked":["Koishi:DNAsFlaw","Koishi:UnconsciousUprising"],"picked":"Koishi:LastRemote","floor":13},{"not_picked":["Koishi:RoseHell","Koishi:RollingInRichesHeart"],"picked":"Koishi:SilentAndRestless","floor":16},{"not_picked":["Koishi:SprinkleStarAndHeart","Koishi:FreudianInstinct"],"picked":"Koishi:Whimsy","floor":18},{"not_picked":["Koishi:HeartfeltFancy","Koishi:ReflexRadar"],"picked":"Koishi:JumpScare","floor":20},{"not_picked":["Koishi:SubterraneanRose","Koishi:ImGoingToCallYouNow"],"picked":"Koishi:RacingHeart","floor":22}],"player_experience":555801,"relics_obtained":[{"floor":6,"key":"Ginger"},{"floor":9,"key":"Bottled Lightning"},{"floor":10,"key":"Lantern"},{"floor":20,"key":"Red Mask"}],"event_choices":[{"damage_healed":0,"gold_gain":0,"player_choice":"Got Potions","damage_taken":0,"max_hp_gain":0,"max_hp_loss":0,"event_name":"Lab","floor":2,"gold_loss":0},{"damage_healed":0,"gold_gain":0,"player_choice":"Gave Potion","damage_taken":0,"relics_obtained":["Ornamental Fan"],"max_hp_gain":0,"max_hp_loss":0,"event_name":"WeMeetAgain","floor":11,"gold_loss":0},{"cards_removed":["Koishi:BasicStrike"],"damage_healed":0,"gold_gain":0,"player_choice":"Card Removal","damage_taken":0,"max_hp_gain":0,"max_hp_loss":0,"event_name":"The Cleric","floor":14,"gold_loss":50},{"damage_healed":0,"gold_gain":0,"player_choice":"Ignored","damage_taken":0,"max_hp_gain":0,"max_hp_loss":0,"event_name":"Vampires","floor":19,"gold_loss":0},{"damage_healed":0,"gold_gain":0,"player_choice":"Fought Bandits","damage_taken":0,"max_hp_gain":0,"max_hp_loss":0,"event_name":"Masked Bandits","floor":20,"gold_loss":0},{"damage_healed":0,"gold_gain":0,"player_choice":"Became a Ghost","damage_taken":0,"max_hp_gain":0,"max_hp_loss":30,"event_name":"Ghosts","floor":21,"gold_loss":0,"cards_obtained":["Ghostly","Ghostly","Ghostly","Ghostly","Ghostly"]}],"is_beta":false,"boss_relics":[{"not_picked":["Cursed Key","Busted Crown"],"picked":"Koishi:ColorfulDays"}],"items_purged_floors":[12],"is_endless":false,"potions_floor_spawned":[5,8,18,20],"killed_by":"Gremlin Leader","ascension_level":13}}