{"host":"0rxdudjy6rylha1k","time":1612068031,"event":{"mods":["Aspiration","BaseMod","Colored Map","Colored Powertips","Downfall","Highlight Path","Hubris","Minty Spire (QoL Compilation)","StSLib"],"gold_per_floor":[118,118,193,204,1,31,31,49,122,153,166,166,186,186,186,289,289,308,328,348,360,373,373,373],"floor_reached":23,"language":"ENG","playtime":1646,"items_purged":[],"score":397,"play_id":"caa1de48-392b-4814-a653-ce4c890a924d","local_time":"20210130214031","is_ascension_mode":true,"campfire_choices":[{"data":"Eruption","floor":7,"key":"SMITH"},{"data":"Consecrate","floor":12,"key":"SMITH"},{"floor":15,"key":"REST"}],"circlet_count":0,"master_deck":["Strike_P","Strike_P","Strike_P","Strike_P","Defend_P","Defend_P","Defend_P","Defend_P","Eruption+1","Vigilance","Tantrum+1","CutThroughFate","Consecrate+1","MentalFortress","EmptyBody","MasterReality","Pray","Establishment","FollowUp","EmptyFist+1","FlurryOfBlows+1","WheelKick","JustLucky"],"relics":["PureWater","NeowsBlessing","ClockworkSouvenir","GoldenEye","Slimebound:PreparedRelic","Sundial","hubris:SphereOfDissonance","hubris:Backtick","hubris:OldNail"],"acts_visited":["Exordium","TheCity"],"potions_floor_usage":[10,16,22,23],"damage_taken":[{"damage":0,"enemies":"2 Louse","floor":1,"turns":1},{"damage":0,"enemies":"Jaw Worm","floor":4,"turns":1},{"damage":0,"enemies":"3 Sentries","floor":6,"turns":1},{"damage":0,"enemies":"Cultist","floor":8,"turns":2},{"damage":0,"enemies":"Gremlin Nob","floor":10,"turns":2},{"damage":0,"enemies":"Exordium Wildlife","floor":11,"turns":4},{"damage":4,"enemies":"3 Louse","floor":13,"turns":2},{"damage":0,"enemies":"Slime Boss","floor":16,"turns":3},{"damage":20,"enemies":"3 Byrds","floor":18,"turns":5},{"damage":0,"enemies":"Chosen","floor":19,"turns":3},{"damage":0,"enemies":"Snake Plant","floor":20,"turns":2},{"damage":17,"enemies":"Shelled Parasite and Fungi","floor":21,"turns":3},{"damage":27,"enemies":"3 Cultists","floor":22,"turns":4},{"damage":11,"enemies":"Gremlin Leader","floor":23,"turns":1}],"seed_played":"7246836568471300625","potions_obtained":[{"floor":1,"key":"ColorlessPotion"},{"floor":4,"key":"LiquidMemories"},{"floor":8,"key":"Dexterity Potion"},{"floor":21,"key":"ColorlessPotion"},{"floor":22,"key":"Explosive Potion"}],"is_trial":false,"path_per_floor":["M","?","?","M","$","E","R","M","T","E","M","R","M","T","R","B",null,"M","M","M","M","M","E"],"character_chosen":"WATCHER","items_purchased":["ClockworkSouvenir","Consecrate"],"campfire_rested":1,"item_purchase_floors":[5,5],"current_hp_per_floor":[65,65,54,54,54,54,54,54,54,54,54,54,50,50,71,71,72,52,52,52,35,8,0,0],"gold":373,"neow_bonus":"THREE_ENEMY_KILL","is_daily":false,"chose_seed":false,"campfire_upgraded":2,"win_rate":0.0,"timestamp":1612068031,"path_taken":["M","?","?","M","?","E","R","?","T","E","M","R","M","?","R","BOSS","M","M","M","M","M","E"],"items_purchased_type":["Relic","Card"],"build_version":"2020-12-22","purchased_purges":0,"victory":false,"max_hp_per_floor":[72,72,72,72,72,72,72,72,72,72,72,72,72,72,72,72,72,72,72,72,72,72,72,72],"card_choices":[{"not_picked":["FlurryOfBlows","Prostrate"],"picked":"Tantrum","floor":1},{"not_picked":["Fasting2","ClearTheMind"],"picked":"CutThroughFate","floor":4},{"not_picked":["DeusExMachina","BowlingBash"],"picked":"MentalFortress","floor":6},{"not_picked":["SandsOfTime","FollowUp"],"picked":"EmptyBody","floor":8},{"not_picked":["PathToVictory","EmptyBody"],"picked":"MasterReality","floor":10},{"not_picked":["WheelKick","MentalFortress","Crescendo"],"picked":"SKIP","floor":11},{"not_picked":["SignatureMove","FollowUp"],"picked":"Pray","floor":13},{"not_picked":["SpiritShield","Ragnarok"],"picked":"Establishment","floor":16},{"not_picked":["Halt","Crescendo+1"],"picked":"FollowUp","floor":18},{"not_picked":["CrushJoints","ThirdEye"],"picked":"EmptyFist+1","floor":19},{"not_picked":["Evaluate","SashWhip"],"picked":"FlurryOfBlows+1","floor":20},{"not_picked":["CutThroughFate+1","EmptyFist"],"picked":"WheelKick","floor":21},{"not_picked":["Wireheading+1","FlyingSleeves"],"picked":"JustLucky","floor":22}],"player_experience":2757869,"relics_obtained":[{"floor":6,"key":"GoldenEye"},{"floor":9,"key":"Slimebound:PreparedRelic"},{"floor":10,"key":"Sundial"},{"floor":14,"key":"hubris:SphereOfDissonance"}],"event_choices":[{"damage_healed":0,"gold_gain":75,"player_choice":"Gather Gold","damage_taken":11,"max_hp_gain":0,"max_hp_loss":0,"event_name":"World of Goop","floor":3,"gold_loss":0}],"is_beta":false,"boss_relics":[{"not_picked":["Philosopher\u0027s Stone","SacredBark"],"picked":"hubris:Backtick"}],"items_purged_floors":[],"is_endless":false,"potions_floor_spawned":[1,4,8,21,22],"killed_by":"Gremlin Leader","ascension_level":6}}