{"host":"facnppb4175fcpe2","time":1612074651,"event":{"mods":["BaseMod","Downfall","Minty Spire (QoL Compilation)","StSLib"],"gold_per_floor":[113,133,144,156,169,194,214,244,271,296,310,337,352,364,364,461,461,476,214,232,6,6,37,37,72,72,107,107,132,148,179,179,274,274,289,289,299,224,243,271,271,271,321,333,345,388,412,435,447,459],"floor_reached":51,"language":"ZHS","playtime":3870,"items_purged":["Strike_G"],"score":1060,"play_id":"9ede2493-4a7e-4d89-a598-785caa9871f5","local_time":"20210131143051","is_ascension_mode":true,"campfire_choices":[{"data":"Accuracy","floor":15.0,"key":"SMITH"},{"data":"Accuracy","floor":28.0,"key":"SMITH"},{"data":"Burst","floor":32.0,"key":"SMITH"},{"data":"Cloak And Dagger","floor":42.0,"key":"SMITH"},{"floor":49.0,"key":"REST"}],"circlet_count":0,"master_deck":["Strike_G+1","Strike_G+1","Strike_G+1","Defend_G+1","Defend_G+1","Defend_G+1","Defend_G+1","Defend_G+1","Survivor+1","Neutralize+1","Cloak And Dagger+1","Footwork+1","Infinite Blades+1","Blade Dance+1","Accuracy+1","Terror+1","Burst+1","Accuracy+1","Adrenaline+1","Backflip+1","Adrenaline+1","Blade Dance+1","Accuracy+1","Backflip+1"],"relics":["Philosopher\u0027s Stone","Shuriken","PreservedInsect","Orichalcum","Blood Vial","Pen Nib","Black Star","Singing Bowl","Happy Flower","Strawberry","Meat on the Bone","Thread and Needle","Darkstone Periapt","Bottled Tornado","Mummified Hand","Mercury Hourglass","FossilizedHelix","Toy Ornithopter","Whetstone","Juzu Bracelet","SacredBark","Eternal Feather","Gremlin Horn","MawBank","Mark of the Bloom","Dream Catcher","Nunchaku"],"acts_visited":["Exordium","TheCity","TheBeyond"],"potions_floor_usage":[50,50,50],"damage_taken":[{"damage":0.0,"enemies":"Cultist","floor":1.0,"turns":4.0},{"damage":0.0,"enemies":"Small Slimes","floor":2.0,"turns":4.0},{"damage":2.0,"enemies":"Jaw Worm","floor":3.0,"turns":5.0},{"damage":0.0,"enemies":"Looter","floor":4.0,"turns":4.0},{"damage":1.0,"enemies":"Gremlin Gang","floor":5.0,"turns":9.0},{"damage":13.0,"enemies":"3 Sentries","floor":6.0,"turns":9.0},{"damage":8.0,"enemies":"2 Fungi Beasts","floor":7.0,"turns":4.0},{"damage":18.0,"enemies":"Gremlin Nob","floor":8.0,"turns":5.0},{"damage":6.0,"enemies":"3 Sentries","floor":10.0,"turns":7.0},{"damage":5.0,"enemies":"Looter","floor":11.0,"turns":3.0},{"damage":5.0,"enemies":"Lagavulin","floor":12.0,"turns":5.0},{"damage":8.0,"enemies":"Gremlin Gang","floor":13.0,"turns":4.0},{"damage":1.0,"enemies":"2 Fungi Beasts","floor":14.0,"turns":3.0},{"damage":8.0,"enemies":"The Guardian","floor":16.0,"turns":8.0},{"damage":14.0,"enemies":"2 Thieves","floor":18.0,"turns":5.0},{"damage":0.0,"enemies":"Shell Parasite","floor":20.0,"turns":1.0},{"damage":20.0,"enemies":"Slavers","floor":23.0,"turns":4.0},{"damage":1.0,"enemies":"Book of Stabbing","floor":25.0,"turns":4.0},{"damage":34.0,"enemies":"Gremlin Leader","floor":27.0,"turns":5.0},{"damage":6.0,"enemies":"Book of Stabbing","floor":29.0,"turns":4.0},{"damage":8.0,"enemies":"Snake Plant","floor":30.0,"turns":2.0},{"damage":10.0,"enemies":"Gremlin Leader","floor":31.0,"turns":3.0},{"damage":0.0,"enemies":"Collector","floor":33.0,"turns":6.0},{"damage":0.0,"enemies":"3 Shapes","floor":35.0,"turns":4.0},{"damage":0.0,"enemies":"Orb Walker","floor":37.0,"turns":3.0},{"damage":0.0,"enemies":"Spire Growth","floor":39.0,"turns":3.0},{"damage":0.0,"enemies":"Reptomancer","floor":40.0,"turns":3.0},{"damage":0.0,"enemies":"Giant Head","floor":46.0,"turns":4.0},{"damage":0.0,"enemies":"3 Darklings","floor":47.0,"turns":3.0},{"damage":0.0,"enemies":"Maw","floor":48.0,"turns":3.0},{"damage":17,"enemies":"Time Eater","floor":50,"turns":5}],"seed_played":"4952104662707279023","potions_obtained":[{"floor":2.0,"key":"Block Potion"},{"floor":3.0,"key":"DistilledChaos"},{"floor":10.0,"key":"SkillPotion"},{"floor":11.0,"key":"Poison Potion"},{"floor":12.0,"key":"LiquidMemories"},{"floor":14.0,"key":"CultistPotion"},{"floor":18.0,"key":"Slimebound:ThreeZeroPotion"},{"floor":23.0,"key":"PowerPotion"},{"floor":27.0,"key":"AttackPotion"},{"floor":29.0,"key":"GamblersBrew"},{"floor":37.0,"key":"Strength Potion"}],"is_trial":false,"path_per_floor":["M","M","M","M","M","E","M","E","T","E","M","E","M","M","R","B",null,"M","$","M","$","?","E","?","E","T","E","R","E","M","E","R","B",null,"M","?","M","$","M","E","?","R","T","?","?","E","M","M","R","B",null],"character_chosen":"THE_SILENT","items_purchased":["Singing Bowl","Happy Flower","Accuracy"],"campfire_rested":1,"item_purchase_floors":[19,21,21],"current_hp_per_floor":[70,70,68,68,67,54,46,28,28,22,19,16,10,11,11,5,70,56,56,60,60,60,51,51,54,54,34,34,44,50,56,56,58,87,89,89,89,89,91,93,88,88,88,88,88,88,88,88,88,71],"gold":471,"neow_bonus":"BOSS_RELIC","is_daily":false,"chose_seed":false,"campfire_upgraded":4,"win_rate":0.0,"timestamp":1612074651,"path_taken":["M","M","?","M","M","E","M","E","T","E","?","E","M","?","R","BOSS","M","$","M","$","?","E","?","E","T","E","R","E","M","E","R","BOSS","M","?","M","$","M","E","?","R","T","?","?","E","M","M","R","BOSS"],"items_purchased_type":["Relic","Relic","Card"],"build_version":"2020-12-22","purchased_purges":1,"victory":true,"max_hp_per_floor":[70,70,70,70,70,70,70,70,70,70,70,70,70,70,70,70,70,70,70,72,72,72,81,81,83,83,83,83,85,85,87,87,87,87,89,89,89,89,91,93,88,88,88,88,88,88,90,90,92,92],"card_choices":[{"not_picked":["Bane","Caltrops"],"picked":"Cloak And Dagger","floor":1.0},{"not_picked":["Masterful Stab","Quick Slash","Acrobatics"],"picked":"SKIP","floor":2.0},{"not_picked":["Endless Agony","Deadly Poison","Riddle With Holes"],"picked":"SKIP","floor":3.0},{"not_picked":["Quick Slash","Masterful Stab"],"picked":"Footwork","floor":4.0},{"not_picked":["Outmaneuver","Poisoned Stab"],"picked":"Infinite Blades","floor":5.0},{"not_picked":["Quick Slash","Dagger Throw","Deadly Poison"],"picked":"SKIP","floor":6.0},{"not_picked":["Prepared","Slice","Reflex"],"picked":"SKIP","floor":7.0},{"not_picked":["Well Laid Plans","Endless Agony","PiercingWail"],"picked":"SKIP","floor":8.0},{"not_picked":["Dash","Sucker Punch"],"picked":"Blade Dance","floor":10.0},{"not_picked":["Flechettes","Dash","Backflip"],"picked":"SKIP","floor":11.0},{"not_picked":["Tools of the Trade","Heel Hook","Dash"],"picked":"SKIP","floor":12.0},{"not_picked":["Calculated Gamble","Underhanded Strike"],"picked":"Accuracy","floor":13.0},{"not_picked":["Bane","Outmaneuver"],"picked":"Terror","floor":14.0},{"not_picked":["Adrenaline","Bullet Time"],"picked":"Burst","floor":16.0},{"not_picked":["Flechettes+1","Deflect","Sucker Punch"],"picked":"SKIP","floor":18.0},{"not_picked":["All Out Attack","Masterful Stab","Quick Slash"],"picked":"Singing Bowl","floor":20.0},{"not_picked":["Night Terror","Sucker Punch","PiercingWail"],"picked":"Singing Bowl","floor":23.0},{"not_picked":["All Out Attack+1","Dodge and Roll","Deadly Poison"],"picked":"Singing Bowl","floor":25.0},{"not_picked":["Storm of Steel","Masterful Stab"],"picked":"Adrenaline","floor":27.0},{"not_picked":["Backflip","All Out Attack","Riddle With Holes"],"picked":"Singing Bowl","floor":29.0},{"not_picked":["Acrobatics","Deadly Poison"],"picked":"Backflip","floor":30.0},{"not_picked":["Tactician","Acrobatics+1","Caltrops"],"picked":"Singing Bowl","floor":31.0},{"not_picked":["Corpse Explosion","Burst"],"picked":"Adrenaline","floor":33.0},{"not_picked":["Reflex+1","Calculated Gamble+1","Endless Agony"],"picked":"Singing Bowl","floor":35.0},{"not_picked":["Eviscerate","Quick Slash+1"],"picked":"Blade Dance","floor":37.0},{"not_picked":["Underhanded Strike","Sucker Punch","Deadly Poison+1"],"picked":"Singing Bowl","floor":39.0},{"not_picked":["Deflect","Night Terror","Envenom"],"picked":"Singing Bowl","floor":40.0},{"not_picked":["Bane","Reflex+1"],"picked":"Accuracy+1","floor":46.0},{"not_picked":["Dash+1","Blade Dance","Sucker Punch+1"],"picked":"Singing Bowl","floor":47.0},{"not_picked":["Choke","Prepared+1"],"picked":"Backflip+1","floor":48.0},{"not_picked":["Finisher+1","Flying Knee","Choke"],"picked":"Singing Bowl","floor":49.0}],"player_experience":84466,"relics_obtained":[{"floor":6.0,"key":"Shuriken"},{"floor":8.0,"key":"PreservedInsect"},{"floor":9.0,"key":"Orichalcum"},{"floor":10.0,"key":"Blood Vial"},{"floor":12.0,"key":"Pen Nib"},{"floor":23.0,"key":"Strawberry"},{"floor":23.0,"key":"Meat on the Bone"},{"floor":25.0,"key":"Thread and Needle"},{"floor":25.0,"key":"Darkstone Periapt"},{"floor":26.0,"key":"Bottled Tornado"},{"floor":27.0,"key":"Mummified Hand"},{"floor":27.0,"key":"Mercury Hourglass"},{"floor":29.0,"key":"FossilizedHelix"},{"floor":29.0,"key":"Toy Ornithopter"},{"floor":31.0,"key":"Whetstone"},{"floor":31.0,"key":"Juzu Bracelet"},{"floor":40.0,"key":"Eternal Feather"},{"floor":40.0,"key":"Gremlin Horn"},{"floor":43.0,"key":"MawBank"},{"floor":46.0,"key":"Dream Catcher"},{"floor":46.0,"key":"Nunchaku"}],"event_choices":[{"cards_removed":["Strike_G"],"damage_healed":0.0,"max_hp_gain":0.0,"max_hp_loss":0.0,"gold_gain":0.0,"event_name":"Purifier","player_choice":"Purged","floor":36.0,"gold_loss":0.0,"damage_taken":0.0},{"damage_healed":0.0,"max_hp_gain":0.0,"max_hp_loss":5.0,"gold_gain":0.0,"event_name":"Winding Halls","player_choice":"Max HP","floor":41.0,"gold_loss":0.0,"damage_taken":0.0},{"damage_healed":0.0,"max_hp_gain":0.0,"max_hp_loss":0.0,"gold_gain":0.0,"event_name":"MindBloom","player_choice":"Upgrade","floor":44.0,"gold_loss":0.0,"damage_taken":0.0,"cards_upgraded":["Strike_G","Defend_G","Defend_G","Defend_G","Defend_G","Defend_G","Survivor","Neutralize","Footwork","Infinite Blades","Blade Dance","Terror","Adrenaline","Backflip","Adrenaline","Blade Dance"],"relics_obtained":["Mark of the Bloom"]},{"damage_healed":0.0,"max_hp_gain":0.0,"max_hp_loss":0.0,"gold_gain":0.0,"event_name":"The Woman in Blue","player_choice":"Bought 0 Potions","floor":45.0,"gold_loss":0.0,"damage_taken":0.0}],"is_beta":false,"boss_relics":[{"not_picked":["Runic Pyramid","Astrolabe"],"picked":"Black Star"},{"not_picked":["Busted Crown","Velvet Choker"],"picked":"SacredBark"}],"items_purged_floors":[38],"is_endless":false,"potions_floor_spawned":[2,3,10,11,12,14,18,23,27,29,33,35,37,40],"ascension_level":1}}