{"host":"815dqs41i1y8uxms","time":1612107407,"event":{"mods":["A Penny For Your Troubles","Act Like it!","BaseMod","Dark Map","Elementarium","Fox Events","Minty Spire (QoL Compilation)","Rare Cards Sparkle","Shop Mod","Spire Arcade","StSLib","The Cursed","The Hierophant","The Marked"],"gold_per_floor":[112,187,42,42,55,55,55,69,69,63,74,89,96,28,28,8,8],"floor_reached":16,"language":"ENG","playtime":730,"items_purged":[],"score":102,"play_id":"eb4c411f-3745-4ba2-99d1-69d6b9675941","local_time":"20210131163647","is_ascension_mode":false,"campfire_choices":[{"floor":7,"key":"REST"},{"floor":15,"key":"REST"}],"circlet_count":0,"master_deck":["hierophant:Strike_Hierophant","hierophant:Strike_Hierophant","hierophant:Strike_Hierophant","hierophant:Strike_Hierophant","hierophant:Punish","hierophant:Defend_Hierophant","hierophant:Defend_Hierophant+1","hierophant:Defend_Hierophant+1","hierophant:Defend_Hierophant","hierophant:ChurchCoffers","hierophant:HammerAndAnvil+1","hierophant:FieryStrike","hierophant:Exaltation","hierophant:Community","hierophant:Bribe","hierophant:Glossolalia","hierophant:Smite","hierophant:OrnateJavelin"],"relics":["hierophant:PropheticMaskRelic","NeowsBlessing","MerchantsRug","Darkstone Periapt","PreservedInsect"],"acts_visited":["Exordium"],"potions_floor_usage":[10,16],"damage_taken":[{"damage":0,"enemies":"Cultist","floor":1,"turns":1},{"damage":0,"enemies":"Jaw Worm","floor":5,"turns":1},{"damage":0,"enemies":"Small Slimes","floor":8,"turns":1},{"damage":10,"enemies":"Exordium Thugs","floor":10,"turns":2},{"damage":0,"enemies":"2 Fungi Beasts","floor":11,"turns":5},{"damage":10,"enemies":"3 Sentries","floor":12,"turns":5},{"damage":2,"enemies":"Blue Slaver","floor":13,"turns":6},{"damage":76,"enemies":"Hexaghost","floor":16,"turns":11}],"seed_played":"-6909831848675413744","potions_obtained":[{"floor":8,"key":"LiquidMemories"},{"floor":10,"key":"SpeedPotion"},{"floor":13,"key":"DuplicationPotion"}],"is_trial":false,"path_per_floor":["M","?","$","?","M","?","R","M","T","M","M","E","M","$","R","B"],"character_chosen":"HIEROPHANT","items_purchased":["MerchantsRug","hierophant:OrnateJavelin"],"campfire_rested":2,"item_purchase_floors":[3,14],"current_hp_per_floor":[75,64,64,64,64,49,71,71,71,61,61,51,49,49,71,0,0],"gold":8,"neow_bonus":"THREE_ENEMY_KILL","is_daily":false,"chose_seed":false,"campfire_upgraded":0,"win_rate":0.0,"timestamp":1612107407,"path_taken":["M","?","$","?","M","?","R","M","T","M","?","E","M","$","R","BOSS"],"items_purchased_type":["Relic","Card"],"build_version":"2020-12-22","purchased_purges":0,"victory":false,"max_hp_per_floor":[75,75,75,75,75,75,75,75,75,75,75,75,75,75,75,75,75],"card_choices":[{"not_picked":["hierophant:Zeal","hierophant:Glossolalia"],"picked":"hierophant:HammerAndAnvil","floor":1},{"not_picked":["hierophant:Dazzle","hierophant:CursedGold"],"picked":"hierophant:FieryStrike","floor":5},{"not_picked":["hierophant:Sermon","hierophant:Alms"],"picked":"hierophant:Exaltation","floor":8},{"not_picked":["hierophant:ThreeLashes","hierophant:FieryStrike"],"picked":"hierophant:Community","floor":10},{"not_picked":["hierophant:Zeal","hierophant:FlamingChariot"],"picked":"hierophant:Bribe","floor":11},{"not_picked":["hierophant:Zeal","hierophant:Sermon"],"picked":"hierophant:Glossolalia","floor":12},{"not_picked":["hierophant:Zeal","hierophant:MintersHammer"],"picked":"hierophant:Smite","floor":13}],"player_experience":4008183,"relics_obtained":[{"floor":9,"key":"Darkstone Periapt"},{"floor":12,"key":"PreservedInsect"}],"event_choices":[{"damage_healed":0,"gold_gain":75,"player_choice":"Gather Gold","damage_taken":11,"max_hp_gain":0,"max_hp_loss":0,"event_name":"World of Goop","floor":2,"gold_loss":0},{"damage_healed":0,"gold_gain":0,"player_choice":"Grow","damage_taken":0,"max_hp_gain":0,"max_hp_loss":0,"event_name":"Living Wall","floor":4,"gold_loss":0,"cards_upgraded":["hierophant:HammerAndAnvil"]},{"damage_healed":0,"gold_gain":0,"player_choice":"Entered Light","damage_taken":15,"max_hp_gain":0,"max_hp_loss":0,"event_name":"Shining Light","floor":6,"gold_loss":0,"cards_upgraded":["hierophant:Defend_Hierophant","hierophant:Defend_Hierophant"]}],"is_beta":false,"boss_relics":[],"items_purged_floors":[],"is_endless":false,"potions_floor_spawned":[8,10,13],"killed_by":"Hexaghost","ascension_level":0}}