{"host":"d5i1qeb9dejicw1z","time":1612072402,"event":{"mods":["AchievementEnabler","BaseMod","Better Note","BetterRewards","Gold Saver","Minty Spire (QoL Compilation)","Permanent Neow","Relic Filter Mod","Reliquary","Replay The Spire","StSLib"],"gold_per_floor":[181,274,289,289,306,306,27,27,27,27,27,27,39,59,59,130,130,148,40,58,68,87,87,118,118,118,118,137,157,174,188,188,192,192],"floor_reached":33,"language":"ENG","playtime":1473,"items_purged":["Strike_G"],"score":509,"play_id":"d1466790-76c8-4d98-80b8-b8b30d3b8f32","local_time":"20210130215322","is_ascension_mode":true,"campfire_choices":[{"floor":6,"key":"REST"},{"floor":8,"key":"REST"},{"data":"Noxious Fumes","floor":10,"key":"SMITH"},{"floor":23,"key":"REST"},{"floor":25,"key":"REST"},{"floor":32,"key":"DIG"}],"circlet_count":0,"master_deck":["AscendersBane","Strike_G","Strike_G","Strike_G","Strike_G+1","Defend_G","Defend_G","Defend_G","Defend_G","Defend_G","Escape Plan+1","Deadly Poison+1","Deadly Poison+1","Replay:Poison Smokescreen+1","Deflect","Noxious Fumes+1","Leap","Beam Cell","Calculated Gamble","After Image","PiercingWail","Fluid Movement+1","Backflip","Noxious Fumes","Draining Mist","Draining Mist+1"],"relics":["Ring of the Snake","Guide Book","Replay:Mystery Machine","Painkiller Herb","ReplayFunnel","Regal Pillow","Nloth\u0027s Gift","Replay:Bandana"],"acts_visited":["Exordium","TheCity"],"potions_floor_usage":[14,16,18,21,22,33],"damage_taken":[{"damage":2,"enemies":"Jaw Worm","floor":1,"turns":6},{"damage":1,"enemies":"Small Slimes","floor":3,"turns":4},{"damage":0,"enemies":"Cultist","floor":5,"turns":4},{"damage":4,"enemies":"Exordium Wildlife","floor":13,"turns":3},{"damage":0,"enemies":"3 Louse","floor":14,"turns":2},{"damage":13,"enemies":"Hexaghost","floor":16,"turns":9},{"damage":7,"enemies":"2 Thieves","floor":18,"turns":4},{"damage":0,"enemies":"Shell Parasite","floor":20,"turns":5},{"damage":2,"enemies":"3 Cultists","floor":21,"turns":6},{"damage":5,"enemies":"Cultist and Chosen","floor":22,"turns":5},{"damage":39,"enemies":"Gremlin Leader","floor":24,"turns":6},{"damage":6,"enemies":"Centurion and Healer","floor":28,"turns":7},{"damage":6,"enemies":"Snake Plant","floor":29,"turns":4},{"damage":3,"enemies":"Snecko","floor":30,"turns":5},{"damage":8,"enemies":"Centurion and Healer","floor":31,"turns":7},{"damage":18,"enemies":"Collector","floor":33,"turns":3}],"seed_played":"2347586184775942868","potions_obtained":[{"floor":1,"key":"Toxic Potion"},{"floor":14,"key":"FearPotion"},{"floor":16,"key":"Adrenaline Potion"},{"floor":20,"key":"Fire Potion"},{"floor":21,"key":"Weak Potion"},{"floor":30,"key":"SteroidPotion"},{"floor":31,"key":"Dexterity Potion"}],"is_trial":false,"path_per_floor":["M","?","M","?","M","R","$","R","T","R","?","?","M","M","R","B",null,"?","T","?","?","?","T","E","T","T","?","?","?","?","?","T","B"],"character_chosen":"THE_SILENT","items_purchased":["Guide Book","Noxious Fumes","Fluid Movement+1","Backflip"],"campfire_rested":4,"item_purchase_floors":[7,7,19,19],"current_hp_per_floor":[57,31,30,10,10,29,29,48,48,48,48,22,18,18,37,24,56,49,49,49,47,42,61,22,41,41,41,35,29,26,18,18,0,0],"gold":192,"neow_bonus":"THREE_CARDS","is_daily":false,"chose_seed":false,"campfire_upgraded":1,"win_rate":0.0,"timestamp":1612072402,"path_taken":["M","?","?","?","M","R","$","R","T","R","?","?","M","M","R","BOSS","?","T","?","?","?","T","E","T","T","?","?","?","?","?","T","BOSS"],"items_purchased_type":["Relic","Card","Card","Card"],"build_version":"2020-12-22","purchased_purges":1,"victory":false,"max_hp_per_floor":[66,66,66,66,66,66,66,66,66,66,66,66,66,66,66,66,66,66,66,66,66,66,66,66,66,66,66,66,66,66,66,66,66,66],"card_choices":[{"not_picked":["Hidden Blade","Outmaneuver"],"picked":"Escape Plan","floor":0},{"not_picked":["Dash","Expertise"],"picked":"Deadly Poison","floor":1},{"not_picked":["Sucker Punch","Quick Slash"],"picked":"Deadly Poison","floor":2},{"not_picked":["Calculated Gamble","Riddle With Holes"],"picked":"Replay:Poison Smokescreen","floor":3},{"not_picked":["Endless Agony","Heel Hook"],"picked":"Deflect","floor":5},{"not_picked":["Grand Finale","Caltrops","Deflect"],"picked":"SKIP","floor":13},{"not_picked":["Blade Dance","Poisoned Stab"],"picked":"Calculated Gamble","floor":14},{"not_picked":["A Thousand Cuts","Night Terror"],"picked":"After Image","floor":16},{"not_picked":["Masterful Stab+1","Poisoned Stab"],"picked":"PiercingWail","floor":18},{"not_picked":["Sucker Punch","Dodge and Roll","Acrobatics"],"picked":"SKIP","floor":20},{"not_picked":["Slice","Prepared","Underhanded Strike"],"picked":"SKIP","floor":21},{"not_picked":["Poisoned Stab","Calculated Gamble","Outmaneuver"],"picked":"SKIP","floor":22},{"not_picked":["Dodge and Roll","Acrobatics","Night Terror"],"picked":"SKIP","floor":24},{"not_picked":["Quick Slash","Distraction","Underhanded Strike"],"picked":"SKIP","floor":28},{"not_picked":["Outmaneuver","Deflect"],"picked":"Noxious Fumes","floor":29},{"not_picked":["Dagger Throw","Leg Sweep+1"],"picked":"Draining Mist","floor":30},{"not_picked":["ReplayTheSpireMod:The Works+1","PiercingWail"],"picked":"Draining Mist+1","floor":31}],"player_experience":1188658,"relics_obtained":[{"floor":9,"key":"Replay:Bottled Flurry"},{"floor":24,"key":"ReplayFunnel"},{"floor":26,"key":"Regal Pillow"},{"floor":32,"key":"Replay:Bandana"}],"event_choices":[{"damage_healed":0,"gold_gain":0,"player_choice":"Entered Light","damage_taken":20,"max_hp_gain":0,"max_hp_loss":0,"event_name":"Shining Light","floor":4,"gold_loss":0,"cards_upgraded":["Strike_G","Deadly Poison"]},{"damage_healed":0,"gold_gain":0,"player_choice":"Success","damage_taken":26,"relics_obtained":["Replay:Mystery Machine"],"max_hp_gain":0,"max_hp_loss":0,"event_name":"Scrap Ooze","floor":12,"gold_loss":0},{"damage_healed":0,"gold_gain":0,"player_choice":"Traded Relic","damage_taken":0,"relics_obtained":["Nloth\u0027s Gift"],"max_hp_gain":0,"max_hp_loss":0,"event_name":"N\u0027loth","floor":27,"relics_lost":["Replay:Bottled Flurry"],"gold_loss":0}],"is_beta":false,"boss_relics":[{"not_picked":["Busted Crown","Replay:Bronze Core"],"picked":"Painkiller Herb"}],"items_purged_floors":[7],"is_endless":false,"potions_floor_spawned":[1,14,16,20,21,30,31],"killed_by":"Collector","ascension_level":19}}