{"host":"q6r63elxu27obe7v","time":1612080408,"event":{"mods":["2.2 Compatiblity","AchievementEnabler","BaseMod","CapriCore","DeckTracker","Keyboard Shortcuts","Minty Spire (QoL Compilation)","Permanent Neow","Quick Restart","StSLib","SuperFastMode","¡¼?Úª?ø«¡½REMEMod"],"gold_per_floor":[111,111,36,50,70,102,102,102,102],"floor_reached":8,"language":"KOR","playtime":235,"items_purged":["Defend_P"],"score":56,"play_id":"32b7642f-9edd-474f-b77e-af4d6db6476b","local_time":"20210131170648","is_ascension_mode":false,"campfire_choices":[{"data":"REME_PuzzleBox","floor":7,"key":"SMITH"}],"circlet_count":0,"master_deck":["Strike_P","Strike_P","Strike_P","Strike_P","Defend_P","Defend_P","Defend_P","Eruption","Vigilance","REME_PuzzleBox+1","Pray","REME_MusicOfDeath"],"relics":["PureWater","REME_ComplimentaryCards","Matryoshka"],"acts_visited":["Exordium"],"potions_floor_usage":[6,6],"damage_taken":[{"damage":0,"enemies":"2 Louse","floor":1,"turns":1},{"damage":1,"enemies":"Cultist","floor":4,"turns":4},{"damage":9,"enemies":"Jaw Worm","floor":5,"turns":2},{"damage":45,"enemies":"Lagavulin","floor":6,"turns":6},{"damage":13,"enemies":"3 Sentries","floor":8,"turns":2}],"seed_played":"6536368029404129711","potions_obtained":[{"floor":4,"key":"AttackPotion"},{"floor":5,"key":"PowerPotion"}],"is_trial":false,"path_per_floor":["M","?","$","M","M","E","R","E"],"character_chosen":"WATCHER","items_purchased":[],"campfire_rested":0,"item_purchase_floors":[],"current_hp_per_floor":[65,65,65,64,56,11,11,0,0],"gold":102,"neow_bonus":"RANDOM_COLORLESS_2","is_daily":false,"chose_seed":false,"campfire_upgraded":1,"win_rate":0.0,"timestamp":1612080408,"path_taken":["M","?","$","M","M","E","R","E"],"items_purchased_type":[],"build_version":"2020-12-22","purchased_purges":1,"victory":false,"max_hp_per_floor":[65,65,65,65,65,65,65,65,65],"card_choices":[{"not_picked":["Apotheosis","REME_AllRoundStrike"],"picked":"REME_PuzzleBox","floor":0},{"not_picked":["BowlingBash","Wireheading"],"picked":"Pray","floor":1},{"not_picked":["REME_Repentance","SashWhip","Crescendo"],"picked":"SKIP","floor":4},{"not_picked":["EmptyFist","WreathOfFlame","Evaluate"],"picked":"SKIP","floor":5},{"not_picked":["REME_Repentance","EmptyBody"],"picked":"REME_MusicOfDeath","floor":6}],"player_experience":69113,"relics_obtained":[{"floor":6,"key":"Matryoshka"}],"event_choices":[{"damage_healed":0,"gold_gain":0,"player_choice":"Ignored","damage_taken":0,"max_hp_gain":0,"max_hp_loss":0,"event_name":"NoteForYourself","floor":2,"gold_loss":0}],"is_beta":false,"boss_relics":[],"items_purged_floors":[3],"is_endless":false,"potions_floor_spawned":[4,5],"killed_by":"3 Sentries","ascension_level":0}}