{"host":"exhp4inpfmbngj23","time":1612096164,"event":{"mods":["Abigail Mod","BaseMod","Beaked The Cultist","Downfall","Friendly Minions","Kiyohime????","Koishi","Minty Spire (QoL Compilation)","StSLib","The Alterego"],"gold_per_floor":[99,116,116,134,153,153,180,190,90,90,90,106,136,146,166,264,264,64,82,93,17,17,2,50,50,93,93,117,117,117,137,159,159,159,159],"floor_reached":33,"language":"ENG","playtime":2879,"items_purged":[],"score":282,"play_id":"611abf36-6340-4cc7-acb7-8669cf16b2e3","local_time":"20210131042924","is_ascension_mode":true,"campfire_choices":[{"data":"Slimebound:Split","floor":1,"key":"SMITH"},{"floor":9,"key":"RECALL"},{"data":"Slimebound:Split","floor":11,"key":"SMITH"},{"data":"Slimebound:SlimeBarrage","floor":18,"key":"SMITH"},{"floor":30,"key":"REST"}],"circlet_count":0,"master_deck":["Slimebound:Strike_Slimebound","Slimebound:Strike_Slimebound","Slimebound:Strike_Slimebound","Slimebound:Tackle","Slimebound:Defend_Slimebound","Slimebound:Defend_Slimebound","Slimebound:Defend_Slimebound","Slimebound:Defend_Slimebound","Slimebound:Split+1","Slimebound:CorrosiveSpit","Slimebound:Darklings+1","Slimebound:SplitAcid","Slimebound:Split+1","Slimebound:RollThrough","Slimebound:SlimeBarrage+1","Slimebound:SplitSpecialist","Slimebound:Split+1","Slimebound:OozeBath","Slimebound:Schlurp","Slimebound:SplitAcid","Slimebound:MassRepurpose","Slimebound:SplitSpecialist","Slimebound:FirmFortitude","CurseOfTheBell","Slimebound:SamplingLick","Slimebound:Schlurp","Slimebound:GrowthPunch","Slimebound:RallyTheTroops","Slimebound:HauntingLick","Slimebound:Replication","Slimebound:DouseInSlime","Slimebound:SlimeSpikes"],"relics":["Slimebound:AbsorbEndCombat","downfall:HeartBlessingBlue","Orichalcum","Calling Bell","Boot","The Courier","Pocketwatch","downfall:HeartBlessingRed","downfall:HeartBlessingGreen","CeramicFish","alterego_mod:SomeoneToFightFor","Akabeko"],"acts_visited":["Exordium","TheCity"],"potions_floor_usage":[8,13,16,20,33,33],"damage_taken":[{"damage":8,"enemies":"Small Slimes","floor":2,"turns":3},{"damage":2,"enemies":"Cultist","floor":4,"turns":4},{"damage":3,"enemies":"2 Louse","floor":5,"turns":3},{"damage":0,"enemies":"Large Slime","floor":8,"turns":3},{"damage":11,"enemies":"Red Slaver","floor":12,"turns":4},{"damage":11,"enemies":"Lagavulin","floor":13,"turns":6},{"damage":9,"enemies":"3 Louse","floor":14,"turns":2},{"damage":23,"enemies":"Exordium Thugs","floor":15,"turns":4},{"damage":11,"enemies":"WA_ARCHETYPE_RETAIN","floor":16,"turns":7},{"damage":7,"enemies":"Chosen","floor":19,"turns":4},{"damage":9,"enemies":"3 Byrds","floor":20,"turns":3},{"damage":0,"enemies":"downfall:FleeingMerchant","floor":21,"turns":4},{"damage":5,"enemies":"downfall:FleeingMerchant","floor":23,"turns":4},{"damage":26,"enemies":"Gremlin Leader","floor":26,"turns":6},{"damage":8,"enemies":"Centurion and Healer","floor":28,"turns":5},{"damage":19,"enemies":"Snake Plant","floor":31,"turns":3},{"damage":20,"enemies":"3 Cultists","floor":32,"turns":4},{"damage":61,"enemies":"DF_ARCHETYPE_CLAW","floor":33,"turns":5}],"seed_played":"1787559597436177523","potions_obtained":[{"floor":4,"key":"Fire Potion"},{"floor":5,"key":"Energy Potion"},{"floor":8,"key":"Strength Potion"},{"floor":19,"key":"Weak Potion"},{"floor":26,"key":"Block Potion"},{"floor":29,"key":"CultistPotion"},{"floor":31,"key":"SkillPotion"}],"is_trial":false,"path_per_floor":["R","M","?","M","M","?","T","M","R","?","R","M","E","M","M","B",null,"R","M","M","$","?","$","T","?","E","?","M","?","R","M","M","B"],"character_chosen":"SLIMEBOUND","items_purchased":["Slimebound:GrowthPunch"],"campfire_rested":1,"item_purchase_floors":[21],"current_hp_per_floor":[65,57,57,59,56,56,56,58,68,68,68,59,52,43,22,19,75,75,70,61,65,54,53,53,53,35,35,35,35,57,42,47,0,0,0],"gold":159,"neow_bonus":"ONE_RANDOM_RARE_CARD","is_daily":false,"chose_seed":false,"campfire_upgraded":3,"win_rate":0.0,"timestamp":1612096164,"path_taken":["R","M","?","?","M","?","T","M","R","?","R","M","E","?","M","BOSS","R","M","M","$","?","?","T","?","E","?","M","?","R","?","M","BOSS"],"items_purchased_type":["Card"],"build_version":"2020-12-22","purchased_purges":0,"victory":false,"max_hp_per_floor":[65,65,65,65,65,65,65,65,75,75,75,75,75,75,75,75,75,75,75,75,75,75,75,75,75,75,75,75,75,75,75,75,75,75,75],"card_choices":[{"not_picked":["Slimebound:FormOfPuddle","Slimebound:ForwardTackle"],"picked":"Slimebound:SplitAcid","floor":2},{"not_picked":["Slimebound:Equalize","Slimebound:FinishingTackle"],"picked":"Slimebound:RollThrough","floor":4},{"not_picked":["Slimebound:DivideAndConquer","Slimebound:HauntingLick"],"picked":"Slimebound:SlimeBarrage","floor":5},{"not_picked":["Slimebound:GoopSpray","Slimebound:PressTheAttack"],"picked":"Slimebound:SplitSpecialist","floor":8},{"not_picked":["Slimebound:HungryTackle","Slimebound:ProtectTheBoss"],"picked":"Slimebound:Schlurp","floor":12},{"not_picked":["Slimebound:HauntingLick","Slimebound:Chomp"],"picked":"Slimebound:SplitAcid","floor":13},{"not_picked":["Slimebound:HauntingLick","Slimebound:SamplingLick"],"picked":"Slimebound:MassRepurpose","floor":14},{"not_picked":["Slimebound:Schlurp","Slimebound:SplitBruiser"],"picked":"Slimebound:SplitSpecialist","floor":15},{"not_picked":["Slimebound:CheckThePlaybook","Slimebound:LeechLife"],"picked":"Slimebound:FirmFortitude","floor":16},{"not_picked":["Slimebound:SplitBruiser","Slimebound:SplitMire"],"picked":"Slimebound:SamplingLick","floor":19},{"not_picked":["Slimebound:LeechEnergy","Slimebound:Grow"],"picked":"Slimebound:Schlurp","floor":20},{"not_picked":["Slimebound:TongueLash","Slimebound:Schlurp","Slimebound:ProtectTheBoss"],"picked":"SKIP","floor":21},{"not_picked":["Slimebound:Schlurp+1","Slimebound:SamplingLick+1"],"picked":"Slimebound:RallyTheTroops","floor":23},{"not_picked":["Slimebound:Recollect","Slimebound:SplitMire+1"],"picked":"Slimebound:HauntingLick","floor":26},{"not_picked":["Slimebound:SamplingLick","Slimebound:DisruptingSlam"],"picked":"Slimebound:Replication","floor":28},{"not_picked":["Slimebound:ForwardTackle","Slimebound:HauntingLick"],"picked":"Slimebound:DouseInSlime","floor":31},{"not_picked":["Slimebound:FormOfPuddle","Slimebound:SplitBruiser"],"picked":"Slimebound:SlimeSpikes","floor":32}],"player_experience":2134031,"relics_obtained":[{"floor":13,"key":"Orichalcum"},{"floor":17,"key":"Boot"},{"floor":17,"key":"The Courier"},{"floor":17,"key":"Pocketwatch"},{"floor":24,"key":"CeramicFish"},{"floor":26,"key":"Akabeko"}],"event_choices":[{"damage_healed":0,"gold_gain":0,"player_choice":"Grow","damage_taken":0,"max_hp_gain":0,"max_hp_loss":0,"event_name":"Living Wall","floor":6,"gold_loss":0,"cards_upgraded":["Slimebound:Darklings"]},{"damage_healed":0,"gold_gain":0,"player_choice":"Choice 2","damage_taken":0,"relics_obtained":["alterego_mod:SomeoneToFightFor"],"max_hp_gain":0,"max_hp_loss":0,"event_name":"Secret Garden","floor":25,"gold_loss":0}],"is_beta":false,"boss_relics":[{"not_picked":["SlaversCollar","Runic Pyramid"],"picked":"Calling Bell"}],"items_purged_floors":[],"is_endless":false,"potions_floor_spawned":[4,5,8,12,19,26,31],"killed_by":"DF_ARCHETYPE_CLAW","ascension_level":1}}