{"host":"txhhdwa0hqfs4jhb","time":1612129845,"event":{"mods":["BaseMod","Better Third Choice","Filter the Spire","Fox Events","Minty Spire (QoL Compilation)","Relic Filter Mod","Relic Stats","Reliquary","StSLib","Thieving Mod"],"gold_per_floor":[119,138,23,23,50,50,81,98,175,207,207,224,299,318,318,414,491,504,166,265,35,52,81,81,115,192,192,192,55,67,79,79,176,176,193,213,16,16,16,51,0,26,49,49,62,512,524,28,28,28],"floor_reached":51,"language":"ENG","playtime":2340,"items_purged":["Strike_R","Strike_R","Strike_R","Defend_R"],"score":951,"play_id":"9a9d356c-f8b3-40e4-86f9-47560a9f7fc0","local_time":"20210131215045","is_ascension_mode":false,"campfire_choices":[{"data":"Rampage","floor":6.0,"key":"SMITH"},{"data":"Battle Trance","floor":11.0,"key":"SMITH"},{"data":"Barricade","floor":15.0,"key":"SMITH"},{"floor":27.0,"key":"REST"},{"data":"Impervious","floor":32.0,"key":"SMITH"},{"data":"Bash","floor":44,"key":"SMITH"},{"floor":49,"key":"REST"}],"circlet_count":0,"master_deck":["Defend_R","Defend_R+1","Defend_R+1","Bash+1","Barricade+1","Rampage+1","Whirlwind+1","Thunderclap+1","Battle Trance+1","Shrug It Off","Impervious+1","Disarm","Whirlwind+1","Iron Wave+1","Impervious","Shrug It Off","Battle Trance+1","Iron Wave+1","Shrug It Off+1","Shrug It Off+1","Flame Barrier+1","Impervious","Metallicize+1","Reckless Charge+1","Twin Strike+1","Dropkick+1","Fire Breathing+1","Exhume","Havoc"],"relics":["Burning Blood","Molten Egg 2","Pocketwatch","Frozen Egg 2","Gambling Chip","Empty Cage","reliquary:TridentHead","Membership Card","Vajra","Eternal Feather","MutagenicStrength","Kunai","Happy Flower","ClockworkSouvenir","reliquary:Craggleroot","Paper Frog","Chemical X","Potion Belt","Red Mask","reliquary:RoseTintedGlasses","Oddly Smooth Stone","reliquary:OuijaBoard","reliquary:Crutches","Orrery"],"acts_visited":["Exordium","TheCity","TheBeyond"],"potions_floor_usage":[50],"damage_taken":[{"damage":17.0,"enemies":"Small Slimes","floor":1.0,"turns":5.0},{"damage":0.0,"enemies":"2 Louse","floor":2.0,"turns":4.0},{"damage":2.0,"enemies":"Colosseum Slavers","floor":5.0,"turns":3.0},{"damage":16.0,"enemies":"3 Sentries","floor":7.0,"turns":7.0},{"damage":3.0,"enemies":"Jaw Worm","floor":8.0,"turns":2.0},{"damage":16.0,"enemies":"Gremlin Nob","floor":10.0,"turns":3.0},{"damage":0.0,"enemies":"Exordium Wildlife","floor":12.0,"turns":1.0},{"damage":0.0,"enemies":"Exordium Thugs","floor":14.0,"turns":2.0},{"damage":0.0,"enemies":"Slime Boss","floor":16.0,"turns":6.0},{"damage":20.0,"enemies":"2 Thieves","floor":18.0,"turns":2.0},{"damage":11.0,"enemies":"Shell Parasite","floor":22.0,"turns":6.0},{"damage":34.0,"enemies":"Slavers","floor":23.0,"turns":3.0},{"damage":18.0,"enemies":"Gremlin Leader","floor":25.0,"turns":4.0},{"damage":18.0,"enemies":"Centurion and Healer","floor":30.0,"turns":5.0},{"damage":0.0,"enemies":"3 Cultists","floor":31.0,"turns":1.0},{"damage":0.0,"enemies":"Automaton","floor":33.0,"turns":8.0},{"damage":10.0,"enemies":"Orb Walker","floor":35.0,"turns":2.0},{"damage":0.0,"enemies":"3 Shapes","floor":36.0,"turns":3.0},{"damage":0,"enemies":"Reptomancer","floor":40,"turns":3},{"damage":0,"enemies":"Giant Head","floor":42,"turns":7},{"damage":0,"enemies":"Spire Growth","floor":45,"turns":2},{"damage":0,"enemies":"3 Darklings","floor":47,"turns":1},{"damage":11,"enemies":"Awakened One","floor":50,"turns":11}],"seed_played":"7268984286047421010","potions_obtained":[{"floor":1.0,"key":"Explosive Potion"},{"floor":5.0,"key":"CultistPotion"},{"floor":8.0,"key":"Weak Potion"},{"floor":14.0,"key":"Explosive Potion"},{"floor":22.0,"key":"LiquidBronze"},{"floor":25.0,"key":"LiquidBronze"},{"floor":28.0,"key":"foxEvents:VialedCaress"},{"floor":31.0,"key":"FairyPotion"},{"floor":42,"key":"GamblersBrew"}],"is_trial":false,"path_per_floor":["M","M","$","?","?","R","E","M","T","E","R","M","?","M","R","B",null,"M","$","?","$","M","E","?","E","T","R","?","$","M","M","R","B",null,"M","M","$","?","$","E","?","E","T","R","M","?","M","$","R","B",null],"character_chosen":"IRONCLAD","items_purchased":["Whirlwind+1","reliquary:TridentHead","Membership Card","Vajra","ClockworkSouvenir","Paper Frog","reliquary:OuijaBoard","reliquary:Crutches","Orrery","Twin Strike+1","Dropkick+1","Fire Breathing+1","Exhume","Havoc"],"campfire_rested":2,"item_purchase_floors":[3,19,21,21,29,37,48,48,48,48,48,48,48,48],"current_hp_per_floor":[69,75,75,59,63,63,53,56,56,46,46,52,41,47,47,53,80,66,66,66,66,61,33,33,21,21,51,51,51,39,45,54,60,80,76,80,80,80,80,80,80,80,80,80,80,28,34,34,73,68],"gold":28,"neow_bonus":"ONE_RANDOM_RARE_CARD","is_daily":false,"chose_seed":false,"campfire_upgraded":5,"win_rate":0.0,"timestamp":1612129845,"path_taken":["M","M","$","?","?","R","E","M","T","E","R","M","?","M","R","BOSS","M","$","?","$","M","E","?","E","T","R","?","$","?","M","R","BOSS","M","M","$","?","?","E","?","E","T","R","M","?","M","$","R","BOSS"],"items_purchased_type":["Card","Relic","Relic","Relic","Relic","Relic","Relic","Relic","Relic","Card","Card","Card","Card","Card"],"build_version":"2020-12-22","purchased_purges":4,"victory":true,"max_hp_per_floor":[80,80,80,80,80,80,80,80,80,80,80,80,80,80,80,80,80,80,80,80,80,80,80,80,80,80,80,80,80,80,80,80,80,80,80,80,80,80,80,80,80,80,80,80,80,80,80,80,80,80],"relic_stats":{"Happy Flower":[14],"counters":[23,91],"Gambling Chip":[62],"Eternal Feather":30,"Kunai":[11],"Chemical X":[22],"obtain_stats":[{"reliquary:OuijaBoard":48,"Vajra":21,"Empty Cage":17,"Burning Blood":0,"ClockworkSouvenir":29,"reliquary:TridentHead":19,"Gambling Chip":10,"reliquary:RoseTintedGlasses":42,"Red Mask":41,"Kunai":25,"Chemical X":39,"Paper Frog":37,"Potion Belt":40,"Happy Flower":26,"Oddly Smooth Stone":43,"Eternal Feather":23,"Frozen Egg 2":9,"reliquary:Crutches":48,"MutagenicStrength":24,"reliquary:Craggleroot":34,"Orrery":48,"Molten Egg 2":3,"foxEvents:LuckyCharm":5,"Membership Card":21,"Pocketwatch":7},{"reliquary:OuijaBoard":22,"Vajra":10,"Empty Cage":9,"Burning Blood":0,"ClockworkSouvenir":13,"reliquary:TridentHead":10,"Gambling Chip":6,"reliquary:RoseTintedGlasses":20,"Red Mask":19,"Kunai":13,"Chemical X":18,"Paper Frog":18,"Potion Belt":19,"Happy Flower":13,"Oddly Smooth Stone":20,"Eternal Feather":12,"Frozen Egg 2":5,"reliquary:Crutches":22,"MutagenicStrength":12,"reliquary:Craggleroot":16,"Orrery":22,"Molten Egg 2":2,"foxEvents:LuckyCharm":3,"Membership Card":10,"Pocketwatch":4},{"reliquary:OuijaBoard":80,"Vajra":35,"Empty Cage":33,"Burning Blood":0,"ClockworkSouvenir":48,"reliquary:TridentHead":35,"Gambling Chip":24,"reliquary:RoseTintedGlasses":77,"Red Mask":70,"Kunai":48,"Chemical X":67,"Paper Frog":67,"Potion Belt":70,"Happy Flower":48,"Oddly Smooth Stone":77,"Eternal Feather":44,"Frozen Egg 2":21,"reliquary:Crutches":80,"MutagenicStrength":44,"reliquary:Craggleroot":62,"Orrery":80,"Molten Egg 2":9,"foxEvents:LuckyCharm":12,"Membership Card":35,"Pocketwatch":19}],"Burning Blood":118,"Pocketwatch":[108]},"card_choices":[{"not_picked":["Rage","Entrench"],"picked":"Rampage","floor":1.0},{"not_picked":["Seeing Red","Havoc","Rage"],"picked":"SKIP","floor":2.0},{"not_picked":["Metallicize","Bloodletting"],"picked":"Thunderclap+1","floor":7.0},{"not_picked":["Pommel Strike+1","Warcry"],"picked":"Battle Trance","floor":8.0},{"not_picked":["Ghostly Armor","Uppercut+1","Bloodletting"],"picked":"SKIP","floor":10.0},{"not_picked":["Armaments","Uppercut+1","Evolve+1"],"picked":"SKIP","floor":12.0},{"not_picked":["Wild Strike+1","Sword Boomerang+1"],"picked":"Shrug It Off","floor":14.0},{"not_picked":["Berserk+1","Demon Form+1"],"picked":"Impervious","floor":16.0},{"not_picked":["Havoc","True Grit"],"picked":"Disarm","floor":18.0},{"not_picked":["Rage+1","Sword Boomerang+1","Fire Breathing+1"],"picked":"SKIP","floor":22.0},{"not_picked":["Headbutt+1","True Grit","Fiend Fire+1"],"picked":"SKIP","floor":23.0},{"not_picked":["Dual Wield","Clash+1","Combust+1"],"picked":"SKIP","floor":25.0},{"not_picked":["Carnage+1","Reckless Charge+1"],"picked":"Whirlwind+1","floor":30.0},{"not_picked":["Bloodletting","Heavy Blade+1"],"picked":"Iron Wave+1","floor":31.0},{"not_picked":["Exhume","Demon Form+1"],"picked":"Impervious","floor":33.0},{"not_picked":["Ghostly Armor","Flex"],"picked":"Shrug It Off","floor":35.0},{"not_picked":["Clash+1","Armaments"],"picked":"Battle Trance+1","floor":36.0},{"not_picked":["Hemokinesis+1","Sword Boomerang+1"],"picked":"Iron Wave+1","floor":40},{"not_picked":["Feel No Pain+1","Flame Barrier"],"picked":"Shrug It Off+1","floor":42},{"not_picked":["Cleave+1","Berserk+1","Power Through"],"picked":"SKIP","floor":45},{"not_picked":["Uppercut+1","Fire Breathing+1","Twin Strike+1"],"picked":"SKIP","floor":47},{"not_picked":["Clash+1","Heavy Blade+1"],"picked":"Shrug It Off+1","floor":48},{"not_picked":["Thunderclap+1","Iron Wave+1"],"picked":"Flame Barrier+1","floor":48},{"not_picked":["Sentinel+1","Rampage+1"],"picked":"Impervious","floor":48},{"not_picked":["Anger+1","Havoc+1"],"picked":"Metallicize+1","floor":48},{"not_picked":["Thunderclap+1","Evolve+1"],"picked":"Reckless Charge+1","floor":48}],"player_experience":298111,"relics_obtained":[{"floor":5.0,"key":"foxEvents:LuckyCharm"},{"floor":7.0,"key":"Pocketwatch"},{"floor":9.0,"key":"Frozen Egg 2"},{"floor":10.0,"key":"Gambling Chip"},{"floor":23.0,"key":"Eternal Feather"},{"floor":25.0,"key":"Kunai"},{"floor":26.0,"key":"Happy Flower"},{"floor":40,"key":"Potion Belt"},{"floor":42,"key":"reliquary:RoseTintedGlasses"},{"floor":43,"key":"Oddly Smooth Stone"}],"event_choices":[{"damage_healed":75.0,"max_hp_gain":0.0,"max_hp_loss":80.0,"gold_gain":0.0,"event_name":"betterThird:BetterShining","player_choice":"Upgrade","floor":4.0,"gold_loss":0.0,"damage_taken":16.0,"cards_upgraded":["Defend_R","Defend_R"]},{"damage_healed":0.0,"max_hp_gain":0.0,"max_hp_loss":0.0,"gold_gain":75.0,"event_name":"betterThird:BetterGoop","player_choice":"Gold","floor":13.0,"gold_loss":0.0,"damage_taken":11.0},{"damage_healed":0.0,"max_hp_gain":0.0,"max_hp_loss":0.0,"gold_gain":99.0,"event_name":"betterThird:BetterNest","player_choice":"Steal","floor":20.0,"gold_loss":0.0,"damage_taken":0.0},{"damage_healed":0.0,"max_hp_gain":0.0,"max_hp_loss":0.0,"gold_gain":0.0,"event_name":"Drug Dealer","player_choice":"Inject Mutagens","floor":24.0,"gold_loss":0.0,"damage_taken":0.0,"relics_obtained":["MutagenicStrength"]},{"damage_healed":0.0,"max_hp_gain":0.0,"max_hp_loss":0.0,"gold_gain":0.0,"event_name":"Wheel of Change","player_choice":"Full Heal","floor":38.0,"gold_loss":0.0,"damage_taken":0.0},{"damage_healed":0,"gold_gain":0,"player_choice":"Paid","damage_taken":0,"relics_obtained":["Red Mask"],"max_hp_gain":0,"max_hp_loss":0,"event_name":"Tomb of Lord Red Mask","floor":41,"gold_loss":51},{"damage_healed":0,"gold_gain":0,"player_choice":"Random: Green","damage_taken":0,"max_hp_gain":0,"max_hp_loss":0,"event_name":"betterThird:BetterPortal","floor":46,"gold_loss":0},{"damage_healed":0,"gold_gain":450,"player_choice":"GOLD GOLD GOLD GOLD GOLD POTION ","damage_taken":52,"max_hp_gain":0,"max_hp_loss":0,"event_name":"Knowing Skull","floor":46,"potions_obtained":["FearPotion"],"gold_loss":0,"cards_obtained":[]}],"is_beta":false,"boss_relics":[{"not_picked":["Astrolabe","Runic Cube"],"picked":"Empty Cage"},{"not_picked":["SacredBark","Cursed Key"],"picked":"reliquary:Craggleroot"}],"items_purged_floors":[3,19,29,37],"is_endless":false,"potions_floor_spawned":[1,5,8,14,22,25,31,42,47],"ascension_level":0}}