{"host":"y76x98twjnyyxs83","time":1612128065,"event":{"mods":["BaseMod","Colored Powertips","Minty Spire (QoL Compilation)","Permanent Neow","Quick Restart","Rare Cards Sparkle","Relic Stats","StSLib"],"gold_per_floor":[362,374,14,89,89,89,122,122,122,142,142,180,194,23,23,119,119,142,155,179,233,60,60,60,60],"floor_reached":24,"language":"ENG","playtime":846,"items_purged":["Strike_B"],"score":377,"play_id":"f37406cd-4afe-48a8-80da-c372b3e67ed0","local_time":"20210201052105","is_ascension_mode":true,"campfire_choices":[{"floor":6,"key":"REST"},{"data":"Defragment","floor":8,"key":"SMITH"},{"floor":15,"key":"REST"},{"floor":23,"key":"REST"}],"circlet_count":0,"master_deck":["AscendersBane","Strike_B","Defend_B","Defend_B","Defend_B","Zap","Dualcast","Ball Lightning","Ball Lightning","Defragment+1","Reinforced Body","Static Discharge","Go for the Eyes+1","Capacitor","Multi-Cast","Conserve Battery+1","Force Field+1","Gash+1","Capacitor","Reinforced Body"],"relics":["Cracked Core","Centennial Puzzle","Golden Idol","Dead Branch","Molten Egg 2","Ice Cream","ClockworkSouvenir","Astrolabe","Anchor","OrangePellets"],"acts_visited":["Exordium","TheCity"],"potions_floor_usage":[12,12,13],"damage_taken":[{"damage":7,"enemies":"Jaw Worm","floor":1,"turns":3},{"damage":2,"enemies":"2 Louse","floor":2,"turns":3},{"damage":16,"enemies":"Lagavulin","floor":7,"turns":5},{"damage":8,"enemies":"Small Slimes","floor":10,"turns":4},{"damage":14,"enemies":"3 Sentries","floor":12,"turns":4},{"damage":6,"enemies":"Exordium Thugs","floor":13,"turns":4},{"damage":11,"enemies":"Hexaghost","floor":16,"turns":8},{"damage":14,"enemies":"Shell Parasite","floor":18,"turns":5},{"damage":4,"enemies":"Chosen","floor":19,"turns":5},{"damage":17,"enemies":"Snake Plant","floor":20,"turns":5},{"damage":41,"enemies":"Slavers","floor":24,"turns":5}],"seed_played":"-9168081740165719695","potions_obtained":[{"floor":10,"key":"EntropicBrew"},{"floor":12,"key":"Ancient Potion"},{"floor":13,"key":"Strength Potion"}],"is_trial":false,"path_per_floor":["M","M","$","?","?","R","E","R","T","M","?","E","M","$","R","B",null,"M","M","M","T","$","R","E"],"character_chosen":"DEFECT","items_purchased":["Defragment","Reinforced Body","Centennial Puzzle","ClockworkSouvenir","OrangePellets"],"campfire_rested":3,"item_purchase_floors":[3,3,3,14,22],"current_hp_per_floor":[39,37,37,26,26,45,29,29,29,21,21,7,1,1,20,9,50,36,32,15,15,15,34,0,0],"gold":60,"neow_bonus":"TWO_FIFTY_GOLD","is_daily":false,"chose_seed":false,"campfire_upgraded":1,"win_rate":0.0,"timestamp":1612128065,"path_taken":["M","M","$","?","?","R","E","R","T","?","?","E","M","?","R","BOSS","M","?","M","?","$","R","E"],"items_purchased_type":["Card","Card","Relic","Relic","Relic"],"build_version":"2020-12-22","purchased_purges":1,"victory":false,"max_hp_per_floor":[71,71,71,71,64,64,64,64,64,64,64,64,64,64,64,64,64,64,64,64,64,64,64,64,64],"relic_stats":{"OrangePellets":[1],"Centennial Puzzle":[27],"counters":[11,51],"Golden Idol":54,"Dead Branch":[12],"Astrolabe":["Conserve Battery","Force Field","Gash"],"obtain_stats":[{"Ice Cream":12,"OrangePellets":22,"Centennial Puzzle":3,"Anchor":21,"Golden Idol":5,"Dead Branch":7,"Astrolabe":17,"Molten Egg 2":9,"Cracked Core":0,"ClockworkSouvenir":14},{"Ice Cream":5,"OrangePellets":10,"Centennial Puzzle":2,"Anchor":10,"Golden Idol":2,"Dead Branch":3,"Astrolabe":7,"Molten Egg 2":3,"Cracked Core":0,"ClockworkSouvenir":6},{"Ice Cream":19,"OrangePellets":46,"Centennial Puzzle":6,"Anchor":46,"Golden Idol":6,"Dead Branch":11,"Astrolabe":31,"Molten Egg 2":11,"Cracked Core":0,"ClockworkSouvenir":23}]},"card_choices":[{"not_picked":["Gash","Compile Driver"],"picked":"Ball Lightning","floor":1},{"not_picked":["Streamline","Stack"],"picked":"Ball Lightning","floor":2},{"not_picked":["Redo","Gash"],"picked":"Static Discharge","floor":7},{"not_picked":["Gash+1","White Noise"],"picked":"Go for the Eyes+1","floor":10},{"not_picked":["Stack","Beam Cell+1","Streamline+1"],"picked":"SKIP","floor":12},{"not_picked":["Force Field","Defragment"],"picked":"Capacitor","floor":13},{"not_picked":["All For One+1","Machine Learning"],"picked":"Multi-Cast","floor":16},{"not_picked":["Steam","Rebound+1"],"picked":"Capacitor","floor":18},{"not_picked":["Gash+1","Streamline+1"],"picked":"Reinforced Body","floor":19},{"not_picked":["Heatsinks","Beam Cell+1","Rip and Tear+1"],"picked":"SKIP","floor":20}],"player_experience":1182674,"relics_obtained":[{"floor":7,"key":"Dead Branch"},{"floor":9,"key":"Molten Egg 2"},{"floor":12,"key":"Ice Cream"},{"floor":21,"key":"Anchor"}],"event_choices":[{"damage_healed":0,"gold_gain":75,"player_choice":"Gather Gold","damage_taken":11,"max_hp_gain":0,"max_hp_loss":0,"event_name":"World of Goop","floor":4,"gold_loss":0},{"damage_healed":0,"gold_gain":0,"player_choice":"Lose Max HP","damage_taken":0,"relics_obtained":["Golden Idol"],"max_hp_gain":0,"max_hp_loss":7,"event_name":"Golden Idol","floor":5,"gold_loss":0},{"damage_healed":0,"gold_gain":0,"player_choice":"Ignored","damage_taken":0,"max_hp_gain":0,"max_hp_loss":0,"event_name":"Liars Game","floor":11,"gold_loss":0}],"is_beta":false,"boss_relics":[{"not_picked":["SlaversCollar","Runic Dome"],"picked":"Astrolabe"}],"items_purged_floors":[3],"is_endless":false,"potions_floor_spawned":[10,12,13,19,20],"killed_by":"Slavers","ascension_level":17}}