{"host":"6drv1qzpbnls60z2","time":1612081509,"event":{"mods":["ATMod(°¢èªMod)","Act Like it!","Arknights","BaseMod","Hallownest","Minty Spire (QoL Compilation)","Reimu£¨²©ÀöÁéÃÎ£©","Replay The Spire","Shop Mod","Spicy Shops","StSLib","The Dragon Tamer","Uncapped","¡¾ÒÅÎï¿¨ÅÆ¡¿REMEMod","²ÐÁôÖ®Îï","óô»ðÖ¸ÄÏ"],"gold_per_floor":[116,133,43,93,104,104,104],"floor_reached":6,"language":"ZHS","playtime":401,"items_purged":[],"score":172,"play_id":"c7a7a691-e370-4bdd-ac13-0edf18ae0264","local_time":"20210131162509","daily_mods":["SealedDeck"],"is_ascension_mode":true,"campfire_choices":[],"circlet_count":0,"master_deck":["AscendersBane","AT_EssenceShift","REME_SelfUpgrade","ats:Automatic Cover","ats:Ignite","ats:Shell Defense","ats:Flame Of Heaven","ats:Shell Defense","ats:Mental Burst","ats:Sword Rain","ats:Guardian Obelisk","ats:Ignite","ats:Encircling Forest","ats:Hook Shot","ats:Collapsing Strike","ats:Healing Drone","ats:Very Hot Blade","ats:Magnetic Hammer"],"relics":["ats:Sanity","AT_ATBox","REME_ComplimentaryCards"],"acts_visited":["Exordium"],"potions_floor_usage":[6],"damage_taken":[{"damage":14,"enemies":"Small Slimes","floor":1,"turns":3},{"damage":5,"enemies":"Cultist","floor":2,"turns":4},{"damage":14,"enemies":"Jaw Worm","floor":5,"turns":4},{"damage":67,"enemies":"Gremlin Nob","floor":6,"turns":4}],"seed_played":"8763059741884413935","potions_obtained":[{"floor":1,"key":"Swift Potion"}],"is_trial":true,"path_per_floor":["M","M","$","?","M","E"],"character_chosen":"DOCTOR_CLASS","items_purchased":["ats:Healing Drone","ats:Very Hot Blade"],"campfire_rested":0,"item_purchase_floors":[3,3],"current_hp_per_floor":[51,46,46,46,38,0,0],"gold":104,"neow_bonus":"","is_daily":false,"chose_seed":false,"campfire_upgraded":0,"win_rate":0.0,"timestamp":1612081509,"path_taken":["M","M","$","?","?","E"],"items_purchased_type":["Card","Card"],"build_version":"2020-12-22","purchased_purges":0,"victory":false,"max_hp_per_floor":[72,72,72,72,72,72,72],"card_choices":[{"not_picked":["ats:Powerful Strike","ats:Curse Doll","ats:Thorns"],"picked":"ats:Hook Shot","floor":1},{"not_picked":["ats:Hammer On","ats:Powerful Strike","ats:Revitalization"],"picked":"ats:Collapsing Strike","floor":2},{"not_picked":["ats:Revitalization","ats:Defend Order","ats:Leaping Hammer"],"picked":"ats:Magnetic Hammer","floor":5}],"player_experience":156887,"relics_obtained":[],"event_choices":[{"damage_healed":0,"gold_gain":50,"player_choice":"Pray","damage_taken":0,"max_hp_gain":0,"max_hp_loss":0,"event_name":"Golden Shrine","floor":4,"gold_loss":0}],"is_beta":false,"boss_relics":[],"items_purged_floors":[],"is_endless":true,"potions_floor_spawned":[1],"killed_by":"Gremlin Nob","ascension_level":20}}