{"host":"jumrmhf584hajrnz","time":1612134188,"event":{"mods":["BaseMod","Duelist Mod","GifTheSpireLib","Minty Spire (QoL Compilation)","Quick Restart","StSLib"],"gold_per_floor":[138,138,288,288,364,397,415,441,441,441,470,34,34,53,53,124,124,135,135,25,25,25,52,52,70,70,86,100,100,116,129,129,206,206,223,242,242,242,260,260,286,278,290,317,229,280,22,41,41,41,41,41,41,4,30,30,30],"floor_reached":56,"language":"ENG","playtime":5237,"items_purged":["Doubt","Writhe"],"score":2226,"play_id":"ded32ca8-778f-463d-9d58-f69220992616","local_time":"20210201000308","is_ascension_mode":true,"campfire_choices":[{"floor":10,"key":"REST"},{"floor":13,"key":"REST"},{"floor":15,"key":"REST"},{"floor":24,"key":"REST"},{"floor":32,"key":"RECALL"},{"data":"theDuelist:CocoonUltraEvolution","floor":40,"key":"SMITH"},{"data":"theDuelist:PrematureBurial","floor":49,"key":"SMITH"},{"data":"theDuelist:SphereKuriboh+1","floor":53,"key":"SMITH"}],"circlet_count":0,"master_deck":["theDuelist:Raigeki+1","theDuelist:SphereKuriboh+2","theDuelist:HammerShot+1","theDuelist:ShiranuiSkillsagaSupremacy","theDuelist:GauntletWarrior+1","theDuelist:NaturiaHorneedle","theDuelist:GravityAxe+1","theDuelist:Beatraptor+1","theDuelist:MillenniumGolem+1","theDuelist:PowerKaishin","theDuelist:Taotie+1","theDuelist:AtlanteanAttackSquad+1","theDuelist:BlockGolem","theDuelist:NaturiaParadizo+1","theDuelist:CocoonUltraEvolution+1","theDuelist:Vandalgyon+1","theDuelist:EarthquakeGiant+1","theDuelist:PrematureBurial+1","theDuelist:DarkMagician+1","theDuelist:DarkHorus+1","theDuelist:Hydrogeddon+1","theDuelist:VampireTakeover+1","theDuelist:Wightprince+1","theDuelist:AutorokketDragon+1","theDuelist:Mixeroid+1","theDuelist:RainbowRuins+1","AscendersBane","theDuelist:Geargiauger+1","theDuelist:PredaplantPterapenthes+1","theDuelist:Downbeat+1","theDuelist:Miscellaneousaurus+1","theDuelist:GilfordLegend+1","theDuelist:RockMetronome+1","theDuelist:ImperialOrder+1","theDuelist:StarlightRoad","theDuelist:MasterMagmaBlacksmith+1"],"relics":["theDuelist:MillenniumPuzzle","theDuelist:CardPoolRelic","theDuelist:CardPoolBasicRelic","theDuelist:BoosterPackPoolRelic","theDuelist:CardPoolAddRelic","theDuelist:CardPoolMinusRelic","theDuelist:CardPoolSaveRelic","theDuelist:CardPoolOptionsRelic","NeowsBlessing","Molten Egg 2","Champion Belt","Boot","theDuelist:SolderToken","Frozen Egg 2","Gremlin Horn","theDuelist:HauntedRelic","WarpedTongs","Kunai","Snecko Eye","MawBank","theDuelist:SummonAnchor","Lizard Tail","Magic Flower","Ginger","Turnip","Bird Faced Urn","Lee\u0027s Waffle","theDuelist:MerchantPendant","theDuelist:BlessingAnubis"],"acts_visited":["Exordium","TheCity","TheBeyond","TheEnding"],"potions_floor_usage":[23,44,44,56],"damage_taken":[{"damage":0,"enemies":"2 Louse","floor":1,"turns":2},{"damage":0,"enemies":"Lagavulin","floor":6,"turns":1},{"damage":0,"enemies":"Small Slimes","floor":7,"turns":2},{"damage":61,"enemies":"Gremlin Nob","floor":8,"turns":7},{"damage":13,"enemies":"Lagavulin","floor":11,"turns":6},{"damage":0,"enemies":"Jaw Worm","floor":14,"turns":3},{"damage":9,"enemies":"Slime Boss","floor":16,"turns":13},{"damage":21,"enemies":"Shell Parasite","floor":18,"turns":5},{"damage":6,"enemies":"Gremlin Leader","floor":23,"turns":6},{"damage":19,"enemies":"3 Byrds","floor":25,"turns":4},{"damage":2,"enemies":"Sentry and Sphere","floor":27,"turns":4},{"damage":9,"enemies":"3 Cultists","floor":28,"turns":4},{"damage":3,"enemies":"Snake Plant","floor":30,"turns":2},{"damage":1,"enemies":"Snecko","floor":31,"turns":5},{"damage":34,"enemies":"Collector","floor":33,"turns":9},{"damage":11,"enemies":"3 Shapes","floor":35,"turns":2},{"damage":0,"enemies":"Orb Walker","floor":36,"turns":3},{"damage":3,"enemies":"Sphere and 2 Shapes","floor":39,"turns":2},{"damage":0,"enemies":"Nemesis","floor":41,"turns":5},{"damage":0,"enemies":"Writhing Mass","floor":44,"turns":6},{"damage":11,"enemies":"Writhing Mass","floor":46,"turns":7},{"damage":1,"enemies":"Maw","floor":48,"turns":6},{"damage":39,"enemies":"Donu and Deca","floor":50,"turns":8},{"damage":0,"enemies":"Awakened One","floor":51,"turns":10},{"damage":0,"enemies":"Shield and Spear","floor":55,"turns":5},{"damage":116,"enemies":"The Heart","floor":56,"turns":6}],"seed_played":"7734998550340891742","potions_obtained":[{"floor":7,"key":"theDuelist:ReducerPotion"},{"floor":11,"key":"DistilledChaos"},{"floor":14,"key":"theDuelist:IcePotion"},{"floor":28,"key":"theDuelist:DestructPotionPotB"},{"floor":42,"key":"theDuelist:DestructPotionPotB"},{"floor":46,"key":"FearPotion"}],"is_trial":false,"path_per_floor":["M","?","?","?","T","E","M","E","T","R","E","$","R","M","R","B",null,"M","?","$","?","$","E","R","M","T","M","M","?","M","M","R","B",null,"M","M","?","?","M","R","E","?","T","M","$","?","$","M","R","B","B",null,"R","$","E","B"],"character_chosen":"THE_DUELIST","items_purchased":["Gremlin Horn","theDuelist:MillenniumGolem+1","theDuelist:DarkHorus+1","theDuelist:Miscellaneousaurus+1","Lee\u0027s Waffle","theDuelist:PrematureBurial","theDuelist:MerchantPendant","theDuelist:StarlightRoad"],"campfire_rested":4,"item_purchase_floors":[12,12,20,20,47,47,54,54],"current_hp_per_floor":[63,63,63,63,63,63,63,2,2,23,10,10,31,31,52,43,63,42,42,42,42,42,36,57,38,38,36,27,80,77,76,76,42,71,60,60,76,76,73,73,73,73,73,73,73,62,87,87,87,48,63,81,81,81,87,57,57],"gold":30,"neow_bonus":"THREE_ENEMY_KILL","is_daily":false,"chose_seed":false,"campfire_upgraded":3,"win_rate":0.0,"timestamp":1612134188,"path_taken":["M","?","?","?","?","E","M","E","T","R","E","$","R","?","R","BOSS","M","?","$","?","$","E","R","M","T","?","M","?","M","M","R","BOSS","M","?","?","?","?","R","E","?","T","?","?","?","$","M","R","BOSS","BOSS","R","$","E","BOSS"],"items_purchased_type":["Relic","Card","Card","Card","Relic","Card","Relic","Card"],"build_version":"2020-12-22","purchased_purges":2,"victory":false,"max_hp_per_floor":[70,70,70,70,70,70,70,70,70,70,70,70,70,70,70,70,70,70,70,70,70,70,70,70,70,70,70,70,80,80,80,80,80,80,80,80,80,80,80,80,80,80,80,80,80,80,87,87,87,87,87,87,87,87,87,87,87],"card_choices":[{"not_picked":["theDuelist:CrossAttack","theDuelist:AncientGearWorkshop","theDuelist:Wasteland","theDuelist:RainbowRuins"],"picked":"theDuelist:PowerKaishin","floor":1},{"not_picked":["theDuelist:Fissure+1","theDuelist:GraniteLoyalist+1","theDuelist:WingedKuriboh+1","theDuelist:GaiaMidNightSun+1"],"picked":"theDuelist:GauntletWarrior+1","floor":6},{"not_picked":["theDuelist:GaiaMidNightSun+1","theDuelist:LightningRodLord+1","theDuelist:MudragonSwamp+1","theDuelist:PowerGiant+1"],"picked":"theDuelist:Raigeki+1","floor":7},{"not_picked":["theDuelist:OjamaMetronome","theDuelist:LabyrinthWall","theDuelist:StarBoy","theDuelist:RainbowRuins"],"picked":"theDuelist:Beatraptor+1","floor":8},{"not_picked":["theDuelist:CrossAttack+1","theDuelist:UnderworldCannon+1","theDuelist:BrilliantFusion","theDuelist:ShadowToon"],"picked":"theDuelist:RainbowRuins+1","floor":11},{"not_picked":["theDuelist:BattleOx+1","theDuelist:BlackPendant","theDuelist:PotDichotomy","theDuelist:GishkiReliever"],"picked":"theDuelist:GilfordLegend+1","floor":14},{"not_picked":["theDuelist:VendreadStriges+1","theDuelist:GoyoEmperor","theDuelist:OceanDragonLord","theDuelist:DefensiveTactics"],"picked":"theDuelist:CocoonUltraEvolution","floor":16},{"not_picked":["theDuelist:VioletCrystal+1","theDuelist:AegisOceanDragon+1","theDuelist:UltimateOffering+1","theDuelist:Mausoleum+1","theDuelist:ShardGreed+1"],"picked":"SKIP","floor":18},{"not_picked":["theDuelist:SeedSacredTree","theDuelist:VioletCrystal+1","theDuelist:ShardGreed+1","theDuelist:Mausoleum+1"],"picked":"theDuelist:HammerShot+1","floor":23},{"not_picked":["theDuelist:FuryFire+1","theDuelist:SeedSacredTree","theDuelist:VioletCrystal+1","theDuelist:PowerMetronome+1"],"picked":"theDuelist:GravityAxe+1","floor":25},{"not_picked":["theDuelist:GauntletWarrior+1","theDuelist:WormKing+1","theDuelist:Hinotama+1","theDuelist:Mudora+1"],"picked":"theDuelist:BlockGolem","floor":27},{"not_picked":["theDuelist:TerraTerrible+1","theDuelist:SnowDragon","theDuelist:GraydleSlime+1","theDuelist:AquaSnake+1"],"picked":"theDuelist:RockMetronome+1","floor":28},{"not_picked":["theDuelist:RevendreadExecutor+1","theDuelist:BarrelDragon+1"],"picked":"theDuelist:NaturiaParadizo+1","floor":30},{"not_picked":["theDuelist:VampireFraulein","theDuelist:RelinquishedSpider","theDuelist:RockMetronome","theDuelist:PhantomGhost+1"],"picked":"theDuelist:Hydrogeddon+1","floor":31},{"not_picked":["theDuelist:WaterDragon","theDuelist:GoldenBlastJuggler+1","theDuelist:NaturiaHorneedle","theDuelist:RareMonsterMetronome"],"picked":"theDuelist:ShiranuiSkillsagaSupremacy","floor":33},{"not_picked":["theDuelist:ClearKuriboh+1","theDuelist:FuryFire+1","theDuelist:Hinotama+1","theDuelist:OneForOne+1"],"picked":"theDuelist:SphereKuriboh+1","floor":35},{"not_picked":["theDuelist:GoldenBlastJuggler+1","theDuelist:MasterMagmaBlacksmith","theDuelist:BookLife","theDuelist:OverpoweringEye+1"],"picked":"theDuelist:NaturiaHorneedle","floor":36},{"not_picked":["theDuelist:ClearKuriboh+1","theDuelist:FluteKuriboh","theDuelist:Terraforming","theDuelist:RainbowBridge+1"],"picked":"theDuelist:EarthquakeGiant+1","floor":39},{"not_picked":["theDuelist:Hydrogeddon+1","theDuelist:VampireGrimson+1","theDuelist:GhostReaper+1","theDuelist:PhantomGhost+1"],"picked":"theDuelist:Wightprince+1","floor":41},{"not_picked":["theDuelist:DarkHorus+1","theDuelist:DragonShield","theDuelist:RedRisingDragon+1","theDuelist:SnowDragon"],"picked":"theDuelist:AutorokketDragon+1","floor":44},{"not_picked":["theDuelist:SeedCannon+1","theDuelist:WaterDragon","theDuelist:IgnisHeat+1","theDuelist:Canyon+1"],"picked":"theDuelist:AtlanteanAttackSquad+1","floor":46},{"not_picked":["theDuelist:StarlightRoad+1","theDuelist:JurassicImpact+1","theDuelist:AltarTribute","theDuelist:UltimateOffering+1"],"picked":"theDuelist:ImperialOrder+1","floor":48},{"not_picked":["theDuelist:GladiatorReturn+1","theDuelist:RareMonsterMetronome+1","theDuelist:AtlanteanAttackSquad+1","theDuelist:Canyon+1"],"picked":"theDuelist:MasterMagmaBlacksmith+1","floor":55}],"player_experience":1650877,"relics_obtained":[{"floor":5,"key":"Molten Egg 2"},{"floor":6,"key":"Champion Belt"},{"floor":8,"key":"Boot"},{"floor":9,"key":"theDuelist:SolderToken"},{"floor":11,"key":"Frozen Egg 2"},{"floor":23,"key":"Kunai"},{"floor":41,"key":"MawBank"},{"floor":43,"key":"theDuelist:SummonAnchor"},{"floor":46,"key":"Ginger"},{"floor":46,"key":"Turnip"},{"floor":46,"key":"Bird Faced Urn"},{"floor":55,"key":"theDuelist:BlessingAnubis"}],"event_choices":[{"max_hp_gain":0,"max_hp_loss":0,"total_magic_score":66,"gold_gain":0,"event_name":"Nameless Tomb","duelist":true,"floor":2,"gold_loss":0,"damage_taken":0,"cards_obtained":[],"relics_obtained":[],"points":1},{"damage_healed":0,"gold_gain":150,"player_choice":"AGREE","damage_taken":0,"max_hp_gain":0,"max_hp_loss":0,"event_name":"Liars Game","floor":3,"gold_loss":0,"cards_obtained":["Doubt"]},{"damage_healed":0,"gold_gain":0,"player_choice":"Leave","duelist":true,"damage_taken":0,"max_hp_gain":0,"max_hp_loss":0,"event_name":"Relic Duplicator","floor":4,"gold_loss":0},{"cards_removed":["theDuelist:HumanoidSlime"],"damage_healed":0,"gold_gain":0,"player_choice":"Elegance","damage_taken":0,"max_hp_gain":0,"max_hp_loss":0,"event_name":"Back to Basics","floor":19,"gold_loss":0},{"damage_healed":0,"gold_gain":0,"player_choice":"Rummage","damage_taken":0,"relics_obtained":["WarpedTongs"],"max_hp_gain":0,"max_hp_loss":0,"event_name":"Accursed Blacksmith","floor":21,"gold_loss":0,"cards_obtained":["Pain"]},{"cards_removed":["theDuelist:MirrorLadybug"],"damage_healed":43,"gold_gain":0,"player_choice":"Offered Rare","damage_taken":0,"max_hp_gain":10,"max_hp_loss":0,"event_name":"Bonfire Elementals","floor":29,"gold_loss":0},{"damage_healed":16,"gold_gain":0,"player_choice":"Writhe","damage_taken":0,"max_hp_gain":0,"max_hp_loss":0,"event_name":"Winding Halls","floor":37,"gold_loss":0,"cards_obtained":["Writhe"]},{"cards_removed":["Pain"],"damage_healed":0,"gold_gain":0,"player_choice":"Purged","damage_taken":0,"max_hp_gain":0,"max_hp_loss":0,"event_name":"Purifier","floor":38,"gold_loss":0},{"damage_healed":0,"gold_gain":0,"player_choice":"Bought 1 Potion","damage_taken":0,"max_hp_gain":0,"max_hp_loss":0,"event_name":"The Woman in Blue","floor":42,"gold_loss":0},{"damage_healed":0,"gold_gain":0,"player_choice":"Fight","duelist":true,"damage_taken":0,"max_hp_gain":0,"max_hp_loss":0,"event_name":"Battle City","floor":46,"gold_loss":0}],"is_beta":false,"boss_relics":[{"not_picked":["Pandora\u0027s Box","HoveringKite"],"picked":"theDuelist:HauntedRelic"},{"not_picked":["Calling Bell","Black Star"],"picked":"Snecko Eye"}],"items_purged_floors":[12,45],"is_endless":false,"potions_floor_spawned":[7,11,14,28,30,33,35,39,41,46],"killed_by":"The Heart","ascension_level":20}}