{"host":"4kmvpqjeiacgn1pr","time":1612051755,"event":{"mods":["AchievementEnabler","BaseMod","Better Altar","Better Match","Better Note","Better Sensory Stone","Better Skull","Better Third Choice","Colored Map","Colored Powertips","Curses Come First","Downfall","Highlight Path","Infinite Spire","Minty Spire (QoL Compilation)","Permanent Neow","Quick Restart","Rare Cards Sparkle","Replay The Spire","Shop Mod","Spicy Shops","Spikes Relics","StSLib","Waifu the Spire"],"gold_per_floor":[113,80,80,90,101,131,131,131,131],"floor_reached":8,"language":"ENG","playtime":302,"items_purged":[],"score":84,"play_id":"cb33ef64-2698-4ca9-bc03-8dce54ed3cd7","local_time":"20210130190915","is_ascension_mode":true,"campfire_choices":[{"data":"Poison Darts","floor":7,"key":"SMITH"}],"circlet_count":0,"master_deck":["AscendersBane","Strike_G","Strike_G","Strike_G","Strike_G","Strike_G","Defend_G","Defend_G","Defend_G","Defend_G","Defend_G","Survivor","Neutralize","Poison Darts+1","Deflect","ReplayTheSpireMod:Private Reserves","Accuracy","Well Laid Plans","All Out Attack"],"relics":["Ring of the Snake","betterThird:SlimedRelic","MealTicket"],"acts_visited":["Exordium"],"potions_floor_usage":[6],"damage_taken":[{"damage":0,"enemies":"2 Louse","floor":1,"turns":3},{"damage":15,"enemies":"Small Slimes","floor":4,"turns":2},{"damage":5,"enemies":"Cultist","floor":5,"turns":4},{"damage":1,"enemies":"Lagavulin","floor":6,"turns":6},{"damage":52,"enemies":"Gremlin Nob","floor":8,"turns":4}],"seed_played":"-7810143860979721601","potions_obtained":[{"floor":4,"key":"BlessingOfTheForge"},{"floor":5,"key":"SteroidPotion"}],"is_trial":false,"path_per_floor":["M","?","?","M","M","E","R","E"],"character_chosen":"THE_SILENT","items_purchased":[],"campfire_rested":0,"item_purchase_floors":[],"current_hp_per_floor":[63,52,52,37,32,31,31,0,0],"gold":131,"neow_bonus":"ONE_RANDOM_RARE_CARD","is_daily":false,"chose_seed":false,"campfire_upgraded":1,"win_rate":0.0,"timestamp":1612051755,"path_taken":["M","?","?","?","M","E","R","E"],"items_purchased_type":[],"build_version":"2020-12-22","purchased_purges":0,"victory":false,"max_hp_per_floor":[70,70,70,70,70,70,70,70,70],"card_choices":[{"not_picked":["Acrobatics","Calculated Gamble"],"picked":"Deflect","floor":1},{"not_picked":["Madness","Jack Of All Trades"],"picked":"ReplayTheSpireMod:Private Reserves","floor":3},{"not_picked":["Dagger Spray","Acrobatics"],"picked":"Accuracy","floor":4},{"not_picked":["Deadly Poison","Bane"],"picked":"Well Laid Plans","floor":5},{"not_picked":["Dagger Throw","Flechettes"],"picked":"All Out Attack","floor":6}],"player_experience":402673,"relics_obtained":[{"floor":6,"key":"MealTicket"}],"event_choices":[{"damage_healed":0,"gold_gain":0,"player_choice":"Slimed","damage_taken":11,"max_hp_gain":0,"max_hp_loss":0,"event_name":"betterThird:BetterGoop","floor":2,"gold_loss":33},{"damage_healed":0,"gold_gain":1,"player_choice":"1","damage_taken":0,"max_hp_gain":0,"max_hp_loss":0,"event_name":"betterStone:BetterStone","floor":3,"gold_loss":0}],"is_beta":false,"boss_relics":[],"items_purged_floors":[],"is_endless":false,"potions_floor_spawned":[4,5],"killed_by":"Gremlin Nob","ascension_level":10}}