{"host":"2ty4h143nj8vwezc","time":1612071624,"event":{"mods":["BaseMod","Colored Map","Googly Eyes","Highlight Path","Minty Spire (QoL Compilation)","Quick Restart","StSLib"],"gold_per_floor":[112,122,138,155,80,111,111,111,111,142,142,142,155,175,175,175,175],"floor_reached":16,"language":"ENG","playtime":616,"items_purged":[],"score":207,"play_id":"0310f1cf-f592-4973-8d24-fcf4222539df","local_time":"20210131004024","is_ascension_mode":true,"campfire_choices":[{"floor":7.0,"key":"REST"},{"floor":12.0,"key":"REST"},{"data":"Bouncing Flask","floor":15.0,"key":"SMITH"}],"circlet_count":0,"master_deck":["AscendersBane","Strike_G","Strike_G","Strike_G","Strike_G","Strike_G","Defend_G","Defend_G","Defend_G","Defend_G","Survivor","Neutralize","Dash","Slice","Dash","Corpse Explosion","Injury","Catalyst+1","Bouncing Flask+1"],"relics":["Ring of the Snake","NeowsBlessing","PreservedInsect","Golden Idol","The Courier","Matryoshka"],"acts_visited":["Exordium"],"potions_floor_usage":[16],"damage_taken":[{"damage":0.0,"enemies":"2 Louse","floor":1.0,"turns":1.0},{"damage":0.0,"enemies":"Small Slimes","floor":2.0,"turns":1.0},{"damage":0.0,"enemies":"Cultist","floor":3.0,"turns":1.0},{"damage":6.0,"enemies":"Blue Slaver","floor":4.0,"turns":5.0},{"damage":21.0,"enemies":"Lagavulin","floor":6.0,"turns":6.0},{"damage":18.0,"enemies":"Gremlin Nob","floor":10.0,"turns":4.0},{"damage":12.0,"enemies":"Exordium Thugs","floor":13.0,"turns":4.0},{"damage":0.0,"enemies":"Exordium Wildlife","floor":14.0,"turns":2.0},{"damage":43,"enemies":"Slime Boss","floor":16,"turns":7}],"seed_played":"-7219246552541911488","potions_obtained":[{"floor":1.0,"key":"Fire Potion"},{"floor":3.0,"key":"DistilledChaos"},{"floor":14.0,"key":"Dexterity Potion"}],"is_trial":false,"path_per_floor":["M","M","M","M","?","E","R","?","T","E","?","R","M","M","R","B"],"character_chosen":"THE_SILENT","items_purchased":[],"campfire_rested":2,"item_purchase_floors":[],"current_hp_per_floor":[59,59,59,53,53,32,51,51,51,33,33,52,40,40,40,0,0],"gold":175,"neow_bonus":"THREE_ENEMY_KILL","is_daily":false,"chose_seed":false,"campfire_upgraded":1,"win_rate":0.0,"timestamp":1612071624,"path_taken":["M","M","M","M","?","E","R","?","T","E","?","R","M","M","R","BOSS"],"items_purchased_type":[],"build_version":"2020-12-22","purchased_purges":0,"victory":false,"max_hp_per_floor":[66,66,66,66,66,66,66,66,66,66,66,66,66,66,66,66,66],"card_choices":[{"not_picked":["Blur","Outmaneuver"],"picked":"Dash","floor":1.0},{"not_picked":["Concentrate","Dodge and Roll","Quick Slash"],"picked":"SKIP","floor":2.0},{"not_picked":["Backflip","Choke"],"picked":"Slice","floor":3.0},{"not_picked":["Underhanded Strike","Leg Sweep"],"picked":"Dash","floor":4.0},{"not_picked":["Finisher","Bane"],"picked":"Corpse Explosion","floor":6.0},{"not_picked":["Skewer","Poisoned Stab"],"picked":"Catalyst","floor":10.0},{"not_picked":["Dagger Throw","Sucker Punch"],"picked":"Bouncing Flask","floor":13.0},{"not_picked":["Slice","Leg Sweep","Blade Dance"],"picked":"SKIP","floor":14.0}],"player_experience":312957,"relics_obtained":[{"floor":6.0,"key":"PreservedInsect"},{"floor":9.0,"key":"The Courier"},{"floor":10.0,"key":"Matryoshka"}],"event_choices":[{"cards_removed":["Defend_G"],"damage_healed":0.0,"max_hp_gain":0.0,"max_hp_loss":0.0,"gold_gain":0.0,"event_name":"The Cleric","player_choice":"Card Removal","floor":5.0,"gold_loss":75.0,"damage_taken":0.0},{"damage_healed":0.0,"max_hp_gain":0.0,"max_hp_loss":0.0,"gold_gain":0.0,"event_name":"Golden Idol","player_choice":"Take Wound","floor":8.0,"gold_loss":0.0,"damage_taken":0.0,"relics_obtained":["Golden Idol"],"cards_obtained":["Injury"]},{"damage_healed":0.0,"max_hp_gain":0.0,"max_hp_loss":0.0,"gold_gain":0.0,"event_name":"Living Wall","player_choice":"Grow","floor":11.0,"gold_loss":0.0,"damage_taken":0.0,"cards_upgraded":["Catalyst"]}],"is_beta":false,"boss_relics":[],"items_purged_floors":[],"is_endless":false,"potions_floor_spawned":[1,3,14],"killed_by":"Slime Boss","ascension_level":17}}