{"host":"6xsbn6ynqlzwllfm","time":1612061527,"event":{"mods":["2.2 Compatiblity","BaseMod","Bestiary","Colored Map","Colored Powertips","Curses Come First","Highlight Path","Keyboard Shortcuts","Minty Spire (QoL Compilation)","Relic Stats","Slay the Relics Exporter","StSLib","SuperFastMode"],"gold_per_floor":[115,115,115,128,148,148,148],"floor_reached":6,"language":"ENG","playtime":137,"items_purged":[],"score":72,"play_id":"64718124-9756-47bb-bda7-7fbe0d93fffb","local_time":"20210130215207","is_ascension_mode":true,"campfire_choices":[],"circlet_count":0,"master_deck":["AscendersBane","Strike_P","Strike_P","Strike_P","Strike_P","Defend_P","Defend_P","Defend_P","Defend_P","Eruption","Vigilance","FollowUp","FearNoEvil","Vengeance"],"relics":["VioletLotus","Golden Idol"],"acts_visited":["Exordium"],"potions_floor_usage":[],"damage_taken":[{"damage":9.0,"enemies":"Small Slimes","floor":1.0,"turns":5.0},{"damage":5.0,"enemies":"2 Louse","floor":4.0,"turns":4.0},{"damage":0.0,"enemies":"Jaw Worm","floor":5.0,"turns":3.0},{"damage":56,"enemies":"Gremlin Nob","floor":6,"turns":4}],"seed_played":"-2498099938596706710","potions_obtained":[],"is_trial":false,"path_per_floor":["M","?","?","M","M","E"],"character_chosen":"WATCHER","items_purchased":[],"campfire_rested":0,"item_purchase_floors":[],"current_hp_per_floor":[52,52,52,47,47,0,0],"gold":148,"neow_bonus":"BOSS_RELIC","is_daily":false,"chose_seed":false,"campfire_upgraded":0,"win_rate":0.0,"timestamp":1612061527,"path_taken":["M","?","?","M","M","E"],"items_purchased_type":[],"build_version":"2020-12-22","purchased_purges":0,"victory":false,"max_hp_per_floor":[68,62,62,62,62,62,62],"relic_stats":{"counters":[4,16],"Golden Idol":10,"VioletLotus":[2],"obtain_stats":[{"Golden Idol":2,"VioletLotus":0,"PureWater":0},{"Golden Idol":1,"VioletLotus":0,"PureWater":0},{"Golden Idol":5,"VioletLotus":0,"PureWater":0}]},"card_choices":[{"not_picked":["EmptyBody","InnerPeace"],"picked":"FollowUp","floor":1.0},{"not_picked":["FlyingSleeves","SashWhip"],"picked":"FearNoEvil","floor":4.0},{"not_picked":["ClearTheMind","ThirdEye"],"picked":"Vengeance","floor":5.0}],"player_experience":1317125,"relics_obtained":[],"event_choices":[{"damage_healed":0.0,"max_hp_gain":0.0,"max_hp_loss":6.0,"gold_gain":0.0,"event_name":"Golden Idol","player_choice":"Lose Max HP","floor":2.0,"gold_loss":0.0,"damage_taken":0.0,"relics_obtained":["Golden Idol"]},{"damage_healed":0.0,"max_hp_gain":0.0,"max_hp_loss":0.0,"gold_gain":0.0,"event_name":"Liars Game","player_choice":"Ignored","floor":3.0,"gold_loss":0.0,"damage_taken":0.0}],"is_beta":false,"boss_relics":[],"items_purged_floors":[],"is_endless":false,"potions_floor_spawned":[],"killed_by":"Gremlin Nob","ascension_level":20}}