{"host":"7ttbe3gzet1mthv0","time":1612052635,"event":{"mods":["AchievementEnabler","BaseMod","Bestiary","Better Match","Better Note","Better Sensory Stone","Better Third Choice","BetterRewards","CapriCore","Colored Map","Colored Powertips","Custom Start","Downfall","Hermit","Highlight Path","Infinite Spire","Jorbs\u0027s Wanderer Trilogy","Luminous","Marisa????????","Minty Spire (QoL Compilation)","Rare Cards Sparkle","Relic Stats","Spicy Shops","StSLib","The Alterego","The Bug Knight","The Cursed","The Hierophant","The Marked","Wandering Minibosses"],"gold_per_floor":[111,131,150,169,182,182,212,60,60,71,85,85,103,122,122,219,219,231,231,231,29,42,76,76,76,125,125,144,144,172,188,188,289,289,303,320,333,333,333],"floor_reached":38,"language":"SPA","playtime":2016,"items_purged":["Strike_R"],"score":468,"play_id":"3bb88e29-1259-4b52-98d0-79b6255b4482","local_time":"20210131012355","is_ascension_mode":true,"campfire_choices":[{"data":"Spot Weakness","floor":6,"key":"SMITH"},{"data":"Bash","floor":12,"key":"SMITH"},{"data":"Limit Break","floor":15,"key":"SMITH"},{"data":"Metallicize","floor":24,"key":"SMITH"},{"data":"Shockwave","floor":27,"key":"SMITH"},{"data":"Infernal Blade","floor":29,"key":"SMITH"},{"data":"Seeing Red","floor":32,"key":"SMITH"}],"circlet_count":0,"master_deck":["Defend_R","Defend_R","Defend_R","Defend_R","Bash+1","Dropkick","Shrug It Off","Burning Pact","Infernal Blade+1","Spot Weakness+1","Battle Trance","Metallicize+1","Limit Break+1","Carnage","Shockwave+1","Bludgeon","Metallicize+1","Bite","Bite","Bite","Bite","Bite","Insight","Seeing Red+1","Sword Boomerang+1","Shrug It Off","Hemokinesis+1","Limit Break","Armaments","Parasite","Heavy Blade+1"],"relics":["Black Blood","Meat on the Bone","Shuriken","Busted Crown","Membership Card","Ice Cream","Molten Egg 2","Toy Ornithopter","Frozen Egg 2"],"acts_visited":["Exordium","TheCity","TheBeyond"],"potions_floor_usage":[7,7,7,18,33],"damage_taken":[{"damage":5,"enemies":"Small Slimes","floor":1,"turns":4},{"damage":1,"enemies":"2 Louse","floor":2,"turns":3},{"damage":8,"enemies":"Cultist","floor":3,"turns":5},{"damage":13,"enemies":"Lots of Slimes","floor":4,"turns":6},{"damage":19,"enemies":"3 Louse","floor":5,"turns":7},{"damage":32,"enemies":"Lagavulin","floor":7,"turns":9},{"damage":7,"enemies":"Exordium Thugs","floor":10,"turns":5},{"damage":13,"enemies":"Blue Slaver","floor":11,"turns":3},{"damage":15,"enemies":"Looter","floor":13,"turns":3},{"damage":7,"enemies":"Red Slaver","floor":14,"turns":2},{"damage":31,"enemies":"Hexaghost","floor":16,"turns":8},{"damage":38,"enemies":"2 Thieves","floor":18,"turns":4},{"damage":30,"enemies":"Chosen","floor":22,"turns":5},{"damage":25,"enemies":"Book of Stabbing","floor":23,"turns":3},{"damage":30,"enemies":"3 Cultists","floor":28,"turns":6},{"damage":12,"enemies":"Nightmare","floor":30,"turns":7},{"damage":18,"enemies":"Shelled Parasite and Fungi","floor":31,"turns":4},{"damage":30,"enemies":"Collector","floor":33,"turns":7},{"damage":7,"enemies":"Orb Walker","floor":35,"turns":4},{"damage":22,"enemies":"3 Shapes","floor":36,"turns":5},{"damage":19,"enemies":"Writhing Mass","floor":37,"turns":4},{"damage":12,"enemies":"4 Shapes","floor":38,"turns":2}],"seed_played":"8895333172890746164","potions_obtained":[{"floor":1,"key":"Fruit Juice"},{"floor":4,"key":"LiquidBronze"},{"floor":5,"key":"HeartOfIron"},{"floor":7,"key":"Fire Potion"},{"floor":13,"key":"Ancient Potion"},{"floor":14,"key":"Weak Potion"},{"floor":23,"key":"EssenceOfSteel"},{"floor":33,"key":"AttackPotion"}],"is_trial":false,"path_per_floor":["M","M","M","M","M","R","E","$","T","M","M","R","M","M","R","B",null,"M","?","?","$","M","E","R","?","T","R","M","R","NM","M","R","B",null,"M","M","M","M"],"character_chosen":"IRONCLAD","items_purchased":["Metallicize","Membership Card","Ice Cream"],"campfire_rested":0,"item_purchase_floors":[8,21,21],"current_hp_per_floor":[88,88,86,79,66,66,45,45,45,56,61,61,64,63,63,50,93,61,61,61,61,41,42,42,42,42,42,44,44,48,46,46,49,65,65,57,56,48,48],"gold":333,"neow_bonus":"TEN_PERCENT_HP_BONUS","is_daily":false,"chose_seed":false,"campfire_upgraded":7,"win_rate":0.0,"timestamp":1612052635,"path_taken":["M","M","M","M","M","R","E","$","T","M","M","R","M","M","R","BOSS","M","?","?","$","M","E","R","?","T","R","?","R","NM","M","R","BOSS","M","M","?","M"],"items_purchased_type":["Card","Relic","Relic"],"build_version":"2020-12-22","purchased_purges":1,"victory":false,"max_hp_per_floor":[88,88,88,88,88,88,93,93,93,93,93,93,93,93,93,93,93,93,65,65,65,65,65,65,65,65,65,65,65,65,65,65,65,65,65,65,65,65,65],"relic_stats":{"Busted Crown":24,"counters":[22,106],"Shuriken":[12],"Black Blood":131,"obtain_stats":[{"Ice Cream":21,"Busted Crown":17,"Shuriken":9,"Black Blood":34,"Molten Egg 2":23,"Membership Card":21,"Frozen Egg 2":30,"Burning Blood":0,"Toy Ornithopter":26,"Meat on the Bone":7},{"Ice Cream":12,"Busted Crown":11,"Shuriken":6,"Black Blood":18,"Molten Egg 2":14,"Membership Card":12,"Frozen Egg 2":16,"Burning Blood":0,"Toy Ornithopter":14,"Meat on the Bone":6},{"Ice Cream":59,"Busted Crown":55,"Shuriken":34,"Black Blood":91,"Molten Egg 2":67,"Membership Card":59,"Frozen Egg 2":80,"Burning Blood":0,"Toy Ornithopter":67,"Meat on the Bone":34}],"Toy Ornithopter":5,"Meat on the Bone":84},"card_choices":[{"not_picked":["Clothesline","Entrench"],"picked":"Dropkick","floor":1},{"not_picked":["Blood for Blood","Body Slam"],"picked":"Shrug It Off","floor":2},{"not_picked":["Perfected Strike","True Grit"],"picked":"Burning Pact","floor":3},{"not_picked":["Armaments","Headbutt"],"picked":"Infernal Blade","floor":4},{"not_picked":["Cleave","Sword Boomerang"],"picked":"Spot Weakness","floor":5},{"not_picked":["Ghostly Armor","Seeing Red"],"picked":"Battle Trance","floor":7},{"not_picked":["Dark Embrace","Body Slam"],"picked":"Limit Break","floor":10},{"not_picked":["Pommel Strike","Clash"],"picked":"Carnage","floor":11},{"not_picked":["Flex","Clothesline"],"picked":"Shockwave","floor":13},{"not_picked":["Twin Strike","Clothesline","Thunderclap"],"picked":"SKIP","floor":14},{"not_picked":["Juggernaut","Impervious"],"picked":"Bludgeon","floor":16},{"not_picked":[],"picked":"Metallicize","floor":18},{"not_picked":[],"picked":"Seeing Red","floor":22},{"not_picked":[],"picked":"Sword Boomerang+1","floor":23},{"not_picked":[],"picked":"Shrug It Off","floor":28},{"not_picked":[],"picked":"Hemokinesis+1","floor":30},{"not_picked":["Twin Strike+1"],"picked":"SKIP","floor":31},{"not_picked":[],"picked":"Limit Break","floor":33},{"not_picked":[],"picked":"Armaments","floor":35},{"not_picked":["Entrench+1"],"picked":"SKIP","floor":36},{"not_picked":[],"picked":"Heavy Blade+1","floor":37}],"player_experience":44479,"relics_obtained":[{"floor":7,"key":"Meat on the Bone"},{"floor":9,"key":"Shuriken"},{"floor":23,"key":"Molten Egg 2"},{"floor":26,"key":"Toy Ornithopter"},{"floor":30,"key":"Frozen Egg 2"}],"event_choices":[{"damage_healed":0,"gold_gain":0,"player_choice":"Became a vampire","damage_taken":0,"max_hp_gain":0,"max_hp_loss":28,"event_name":"Vampires","floor":19,"gold_loss":0,"cards_obtained":["Bite","Bite","Bite","Bite","Bite"]},{"damage_healed":0,"gold_gain":0,"player_choice":"Insight","damage_taken":0,"max_hp_gain":0,"max_hp_loss":0,"event_name":"betterThird:BetterWriting","floor":20,"gold_loss":0,"cards_obtained":["Insight"]},{"damage_healed":0,"gold_gain":0,"player_choice":"Forge","damage_taken":0,"max_hp_gain":0,"max_hp_loss":0,"event_name":"Accursed Blacksmith","floor":25,"gold_loss":0,"cards_upgraded":["Metallicize"]}],"is_beta":false,"boss_relics":[{"not_picked":["Calling Bell","Empty Cage"],"picked":"Busted Crown"},{"not_picked":["Philosopher\u0027s Stone","Fusion Hammer"],"picked":"Black Blood"}],"items_purged_floors":[8],"is_endless":true,"potions_floor_spawned":[1,4,5,7,13,14,23,30,33,37],"killed_by":"4 Shapes","ascension_level":1}}