{"host":"n1v11un6j7y72mz7","time":1612072866,"event":{"mods":["BaseMod","Downfall","KomeijiMod","Minty Spire (QoL Compilation)","READ ME - Guardian Mod","Reliquary","StSLib","Waifu the Spire"],"gold_per_floor":[99,99,99,99,199,199,222,237,237,247,34,50,50,65,77,172,172,172,191,191,202,222,222,222,122,122,122,122],"floor_reached":26,"language":"ZHS","playtime":1336,"items_purged":["downfall:Malfunctioning"],"score":196,"play_id":"9cefe6b6-28ed-4ade-b5f4-e5899b6f0114","local_time":"20210131140106","is_ascension_mode":false,"campfire_choices":[{"floor":23,"key":"RECALL"}],"circlet_count":0,"master_deck":["sneckomod:Defend","sneckomod:Defend","sneckomod:Defend","sneckomod:TailWhip","sneckomod:SnekBite","bronze:MaxOutput","sneckomod:Unknown1Cost","bronze:WildBeam","sneckomod:UnknownStrike","sneckomod:Restock","Good Instincts","bronze:Repair","bronze:Flail","sneckomod:UnendingSupply","sneckomod:QuickBite","sneckomod:WideSting","sneckomod:UnknownUncommonAttack","sneckomod:PureSnecko","bronze:ChildClass","sneckomod:UnknownUncommonSkill","sneckomod:UnknownBlock","sneckomod:SoulExchange","Guardian:TemporalShield","Slimebound:Tackle+1","Slimebound:Tackle+1","Slimebound:Tackle+1","sneckomod:Rotation","sneckomod:UnknownDraw","Guardian:EvasiveProtocol+1"],"relics":["sneckomod:SneckoSoul","downfall:HeartsMalice","downfall:GremlinSack","Omamori","Fusion Hammer","Bird Faced Urn","downfall:HeartBlessingRed"],"acts_visited":["Exordium","TheCity"],"potions_floor_usage":[16,16,22],"damage_taken":[{"damage":0,"enemies":"Small Slimes","floor":2,"turns":1},{"damage":0,"enemies":"Cultist","floor":4,"turns":1},{"damage":0,"enemies":"Cultist","floor":5,"turns":1},{"damage":3,"enemies":"2 Louse","floor":8,"turns":4},{"damage":0,"enemies":"Lots of Slimes","floor":10,"turns":3},{"damage":4,"enemies":"downfall:FleeingMerchant","floor":11,"turns":4},{"damage":21,"enemies":"Gremlin Gang","floor":12,"turns":6},{"damage":2,"enemies":"Exordium Wildlife","floor":14,"turns":4},{"damage":0,"enemies":"2 Fungi Beasts","floor":15,"turns":2},{"damage":16,"enemies":"WA_ARCHETYPE_RETAIN","floor":16,"turns":5},{"damage":11,"enemies":"Shell Parasite","floor":19,"turns":4},{"damage":5,"enemies":"3 Byrds","floor":21,"turns":3},{"damage":26,"enemies":"Shelled Parasite and Fungi","floor":22,"turns":5},{"damage":0,"enemies":"Chosen and Byrds","floor":26,"turns":1}],"seed_played":"-5151631226611230325","potions_obtained":[{"floor":8,"key":"champ:CounterPotion"},{"floor":12,"key":"EssenceOfSteel"},{"floor":15,"key":"Explosive Potion"},{"floor":16,"key":"sneckomod:CheatPotion"},{"floor":21,"key":"Regen Potion"},{"floor":22,"key":"SkillPotion"}],"is_trial":false,"path_per_floor":["R","M","?","M","?","R","T","M","R","M","$","M","R","M","M","B",null,"R","M","?","M","M","R","T","R","M"],"character_chosen":"THE_SNECKO","items_purchased":["sneckomod:WideSting","sneckomod:UnknownUncommonAttack"],"campfire_rested":0,"item_purchase_floors":[11,11],"current_hp_per_floor":[90,90,90,90,90,90,90,87,87,90,90,69,69,74,74,65,90,90,79,79,74,69,69,69,69,69,69,69],"gold":122,"neow_bonus":"THREE_ENEMY_KILL","is_daily":false,"chose_seed":false,"campfire_upgraded":0,"win_rate":0.0,"timestamp":1612072866,"path_taken":["R","M","?","M","?","R","T","?","R","M","$","M","R","M","M","BOSS","R","M","?","M","M","R","T","R","M"],"items_purchased_type":["Card","Card"],"build_version":"2020-12-22","purchased_purges":1,"victory":false,"max_hp_per_floor":[90,90,90,90,90,90,90,90,90,90,90,90,90,90,90,90,90,90,90,90,90,90,90,90,90,90,90,90],"card_choices":[{"not_picked":["sneckomod:UnknownColorless","sneckomod:UnknownCommonAttack"],"picked":"sneckomod:Unknown1Cost","floor":2},{"not_picked":["sneckomod:SoulRoll","sneckomod:RainOfDice","sneckomod:UnknownColorless"],"picked":"SKIP","floor":4},{"not_picked":["sneckomod:UnknownVulnerable","sneckomod:UnknownX"],"picked":"sneckomod:UnknownDraw","floor":5},{"not_picked":["sneckomod:UnknownColorless","sneckomod:DefensiveFlair"],"picked":"sneckomod:UnknownBlock","floor":8},{"not_picked":["sneckomod:SoulCleanse","sneckomod:DefensiveFlair"],"picked":"sneckomod:UnendingSupply","floor":10},{"not_picked":["sneckomod:UnknownCommonAttack","sneckomod:RainOfDice"],"picked":"sneckomod:QuickBite","floor":11},{"not_picked":["sneckomod:Nope","sneckomod:DiceCrush"],"picked":"sneckomod:PureSnecko","floor":12},{"not_picked":["sneckomod:MixItUp","sneckomod:DefensiveFlair"],"picked":"sneckomod:UnknownUncommonSkill","floor":14},{"not_picked":["sneckomod:UnknownColorless","sneckomod:DiceBoulder"],"picked":"sneckomod:UnknownBlock","floor":15},{"not_picked":["sneckomod:Restock","sneckomod:Transmogrify"],"picked":"sneckomod:SoulExchange","floor":16},{"not_picked":["sneckomod:SoulDraw","sneckomod:DiceCrush+1"],"picked":"sneckomod:UnknownDexterity+1","floor":19},{"not_picked":["sneckomod:UnknownClassGUARDIAN","sneckomod:SlitherStrike"],"picked":"sneckomod:Rotation","floor":21},{"not_picked":["sneckomod:UnknownCommonAttack","sneckomod:QuickBite"],"picked":"sneckomod:UnknownDraw","floor":22}],"player_experience":174436,"relics_obtained":[{"floor":5,"key":"downfall:GremlinSack"},{"floor":7,"key":"Omamori"},{"floor":24,"key":"Bird Faced Urn"}],"event_choices":[],"is_beta":false,"boss_relics":[{"not_picked":["Philosopher\u0027s Stone","Calling Bell"],"picked":"Fusion Hammer"}],"items_purged_floors":[11],"is_endless":false,"potions_floor_spawned":[8,12,15,16,21,22],"killed_by":"Chosen and Byrds","ascension_level":0}}