{"host":"6rz02yiipefhcw4r","time":1612129912,"event":{"mods":["2.2 Compatiblity","Arknights","BaseMod","Better Match","Better Third Choice","Better Vampires","BetterRewards","Block Reminder","Colored Map","Curses Come First","DeckTracker","Googly Eyes","Hubris","Minty Spire (QoL Compilation)","Quick Restart","Rare Cards Sparkle","Reliquary","Replay The Spire","Shade Mod","Spicy Shops","StSLib","The Bladedancer","The Cursed","The Marked","The Necromancer","The Runesmith"],"gold_per_floor":[117,117,129,147,167,167,195,215,238,238,238,238],"floor_reached":11,"language":"ENG","playtime":316,"items_purged":[],"score":150,"play_id":"61819718-eef9-4628-ae95-a08d37a4c45e","local_time":"20210131195152","is_ascension_mode":true,"campfire_choices":[{"floor":6,"key":"REST"}],"circlet_count":0,"master_deck":["AscendersBane","Strike_R","Strike_R","Strike_R","Strike_R","Strike_R","Defend_R","Defend_R","Defend_R","Defend_R","Bash","Rage","Pommel Strike","Anger","Whirlwind","Battle Trance"],"relics":["Burning Blood","NeowsBlessing","Replay:WaspNest","reliquary:Aerogel","Blue Candle"],"acts_visited":["Exordium"],"potions_floor_usage":[7,11],"damage_taken":[{"damage":0,"enemies":"2 Louse","floor":1,"turns":1},{"damage":0,"enemies":"Cultist","floor":3,"turns":1},{"damage":0,"enemies":"Jaw Worm","floor":4,"turns":1},{"damage":43,"enemies":"Exordium Wildlife","floor":5,"turns":6},{"damage":15,"enemies":"Replay:BlueRogue","floor":7,"turns":5},{"damage":30,"enemies":"Exordium Thugs","floor":8,"turns":4},{"damage":26,"enemies":"Gremlin Nob","floor":11,"turns":4}],"seed_played":"-3510441480164424501","potions_obtained":[{"floor":1,"key":"Languid Potion"},{"floor":2,"key":"Energy Potion"},{"floor":2,"key":"Strength Potion"}],"is_trial":false,"path_per_floor":["M","?","M","M","M","R","E","M","T","T","E"],"character_chosen":"IRONCLAD","items_purchased":[],"campfire_rested":1,"item_purchase_floors":[],"current_hp_per_floor":[74,74,75,75,38,60,51,27,27,27,1,1],"gold":238,"neow_bonus":"THREE_ENEMY_KILL","is_daily":false,"chose_seed":false,"campfire_upgraded":0,"win_rate":0.0,"timestamp":1612129912,"path_taken":["M","?","M","?","M","R","E","M","T","?","E"],"items_purchased_type":[],"build_version":"2020-12-22","purchased_purges":0,"victory":false,"max_hp_per_floor":[75,75,75,75,75,75,75,75,75,75,75,75],"card_choices":[{"not_picked":["Pummel","Abandon"],"picked":"Rage","floor":1},{"not_picked":["hubris:ReadiedAction","Sentinel"],"picked":"Pommel Strike","floor":3},{"not_picked":["Infernal Blade","ReplayTheSpireMod:LeadingStrike"],"picked":"Anger","floor":4},{"not_picked":["Replay:Undeath\u0027s Touch","Intimidate"],"picked":"Whirlwind","floor":5},{"not_picked":["Heavy Blade","Twin Strike"],"picked":"Battle Trance","floor":7},{"not_picked":["hubris:ReadiedAction","Sword Boomerang","Replay:Undeath\u0027s Touch"],"picked":"SKIP","floor":8}],"player_experience":782181,"relics_obtained":[{"floor":7,"key":"Replay:WaspNest"},{"floor":9,"key":"reliquary:Aerogel"},{"floor":10,"key":"Blue Candle"}],"event_choices":[{"damage_healed":0,"gold_gain":0,"player_choice":"Got Potions","damage_taken":0,"max_hp_gain":0,"max_hp_loss":0,"event_name":"Lab","floor":2,"gold_loss":0}],"is_beta":false,"boss_relics":[],"items_purged_floors":[],"is_endless":false,"potions_floor_spawned":[1,4],"killed_by":"Gremlin Nob","ascension_level":20}}