{"host":"gzk4gkgy3zij1c51","time":1612106322,"event":{"mods":["BaseMod","Colored Map","Downfall","Highlight Path","Marked Mod","Minty Spire (QoL Compilation)","Relic Stats","StSLib","everything is the same but u backflip on backflip"],"gold_per_floor":[99,99,99,99,36,48,48,58,68,93,11,29,29,29,41,146,146,46,65,83,183,183,183,183,210,210,210,4,17,17,17,17,17],"floor_reached":31,"language":"ENG","playtime":2169,"items_purged":[],"score":339,"play_id":"ae3682d1-235d-4132-b43d-213aad6503a2","local_time":"20210131151842","is_ascension_mode":true,"campfire_choices":[{"data":"Slimebound:Split","floor":1.0,"key":"SMITH"},{"data":"Slimebound:Repurpose","floor":13.0,"key":"SMITH"},{"floor":18.0,"key":"RECALL"},{"data":"Slimebound:LeadByExample","floor":30,"key":"SMITH"}],"circlet_count":0,"master_deck":["Slimebound:Strike_Slimebound","Slimebound:Strike_Slimebound","Slimebound:Tackle","Slimebound:Defend_Slimebound","Slimebound:Defend_Slimebound","Slimebound:Defend_Slimebound","Slimebound:Defend_Slimebound","Slimebound:Split+1","Slimebound:CorrosiveSpit","Slimebound:HauntingLick","Slimebound:LivingWall","Slimebound:GoopTackle","Slimebound:Repurpose+1","Slimebound:SplitMire","Slimebound:Schlurp","Slimebound:GoopSpray","Slimebound:FlameTackle","Slimebound:Prepare","Slimebound:SamplingLick","Slimebound:AcidTongue","Slimebound:SpikyOuterGoop","Slimebound:SplitSpecialist","Slimebound:Darklings","Slimebound:SplitMire","Slimebound:SlimeBrawl+1","Slimebound:PressTheAttack","Slimebound:BestDefense+1","Slimebound:TongueLash+1","Slimebound:Recollect","Slimebound:LeadByExample+1","Slimebound:SlimeBarrage","Slimebound:SplitAcid"],"relics":["Slimebound:AbsorbEndCombat","downfall:HeartsMalice","Sundial","Bag of Preparation","Coffee Dripper","downfall:HeartBlessingGreen","champ:DuelingGlove","hexamod:CandleOfCauterizing","sneckomod:BlankCard"],"acts_visited":["Exordium","TheCity"],"potions_floor_usage":[21,28,28],"damage_taken":[{"damage":0.0,"enemies":"Cultist","floor":2.0,"turns":1.0},{"damage":0.0,"enemies":"Jaw Worm","floor":3.0,"turns":1.0},{"damage":0.0,"enemies":"Small Slimes","floor":4.0,"turns":1.0},{"damage":7.0,"enemies":"downfall:FleeingMerchant","floor":5.0,"turns":4.0},{"damage":9.0,"enemies":"2 Fungi Beasts","floor":6.0,"turns":3.0},{"damage":0.0,"enemies":"3 Louse","floor":8.0,"turns":2.0},{"damage":3.0,"enemies":"Large Slime","floor":9.0,"turns":5.0},{"damage":27.0,"enemies":"3 Sentries","floor":10.0,"turns":7.0},{"damage":6.0,"enemies":"downfall:FleeingMerchant","floor":11.0,"turns":4.0},{"damage":37.0,"enemies":"Gremlin Gang","floor":12.0,"turns":6.0},{"damage":5.0,"enemies":"Blue Slaver","floor":15.0,"turns":3.0},{"damage":39.0,"enemies":"SI_SHIV_ARCHETYPE","floor":16.0,"turns":7.0},{"damage":14.0,"enemies":"Shell Parasite","floor":19.0,"turns":3.0},{"damage":13.0,"enemies":"Chosen","floor":20.0,"turns":4.0},{"damage":5,"enemies":"WA_ARCHETYPE_RETAIN","floor":21,"turns":5},{"damage":21,"enemies":"Gremlin Leader","floor":25,"turns":6},{"damage":0,"enemies":"downfall:FleeingMerchant","floor":28,"turns":4},{"damage":20,"enemies":"Centurion and Healer","floor":29,"turns":6},{"damage":9,"enemies":"Sentry and Sphere","floor":31,"turns":3}],"seed_played":"-4160556041469631080","potions_obtained":[{"floor":6.0,"key":"Energy Potion"},{"floor":8.0,"key":"hexamod:SoulburnPotion"},{"floor":9.0,"key":"EssenceOfSteel"},{"floor":12.0,"key":"Guardian:BlockOnCardUsePotion"},{"floor":15.0,"key":"Regen Potion"},{"floor":16.0,"key":"Guardian:BlockOnCardUsePotion"},{"floor":19.0,"key":"Weak Potion"},{"floor":20.0,"key":"DuplicationPotion"},{"floor":25,"key":"Swift Potion"},{"floor":27,"key":"CultistPotion"},{"floor":29,"key":"SkillPotion"}],"is_trial":false,"path_per_floor":["R","M","M","M","$","M","T","M","M","E","$","M","R","?","M","B",null,"R","M","M","?","?","?","T","E","?","?","$","M","R","M"],"character_chosen":"SLIMEBOUND","items_purchased":["Slimebound:SplitMire","Slimebound:AcidTongue","Slimebound:Recollect","Slimebound:LeadByExample","Slimebound:SlimeBarrage"],"campfire_rested":0,"item_purchase_floors":[5,11,28,28,28],"current_hp_per_floor":[59,59,59,59,58,53,53,59,58,39,37,8,8,29,28,11,52,52,42,31,32,32,32,32,19,8,8,16,4,4,0,0,0],"gold":17,"neow_bonus":"THREE_ENEMY_KILL","is_daily":false,"chose_seed":false,"campfire_upgraded":3,"win_rate":0.0,"timestamp":1612106322,"path_taken":["R","M","M","M","?","M","T","?","M","E","?","M","R","?","M","BOSS","R","M","M","?","?","?","T","E","?","?","?","M","R","M"],"items_purchased_type":["Card","Card","Card","Card","Card"],"build_version":"2020-12-22","purchased_purges":0,"victory":false,"max_hp_per_floor":[65,65,65,65,65,65,65,65,65,65,65,65,65,65,65,65,65,65,65,65,65,65,65,65,65,70,70,70,70,70,70,70,70],"relic_stats":{"counters":[19,71],"Sundial":[6],"Bag of Preparation":[22],"obtain_stats":[{"champ:DuelingGlove":21,"hexamod:CandleOfCauterizing":21,"Sundial":7,"sneckomod:BlankCard":25,"downfall:HeartsMalice":0,"downfall:HeartBlessingGreen":18,"Slimebound:AbsorbEndCombat":0,"Bag of Preparation":10,"Coffee Dripper":17},{"champ:DuelingGlove":15,"hexamod:CandleOfCauterizing":15,"Sundial":5,"sneckomod:BlankCard":16,"downfall:HeartsMalice":0,"downfall:HeartBlessingGreen":12,"Slimebound:AbsorbEndCombat":0,"Bag of Preparation":8,"Coffee Dripper":12},{"champ:DuelingGlove":52,"hexamod:CandleOfCauterizing":52,"Sundial":7,"sneckomod:BlankCard":58,"downfall:HeartsMalice":0,"downfall:HeartBlessingGreen":40,"Slimebound:AbsorbEndCombat":0,"Bag of Preparation":20,"Coffee Dripper":40}]},"card_choices":[{"not_picked":["Slimebound:FinishingTackle","Slimebound:Schlurp"],"picked":"Slimebound:HauntingLick","floor":2.0},{"not_picked":["Slimebound:GoopTackle","Slimebound:ForwardTackle"],"picked":"Slimebound:LivingWall","floor":3.0},{"not_picked":["Slimebound:ServeAndProtect","Slimebound:ComboTackle"],"picked":"Slimebound:GoopTackle","floor":4.0},{"not_picked":["Slimebound:RollThrough","Slimebound:Recollect"],"picked":"Slimebound:Repurpose","floor":5.0},{"not_picked":["Slimebound:GoopTackle","Slimebound:ProtectTheBoss"],"picked":"Slimebound:Schlurp","floor":6.0},{"not_picked":["Slimebound:Schlurp","Slimebound:Prepare"],"picked":"Slimebound:GoopSpray","floor":8.0},{"not_picked":["Slimebound:GoopSpray","Slimebound:Replication"],"picked":"Slimebound:FlameTackle","floor":9.0},{"not_picked":["Slimebound:FormOfPuddle","Slimebound:HauntingLick"],"picked":"Slimebound:Prepare","floor":10.0},{"not_picked":["Slimebound:ComboTackle","Slimebound:ServeAndProtect"],"picked":"Slimebound:SamplingLick","floor":11.0},{"not_picked":["Slimebound:GoopTackle","Slimebound:SlimeSpikes"],"picked":"Slimebound:SpikyOuterGoop","floor":12.0},{"not_picked":["Slimebound:GoopSpray","Slimebound:SplitAcid"],"picked":"Slimebound:SplitSpecialist","floor":15.0},{"not_picked":["Slimebound:PrepareCrush","Slimebound:SelfFormingGoo"],"picked":"Slimebound:Darklings","floor":16.0},{"not_picked":["Slimebound:GoopSpray","Slimebound:ViciousTackle+1"],"picked":"Slimebound:SplitMire","floor":19.0},{"not_picked":["Slimebound:RainOfGoop","Slimebound:ComboTackle+1"],"picked":"Slimebound:SlimeBrawl+1","floor":20.0},{"not_picked":["Slimebound:SplitMire+1","Slimebound:SamplingLick+1"],"picked":"Slimebound:PressTheAttack","floor":21},{"not_picked":["Slimebound:MegaLick+1","Slimebound:LeechEnergy"],"picked":"Slimebound:BestDefense+1","floor":25},{"not_picked":["Slimebound:FirmFortitude","Slimebound:FinishingTackle+1"],"picked":"Slimebound:TongueLash+1","floor":28},{"not_picked":["Slimebound:SamplingLick+1","Slimebound:ProtectTheBoss+1"],"picked":"Slimebound:SplitAcid","floor":29}],"player_experience":1104376,"relics_obtained":[{"floor":7.0,"key":"Sundial"},{"floor":10.0,"key":"Bag of Preparation"},{"floor":21,"key":"champ:DuelingGlove"},{"floor":21,"key":"hexamod:CandleOfCauterizing"},{"floor":25,"key":"sneckomod:BlankCard"}],"event_choices":[{"damage_healed":21.0,"max_hp_gain":0.0,"max_hp_loss":0.0,"gold_gain":0.0,"event_name":"Big Fish","player_choice":"Banana","floor":14.0,"gold_loss":0.0,"damage_taken":0.0},{"damage_healed":0,"gold_gain":0,"player_choice":"Ignored","damage_taken":0,"max_hp_gain":0,"max_hp_loss":0,"event_name":"Ghosts","floor":22,"gold_loss":0}],"is_beta":false,"boss_relics":[{"not_picked":["Pandora\u0027s Box","Runic Dome"],"picked":"Coffee Dripper"}],"items_purged_floors":[],"is_endless":false,"potions_floor_spawned":[6,8,9,12,15,16,19,20,25,29],"killed_by":"Sentry and Sphere","ascension_level":7}}