{"host":"85sjp5lsubt86171","time":1612112212,"event":{"mods":["Act Like it!","BaseMod","BetterRewards","CapriCore","Colored Map","Gensokyo","Hallownest","Library of Ruina","Library of Ruina Extra","Minty Spire (QoL Compilation)","Quick Restart","Relic Stats","Shop Mod","Spicy Shops","StSLib","SuperFastMode","The Immortal","Waifu the Spire"],"gold_per_floor":[359,76,93,109,109,109,142,142,165,25,125,71,291,221,221,322,322,337,117,77,95,110,110,342,38,38,38,58,58,392,409,409,504,504,521,533,533,473,84,119,119,130,156,156,28,57,374,403,403,603,603,603,603,22,57,57],"floor_reached":57,"language":"ZHS","playtime":2595,"items_purged":["MokouMod:Strike","MokouMod:Strike","MokouMod:Defend"],"score":1630,"play_id":"97fff57e-6a78-4bf4-951d-331a5c390361","local_time":"20210201005652","is_ascension_mode":true,"campfire_choices":[{"data":"MokouMod:BurningDraft","floor":6.0,"key":"SMITH"},{"floor":8.0,"key":"REST"},{"data":"MokouMod:FujiyamaVolcano","floor":15.0,"key":"SMITH"},{"data":"MokouMod:SubterraneanCore","floor":27.0,"key":"SMITH"},{"data":"MokouMod:Afterburner","floor":29.0,"key":"SMITH"},{"data":"MokouMod:PhoenixForm","floor":32.0,"key":"SMITH"},{"floor":41.0,"key":"RECALL"},{"data":"Reinforced Body","floor":44.0,"key":"SMITH"},{"data":"MokouMod:FlickeringFlame","floor":49.0,"key":"SMITH"},{"data":"MokouMod:HeatSpark","floor":53.0,"key":"SMITH"}],"circlet_count":0,"master_deck":["MokouMod:Strike+1","MokouMod:Strike","MokouMod:Defend+1","MokouMod:HeatSpark+1","MokouMod:FlickeringFlame+1","MokouMod:BurningDraft+1","MokouMod:FujiyamaVolcano+1","MokouMod:SearingShot+1","MokouMod:Ventilation+1","MokouMod:Afterburner+1","Reinforced Body+1","MokouMod:SubterraneanCore+1","MokouMod:Burn+1","MokouMod:PhoenixForm+1","MokouMod:EternalBurstReactor+1","MokouMod:SacredFire+1","Gensokyo:CustomPotion","MokouMod:FlamingFireTalons+1","MokouMod:BurningDraft","MokouMod:RisingSunBarrier"],"relics":["MokouMod:PhoenixFeather","Chemical X","Oddly Smooth Stone","MealTicket","FossilizedHelix","Pocketwatch","PageOfBlackSwan","Medical Kit","PageOfBloodbath","Centennial Puzzle","Ice Cream","ClockworkSouvenir","PageOfScorchedGirl","Bottled Lightning","Sozu","PageOfDeadButterflies","Whetstone","Potion Belt","The Courier","PageOfLittleHelper","Strawberry","Lantern","Bronze Scales"],"acts_visited":["Exordium","Gensokyo:Gensokyo","Gensokyo:Gensokyoer","TheEnding"],"potions_floor_usage":[56,56],"damage_taken":[{"damage":7.0,"enemies":"Gensokyo:Gryphon","floor":1.0,"turns":3.0},{"damage":8.0,"enemies":"Gensokyo:3_Fairies","floor":3.0,"turns":8.0},{"damage":1.0,"enemies":"Gensokyo:Python","floor":4.0,"turns":4.0},{"damage":72.0,"enemies":"Gensokyo:Aya","floor":7.0,"turns":9.0},{"damage":0.0,"enemies":"Gensokyo:Kitsune","floor":13.0,"turns":3.0},{"damage":0.0,"enemies":"Gensokyo:Reimu","floor":16.0,"turns":5.0},{"damage":0.0,"enemies":"Gensokyo:2_Gloops","floor":18.0,"turns":2.0},{"damage":6.0,"enemies":"Gensokyo:3_Dogs","floor":21.0,"turns":2.0},{"damage":0.0,"enemies":"Gensokyo:Wraith","floor":22.0,"turns":4.0},{"damage":27.0,"enemies":"Gensokyo:Koishi","floor":24.0,"turns":4.0},{"damage":0.0,"enemies":"Gensokyo:3_Gloops","floor":28.0,"turns":2.0},{"damage":0.0,"enemies":"Gensokyo:Reisen","floor":30.0,"turns":4.0},{"damage":0.0,"enemies":"Gensokyo:Swordslinger","floor":31.0,"turns":3.0},{"damage":10.0,"enemies":"Gensokyo:Eternal_Rivals","floor":33.0,"turns":5.0},{"damage":0.0,"enemies":"Gensokyo:3_Boulders","floor":35.0,"turns":1.0},{"damage":0.0,"enemies":"Gensokyo:AncientGuardian","floor":36.0,"turns":3.0},{"damage":0.0,"enemies":"Gensokyo:Doremy","floor":40.0,"turns":3.0},{"damage":0.0,"enemies":"Gensokyo:SeedOfUnknown","floor":42.0,"turns":3.0},{"damage":8.0,"enemies":"Gensokyo:Marisa","floor":46.0,"turns":5.0},{"damage":0.0,"enemies":"Gensokyo:Dusk_and_Dawn","floor":47.0,"turns":3.0},{"damage":16.0,"enemies":"Gensokyo:Doremy","floor":48.0,"turns":3.0},{"damage":0.0,"enemies":"Gensokyo:Yuyuko","floor":50.0,"turns":5.0},{"damage":18,"enemies":"Shield and Spear","floor":55,"turns":3},{"damage":0,"enemies":"The Heart","floor":56,"turns":6}],"seed_played":"291771391814371740","potions_obtained":[{"floor":3.0,"key":"Dexterity Potion"},{"floor":4.0,"key":"Swift Potion"},{"floor":7.0,"key":"Block Potion"},{"floor":18.0,"key":"Energy Potion"},{"floor":21.0,"key":"Fire Potion"},{"floor":24.0,"key":"BlessingOfTheForge"}],"is_trial":false,"path_per_floor":["M","COS","M","M","?","R","E","R","T","?","?","$","M","?","R","B",null,"M","COS","?","M","M","?","E","$","T","R","M","R","E","M","R","B",null,"M","M","?","?","$","E","R","M","T","R","COS","E","M","E","R","B",null,null,"R","$","E","B",null],"character_chosen":"MKU","items_purchased":["MokouMod:FujiyamaVolcano","Ice Cream","ClockworkSouvenir","PageOfDeadButterflies","PageOfLittleHelper","Strawberry","Lantern","MokouMod:BurningDraft"],"campfire_rested":1,"item_purchase_floors":[12,25,25,39,54,54,54,54],"current_hp_per_floor":[61,61,53,52,58,58,5,27,27,27,27,42,42,42,42,42,74,74,74,74,68,68,68,41,56,56,56,56,56,56,56,56,46,74,74,74,74,74,74,74,74,74,74,74,74,66,66,50,50,50,34,74,74,81,63,63],"gold":57,"neow_bonus":"TWO_FIFTY_GOLD","is_daily":false,"chose_seed":false,"campfire_upgraded":8,"win_rate":0.0,"timestamp":1612112212,"path_taken":["M","COS","M","M","?","R","E","R","T","?","?","$","?","?","R","BOSS","M","COS","?","?","M","?","E","$","T","R","M","R","E","M","R","BOSS","M","?","?","?","$","E","R","M","T","R","COS","E","M","E","R","BOSS","R","$","E","BOSS"],"items_purchased_type":["Card","Relic","Relic","Relic","Relic","Relic","Relic","Card"],"build_version":"2020-12-22","purchased_purges":3,"victory":true,"max_hp_per_floor":[68,68,68,68,74,74,74,74,74,74,74,74,74,74,74,74,74,74,74,74,74,74,74,74,74,74,74,74,74,74,74,74,74,74,74,74,74,74,74,74,74,74,74,74,74,74,74,74,74,74,74,74,74,81,81,81],"relic_stats":{"Sozu":2,"Centennial Puzzle":[15],"counters":[25,97],"Bronze Scales":[42],"MealTicket":30,"Chemical X":[41],"Whetstone":["MokouMod:Strike","MokouMod:SacredFire"],"Medical Kit":[5],"obtain_stats":[{"Ice Cream":25,"Potion Belt":46,"Lantern":54,"Oddly Smooth Stone":7,"PageOfBloodbath":22,"PageOfLittleHelper":54,"The Courier":48,"Whetstone":40,"Medical Kit":19,"ClockworkSouvenir":25,"Sozu":34,"Frozen Eye":24,"PageOfDeadButterflies":39,"Centennial Puzzle":24,"PageOfBlackSwan":17,"Strawberry":54,"Bronze Scales":55,"MokouMod:PhoenixFeather":0,"PageOfScorchedGirl":26,"MealTicket":9,"Chemical X":2,"Bottled Lightning":30,"FossilizedHelix":10,"Pocketwatch":13},{"Ice Cream":10,"Potion Belt":19,"Lantern":23,"Oddly Smooth Stone":4,"PageOfBloodbath":9,"PageOfLittleHelper":23,"The Courier":21,"Whetstone":17,"Medical Kit":7,"ClockworkSouvenir":10,"Sozu":14,"Frozen Eye":9,"PageOfDeadButterflies":16,"Centennial Puzzle":10,"PageOfBlackSwan":6,"Strawberry":23,"Bronze Scales":24,"MokouMod:PhoenixFeather":0,"PageOfScorchedGirl":10,"MealTicket":4,"Chemical X":1,"Bottled Lightning":12,"FossilizedHelix":4,"Pocketwatch":5},{"Ice Cream":44,"Potion Belt":73,"Lantern":88,"Oddly Smooth Stone":24,"PageOfBloodbath":39,"PageOfLittleHelper":88,"The Courier":79,"Whetstone":65,"Medical Kit":34,"ClockworkSouvenir":44,"Sozu":58,"Frozen Eye":40,"PageOfDeadButterflies":62,"Centennial Puzzle":44,"PageOfBlackSwan":32,"Strawberry":88,"Bronze Scales":91,"MokouMod:PhoenixFeather":0,"PageOfScorchedGirl":44,"MealTicket":24,"Chemical X":3,"Bottled Lightning":50,"FossilizedHelix":24,"Pocketwatch":27}],"Pocketwatch":[46]},"card_choices":[{"not_picked":["MokouMod:Stoke","MokouMod:ShiftIgnition"],"picked":"MokouMod:FlickeringFlame","floor":1.0},{"not_picked":["MokouMod:FlamingFireTalons","MokouMod:HeartofFire"],"picked":"MokouMod:BurningDraft","floor":3.0},{"not_picked":["MokouMod:IndiscriminateIgnition","MokouMod:FlickeringFlame","MokouMod:IgnitionBarrier"],"picked":"SKIP","floor":4.0},{"not_picked":["MokouMod:RoaringFlare","MokouMod:IgneousBlow","MokouMod:FlamingFireTalons"],"picked":"SKIP","floor":7.0},{"not_picked":["MokouMod:RoaringFlare","MokouMod:IgneousBlow","MokouMod:FlamingFireTalons"],"picked":"SKIP","floor":7.0},{"not_picked":["MokouMod:Singe","MokouMod:BlazingComet"],"picked":"MokouMod:SearingShot","floor":13.0},{"not_picked":["MokouMod:Extinguish","MokouMod:PhoenixForm"],"picked":"MokouMod:Ventilation","floor":16.0},{"not_picked":["MokouMod:FujiyamaVolcano","MokouMod:Firecracker","MokouMod:IgnitionBlast+1"],"picked":"SKIP","floor":18.0},{"not_picked":["MokouMod:InfernalWave","MokouMod:Ember","MokouMod:AdaptivePyromancy"],"picked":"SKIP","floor":21.0},{"not_picked":["MokouMod:CrimsonFlare","MokouMod:Fireball"],"picked":"MokouMod:Afterburner","floor":22.0},{"not_picked":["MokouMod:FlickeringFlame","MokouMod:ScorchingColumn"],"picked":"MokouMod:SubterraneanCore","floor":24.0},{"not_picked":["MokouMod:TemporalFireSeal+1","MokouMod:Ember"],"picked":"MokouMod:Burn+1","floor":28.0},{"not_picked":["MokouMod:FlickeringFlame","MokouMod:Scorch+1"],"picked":"MokouMod:PhoenixForm","floor":30.0},{"not_picked":["MokouMod:ShiftIgnition","MokouMod:BlazingComet","MokouMod:EternalBurstReactor+1"],"picked":"SKIP","floor":31.0},{"not_picked":["MokouMod:ShiftIgnition","MokouMod:BlazingComet"],"picked":"MokouMod:EternalBurstReactor+1","floor":31.0},{"not_picked":["MokouMod:ExplosiveFlame","MokouMod:ProfanedFlare"],"picked":"MokouMod:SacredFire","floor":33.0},{"not_picked":["MokouMod:Stoke","MokouMod:ScorchedEarth","MokouMod:Sear"],"picked":"SKIP","floor":35.0},{"not_picked":["MokouMod:ScorchingColumn","MokouMod:DanceofFlames+1","MokouMod:AdaptivePyromancy"],"picked":"SKIP","floor":36.0},{"not_picked":["MokouMod:ResoluteFlare+1","MokouMod:FlickeringFlame","MokouMod:ThermalPressure+1"],"picked":"SKIP","floor":40.0},{"not_picked":["MokouMod:ShiftIgnition+1","MokouMod:AdaptivePyromancy","MokouMod:Meltdown+1"],"picked":"SKIP","floor":42.0},{"not_picked":["MokouMod:ScorchedEarth","MokouMod:Burn"],"picked":"MokouMod:FlamingFireTalons+1","floor":46.0},{"not_picked":["MokouMod:FlamingFireTalons+1","MokouMod:UncontrollableSolarReaction","MokouMod:FlickeringFlame"],"picked":"SKIP","floor":47.0},{"not_picked":["MokouMod:RoaringFlare+1","MokouMod:BlazingComet+1","MokouMod:TemporalFireSeal"],"picked":"SKIP","floor":48.0},{"not_picked":["MokouMod:EternalBurstReactor+1","MokouMod:FlickeringFlame"],"picked":"MokouMod:RisingSunBarrier","floor":55}],"player_experience":1449459,"relics_obtained":[{"floor":7.0,"key":"Oddly Smooth Stone"},{"floor":9.0,"key":"MealTicket"},{"floor":24.0,"key":"Centennial Puzzle"},{"floor":26.0,"key":"PageOfScorchedGirl"},{"floor":30.0,"key":"Bottled Lightning"},{"floor":40.0,"key":"Whetstone"},{"floor":46.0,"key":"Potion Belt"},{"floor":48.0,"key":"The Courier"},{"floor":55,"key":"Bronze Scales"}],"event_choices":[],"is_beta":false,"boss_relics":[{"not_picked":["Runic Pyramid","Ectoplasm"],"picked":"PageOfBlackSwan"},{"not_picked":["SlaversCollar","Calling Bell"],"picked":"Sozu"}],"items_purged_floors":[25,39,54],"is_endless":false,"potions_floor_spawned":[3,4,7,18,21,24,36,40],"ascension_level":1}}