{"host":"i4d8tgqbnmcnjm0a","time":1612056809,"event":{"mods":["BaseMod","Keyboard Shortcuts","Minty Spire (QoL Compilation)"],"gold_per_floor":[111,127,139,149,162,162,196,207,207,207,227,241,45,380,380,380,380],"floor_reached":16,"language":"ENG","playtime":2282,"items_purged":["Strike_G"],"score":122,"play_id":"f56008c5-cfa5-4e8c-9b7b-6d333f5b7375","local_time":"20210130203329","is_ascension_mode":true,"campfire_choices":[{"floor":6,"key":"REST"},{"floor":15,"key":"REST"}],"circlet_count":0,"master_deck":["Strike_G","Strike_G","Strike_G","Defend_G","Defend_G","Defend_G","Defend_G","Defend_G","Survivor","Neutralize","Jack Of All Trades","Sucker Punch","Blade Dance","Blade Dance","Footwork","Predator","Cloak And Dagger","Predator"],"relics":["Ring of the Snake","Question Card","Smiling Mask","DollysMirror","Old Coin"],"acts_visited":["Exordium"],"potions_floor_usage":[7,7,16,16],"damage_taken":[{"damage":1,"enemies":"Cultist","floor":1,"turns":3},{"damage":0,"enemies":"2 Louse","floor":2,"turns":3},{"damage":5,"enemies":"Small Slimes","floor":3,"turns":4},{"damage":9,"enemies":"2 Fungi Beasts","floor":4,"turns":3},{"damage":11,"enemies":"Lots of Slimes","floor":5,"turns":4},{"damage":2,"enemies":"Gremlin Nob","floor":7,"turns":3},{"damage":5,"enemies":"Blue Slaver","floor":8,"turns":4},{"damage":8,"enemies":"Red Slaver","floor":11,"turns":3},{"damage":0,"enemies":"3 Louse","floor":12,"turns":4},{"damage":8,"enemies":"Lagavulin","floor":14,"turns":7},{"damage":63,"enemies":"Hexaghost","floor":16,"turns":14}],"seed_played":"-4496203221710092066","potions_obtained":[{"floor":4,"key":"BlessingOfTheForge"},{"floor":5,"key":"DistilledChaos"},{"floor":11,"key":"ColorlessPotion"},{"floor":14,"key":"SpeedPotion"}],"is_trial":false,"path_per_floor":["M","M","M","M","M","R","E","M","T","?","M","M","$","E","R","B"],"character_chosen":"THE_SILENT","items_purchased":["DollysMirror"],"campfire_rested":2,"item_purchase_floors":[13],"current_hp_per_floor":[69,69,64,55,44,65,63,58,58,58,50,50,50,42,63,0,0],"gold":380,"neow_bonus":"RANDOM_COLORLESS","is_daily":false,"chose_seed":false,"campfire_upgraded":0,"win_rate":0.0,"timestamp":1612056809,"path_taken":["M","M","M","?","M","R","E","M","T","?","?","M","$","E","R","BOSS"],"items_purchased_type":["Relic"],"build_version":"2020-12-22","purchased_purges":1,"victory":false,"max_hp_per_floor":[70,70,70,70,70,70,70,70,70,70,70,70,70,70,70,70,70],"card_choices":[{"not_picked":["Deep Breath","Bandage Up"],"picked":"Jack Of All Trades","floor":0},{"not_picked":["Slice","Riddle With Holes"],"picked":"Sucker Punch","floor":1},{"not_picked":["Concentrate","Slice","Infinite Blades"],"picked":"SKIP","floor":2},{"not_picked":["Accuracy","Distraction"],"picked":"Blade Dance","floor":3},{"not_picked":["Poisoned Stab","Tactician"],"picked":"Blade Dance","floor":4},{"not_picked":["Flechettes","Outmaneuver"],"picked":"Footwork","floor":5},{"not_picked":["Corpse Explosion","Flying Knee"],"picked":"Predator","floor":7},{"not_picked":["Deadly Poison","Skewer","Flying Knee","Caltrops"],"picked":"SKIP","floor":8},{"not_picked":["Underhanded Strike","Noxious Fumes","Poisoned Stab","Bane"],"picked":"SKIP","floor":11},{"not_picked":["Acrobatics","Well Laid Plans","Blade Dance"],"picked":"Cloak And Dagger","floor":12},{"not_picked":["Finisher","Die Die Die","Flying Knee","Caltrops"],"picked":"SKIP","floor":14}],"player_experience":264036,"relics_obtained":[{"floor":7,"key":"Question Card"},{"floor":9,"key":"Smiling Mask"},{"floor":14,"key":"Old Coin"}],"event_choices":[{"cards_removed":["Strike_G"],"damage_healed":0,"gold_gain":0,"player_choice":"Purged","damage_taken":0,"max_hp_gain":0,"max_hp_loss":0,"event_name":"Purifier","floor":10,"gold_loss":0}],"is_beta":false,"boss_relics":[],"items_purged_floors":[13],"is_endless":false,"potions_floor_spawned":[4,5,11,14],"killed_by":"Hexaghost","ascension_level":1}}