{"host":"rihxvzvzrfpivboj","time":1612110061,"event":{"mods":["Act Like it!","BaseMod","Better Third Choice","Block Reminder","Colored Map","Colored Powertips","Downfall","GifTheSpireLib","Googly Eyes","Jorbs\u0027s Wanderer Trilogy","Keyboard Shortcuts","Minty Spire (QoL Compilation)","Quick Restart","Relic Sorter","StSLib","The Runesmith","Unceasing Turn Reminder","Waifu the Spire"],"gold_per_floor":[99,99,24,24,42,75,152,171,202,214,214,231,246,279,296,391,391,291,310,321,421,421,15,15,33,69,69,99,99,133,12,28,124,124,24,47,65,65,65,81,104,125,179,517,517,550,450,483,493,493,493,534,41,41,41,41],"floor_reached":57,"language":"ENG","playtime":4899,"items_purged":["hexamod:Strike","hexamod:Defend","Pride"],"score":1617,"play_id":"ff258696-9db2-4ddb-9eb0-ceacb49c7f5c","local_time":"20210131172101","is_ascension_mode":true,"campfire_choices":[{"data":"hexamod:Float","floor":1,"key":"SMITH"},{"floor":11,"key":"RECALL"},{"data":"hexamod:ForkedFlame","floor":18,"key":"SMITH"},{"data":"hexamod:HeatCrush","floor":27,"key":"SMITH"},{"data":"hexamod:TurnItUp","floor":35,"key":"SMITH"},{"floor":47,"key":"REST"},{"floor":54,"key":"REST"}],"circlet_count":0,"master_deck":["hexamod:Strike+1","hexamod:Defend+1","hexamod:Defend+1","hexamod:Sear+1","hexamod:RetreatToShadows+1","hexamod:ExtraCrispy+1","hexamod:ShieldOfDarkness+1","hexamod:Hexaguard+1","hexamod:ForkedFlame+1","hexamod:WildfireWeapon+1","hexamod:SwordOfDarkness+1","hexamod:SixthSeal","hexamod:Hexaguard+1","hexamod:HexaLevel+1","hexamod:DynamicBlow+1","hexamod:GhostOfSpirePresent+1","hexamod:NightmareGuise+1","hexamod:ForkedFlame+1","hexamod:HeatCrush+1","hexamod:RainOfEmbers+1","hexamod:SecondSeal","hexamod:RadiantFlame+1","hexamod:VolcanoVisage+1","hexamod:VolcanoVisage+1","hexamod:SwordOfDarkness+1","hexamod:RadiantFlame+1","hexamod:TurnItUp+1","hexamod:TurnItUp+1","hexamod:UnlimitedPower+1","hexamod:FifthSeal","hexamod:FastForward+1","hexamod:PowerFromBeyond+1","hexamod:RainOfEmbers+1","hexamod:PowerFromBeyond+1","expansioncontent:InvincibleStrength+1","expansioncontent:HyperBeam+1","hexamod:ForkedFlame+1","hexamod:HeatShield+1"],"relics":["hexamod:SpiritBrand","downfall:HeartsMalice","Bronze Scales","Darkstone Periapt","Kunai","Anchor","Snecko Eye","downfall:HeartBlessingRed","MutagenicStrength","Chemical X","Mummified Hand","Frozen Egg 2","Singing Bowl","Gambling Chip","Astrolabe","downfall:HeartBlessingGreen","hexamod:TheBrokenSeal","Smiling Mask","Old Coin","Vajra","downfall:HeartBlessingBlue","Orichalcum","InkBottle","Medical Kit","Runesmith:AutoHammer","Bag of Preparation"],"acts_visited":["Exordium","TheCity","TheBeyond","TheEnding"],"potions_floor_usage":[6,23,30,31,33,33,44,50,56],"damage_taken":[{"damage":0,"enemies":"Cultist","floor":2,"turns":1},{"damage":0,"enemies":"downfall:FleeingMerchant","floor":3,"turns":1},{"damage":0,"enemies":"Jaw Worm","floor":4,"turns":1},{"damage":5,"enemies":"Small Slimes","floor":5,"turns":3},{"damage":10,"enemies":"Lagavulin","floor":6,"turns":8},{"damage":0,"enemies":"Exordium Wildlife","floor":8,"turns":5},{"damage":12,"enemies":"3 Sentries","floor":9,"turns":10},{"damage":0,"enemies":"Large Slime","floor":10,"turns":4},{"damage":2,"enemies":"Blue Slaver","floor":12,"turns":3},{"damage":0,"enemies":"3 Louse","floor":13,"turns":3},{"damage":0,"enemies":"Lagavulin","floor":14,"turns":5},{"damage":6,"enemies":"Exordium Wildlife","floor":15,"turns":5},{"damage":27,"enemies":"WA_ARCHETYPE_RETAIN","floor":16,"turns":10},{"damage":3,"enemies":"Shell Parasite","floor":19,"turns":5},{"damage":0,"enemies":"Chosen","floor":20,"turns":4},{"damage":0,"enemies":"downfall:Augmenter","floor":21,"turns":6},{"damage":0,"enemies":"downfall:FleeingMerchant","floor":23,"turns":4},{"damage":0,"enemies":"Shelled Parasite and Fungi","floor":25,"turns":3},{"damage":0,"enemies":"Cultist and Chosen","floor":26,"turns":4},{"damage":4,"enemies":"3 Cultists","floor":28,"turns":4},{"damage":0,"enemies":"Book of Stabbing","floor":30,"turns":2},{"damage":2,"enemies":"downfall:FleeingMerchant","floor":31,"turns":4},{"damage":0,"enemies":"Snake Plant","floor":32,"turns":2},{"damage":9,"enemies":"IC_MUSHROOM_ARCHETYPE","floor":33,"turns":6},{"damage":2,"enemies":"3 Shapes","floor":36,"turns":4},{"damage":0,"enemies":"Orb Walker","floor":37,"turns":1},{"damage":0,"enemies":"3 Darklings","floor":40,"turns":3},{"damage":0,"enemies":"Writhing Mass","floor":42,"turns":3},{"damage":0,"enemies":"Nemesis","floor":44,"turns":3},{"damage":0,"enemies":"Reptomancer","floor":46,"turns":3},{"damage":0,"enemies":"Nemesis","floor":48,"turns":2},{"damage":0,"enemies":"Spire Growth","floor":49,"turns":2},{"damage":21,"enemies":"SI_POISON_ARCHETYPE","floor":50,"turns":4},{"damage":10,"enemies":"downfall:CharBossMerchant","floor":52,"turns":4},{"damage":24,"enemies":"downfall:NeowBoss","floor":55,"turns":6},{"damage":73,"enemies":"downfall:NeowBossFinal","floor":56,"turns":6}],"seed_played":"-3095695395026854061","potions_obtained":[{"floor":5,"key":"SkillPotion"},{"floor":8,"key":"Strength Potion"},{"floor":12,"key":"LiquidBronze"},{"floor":14,"key":"hexamod:EctoCoolerPotion"},{"floor":21,"key":"LiquidMemories"},{"floor":26,"key":"hexamod:SoulburnPotion"},{"floor":30,"key":"GamblersBrew"},{"floor":32,"key":"Guardian:BlockOnCardUsePotion"},{"floor":32,"key":"Block Potion"},{"floor":33,"key":"GamblersBrew"},{"floor":36,"key":"hexamod:EctoCoolerPotion"},{"floor":44,"key":"SteroidPotion"},{"floor":49,"key":"Ancient Potion"}],"is_trial":false,"path_per_floor":["R","M","$","M","M","E","T","M","E","M","R","M","M","E","M","B",null,"R","M","M","?","?","$","T","M","M","R","M","?","E","$","M","B",null,"R","M","M","?","?","M","T","M","T","E","?","E","R","E","M","B",null,"E","$","R","B","B",null],"character_chosen":"THE_SPIRIT","items_purchased":["hexamod:FirstSeal","Chemical X","hexamod:HeatCrush","hexamod:TurnItUp","Gambling Chip","Medical Kit","Runesmith:AutoHammer","Bag of Preparation"],"campfire_rested":2,"item_purchase_floors":[23,23,23,31,31,53,53,53],"current_hp_per_floor":[70,70,70,70,65,55,55,55,43,43,43,41,41,41,35,8,70,70,67,67,67,67,67,67,70,70,70,70,76,80,80,82,82,84,84,96,96,88,88,90,90,92,92,96,96,98,118,118,120,99,120,112,112,122,98,25],"gold":41,"neow_bonus":"THREE_ENEMY_KILL","is_daily":false,"chose_seed":false,"campfire_upgraded":4,"win_rate":0.0,"timestamp":1612110061,"path_taken":["R","M","$","?","M","E","T","M","E","M","R","M","M","E","M","BOSS","R","M","M","?","?","$","T","M","?","R","M","?","E","$","M","BOSS","R","M","M","?","?","M","T","M","?","E","?","E","R","E","M","BOSS","E","$","R","BOSS","BOSS"],"items_purchased_type":["Card","Relic","Card","Card","Relic","Relic","Relic","Relic"],"build_version":"2020-12-22","purchased_purges":3,"victory":true,"max_hp_per_floor":[70,70,70,70,70,70,70,70,70,70,70,70,70,70,70,70,70,70,70,70,70,70,70,70,70,70,70,70,76,80,80,82,84,84,84,96,96,98,98,100,100,102,102,106,106,108,118,118,120,120,120,122,122,122,122,122],"card_choices":[{"not_picked":["hexamod:HeatMetal","hexamod:NightmareGuise"],"picked":"hexamod:RetreatToShadows","floor":2},{"not_picked":["hexamod:FastForward","hexamod:DynamicBlow"],"picked":"hexamod:TimeWarp","floor":3},{"not_picked":["hexamod:GhostLash","hexamod:InspiringFlames","hexamod:ExtraCrispy"],"picked":"SKIP","floor":4},{"not_picked":["hexamod:GhostLash","hexamod:InspiringFlames"],"picked":"hexamod:ExtraCrispy","floor":4},{"not_picked":["hexamod:HeatShield","hexamod:HauntingEcho"],"picked":"hexamod:ShieldOfDarkness","floor":5},{"not_picked":["hexamod:FlamesFromBeyond","hexamod:Incineration"],"picked":"hexamod:Hexaguard","floor":6},{"not_picked":["hexamod:ThermalTransfer","hexamod:InspiringFlames","hexamod:Haunt"],"picked":"SKIP","floor":8},{"not_picked":["hexamod:BurningTouch","hexamod:NightmareGuise"],"picked":"hexamod:ForkedFlame","floor":9},{"not_picked":["hexamod:Again","hexamod:HauntingEcho","hexamod:NightmareStrike"],"picked":"SKIP","floor":10},{"not_picked":["hexamod:HauntingEcho","hexamod:SpectersWail","hexamod:HeatMetal"],"picked":"SKIP","floor":12},{"not_picked":["hexamod:FastForward","hexamod:BurningTouch"],"picked":"hexamod:WildfireWeapon","floor":13},{"not_picked":["hexamod:HauntingEcho","hexamod:PowerFromBeyond"],"picked":"hexamod:SixthSeal","floor":14},{"not_picked":["hexamod:ThermalTransfer","hexamod:BurningTouch","hexamod:ShieldOfDarkness"],"picked":"SKIP","floor":15},{"not_picked":["hexamod:UnleashSpirits","hexamod:GhostOfSpirePresent"],"picked":"hexamod:FifthSeal","floor":16},{"not_picked":["hexamod:FourthSeal","hexamod:SixthSeal"],"picked":"hexamod:ThirdSeal","floor":19},{"not_picked":["hexamod:SwordOfDarkness","hexamod:GhostLash","hexamod:InspiringFlames"],"picked":"SKIP","floor":19},{"not_picked":["hexamod:GhostLash","hexamod:InspiringFlames"],"picked":"hexamod:SwordOfDarkness","floor":19},{"not_picked":["hexamod:ThermalTransfer","hexamod:SpectralAdrenaline"],"picked":"hexamod:SixthSeal","floor":20},{"not_picked":["hexamod:EmpoweredFlame","hexamod:Haunt"],"picked":"hexamod:Hexaguard","floor":20},{"not_picked":["hexamod:FlamesFromBeyond","hexamod:EtherealExpedition"],"picked":"hexamod:HexaLevel","floor":21},{"not_picked":["hexamod:GhostShield","hexamod:Firestarter"],"picked":"hexamod:NightmareGuise","floor":21},{"not_picked":["hexamod:FirstSeal","hexamod:ThirdSeal"],"picked":"hexamod:SecondSeal","floor":23},{"not_picked":["hexamod:RecurringNightmare+1","hexamod:SpectralAdrenaline+1","hexamod:FastForward"],"picked":"SKIP","floor":23},{"not_picked":["hexamod:SpectralAdrenaline+1","hexamod:GhostOfSpirePast"],"picked":"hexamod:RainOfEmbers+1","floor":25},{"not_picked":["hexamod:ThirdSeal","hexamod:FirstSeal"],"picked":"hexamod:SecondSeal","floor":25},{"not_picked":["hexamod:PhantomCloak","hexamod:HeatMetal+1","hexamod:ChargedBarrage"],"picked":"SKIP","floor":25},{"not_picked":["hexamod:Firestarter","hexamod:EmpoweredFlame"],"picked":"hexamod:RadiantFlame+1","floor":26},{"not_picked":["hexamod:SoulSteal","hexamod:Firestarter+1","hexamod:ThirdSeal"],"picked":"SKIP","floor":26},{"not_picked":["hexamod:FirstSeal","hexamod:SixthSeal"],"picked":"hexamod:FourthSeal","floor":28},{"not_picked":["hexamod:HeatMetal+1","hexamod:BacktrackSmack"],"picked":"hexamod:VolcanoVisage","floor":28},{"not_picked":["hexamod:Rewind","hexamod:SoulSteal","hexamod:SkipABeat"],"picked":"SKIP","floor":28},{"not_picked":["hexamod:NightmareStrike","hexamod:FourthSeal"],"picked":"hexamod:VolcanoVisage+1","floor":30},{"not_picked":["hexamod:GhostOfSpireFuture+1","hexamod:TimeWarp","hexamod:RetreatToShadows"],"picked":"Singing Bowl","floor":30},{"not_picked":["hexamod:FirstSeal","hexamod:SecondSeal","hexamod:ThirdSeal"],"picked":"Singing Bowl","floor":30},{"not_picked":["hexamod:FlamesFromBeyond","hexamod:Hexaguard+1"],"picked":"hexamod:SwordOfDarkness","floor":31},{"not_picked":["hexamod:GhostLash+1","hexamod:Again+1"],"picked":"hexamod:RadiantFlame+1","floor":31},{"not_picked":["hexamod:PhantomFireball+1","hexamod:FlamesFromBeyond","hexamod:Rewind+1"],"picked":"Singing Bowl","floor":32},{"not_picked":["hexamod:GhostflameInferno","hexamod:TimeOfNeed"],"picked":"hexamod:TurnItUp","floor":33},{"not_picked":["hexamod:FirstSeal","hexamod:SecondSeal","hexamod:SixthSeal"],"picked":"Singing Bowl","floor":33},{"not_picked":["hexamod:TurnItUp","hexamod:HexaLevel+1"],"picked":"hexamod:UnlimitedPower","floor":33},{"not_picked":["hexamod:SixthSeal","hexamod:FourthSeal","hexamod:ThirdSeal"],"picked":"Singing Bowl","floor":36},{"not_picked":["hexamod:HeatCrush+1","hexamod:FlamesFromBeyond+1"],"picked":"hexamod:RainOfEmbers+1","floor":36},{"not_picked":["hexamod:SwordOfDarkness+1","hexamod:EmpoweredFlame+1"],"picked":"hexamod:PowerFromBeyond+1","floor":37},{"not_picked":["expansioncontent:LastStand","expansioncontent:DecaShield"],"picked":"expansioncontent:InvincibleStrength","floor":38},{"not_picked":["expansioncontent:PolyBeam","expansioncontent:PrepareCrush","expansioncontent:GuardianWhirl"],"picked":"Singing Bowl","floor":38},{"not_picked":["expansioncontent:DecaShield","expansioncontent:YouAreMine"],"picked":"expansioncontent:HyperBeam","floor":38},{"not_picked":["hexamod:PowerFromBeyond","hexamod:ExtraCrispy+1","hexamod:SwordOfDarkness+1"],"picked":"Singing Bowl","floor":40},{"not_picked":["hexamod:AdvancingGuard","hexamod:GhostLash+1","hexamod:BurningTouch+1"],"picked":"Singing Bowl","floor":42},{"not_picked":["hexamod:ThirdSeal","hexamod:SecondSeal","hexamod:FourthSeal"],"picked":"Singing Bowl","floor":44},{"not_picked":["hexamod:NightmareStrike+1","hexamod:FourthSeal","hexamod:GhostLash+1"],"picked":"Singing Bowl","floor":44},{"not_picked":["hexamod:GhostOfSpireFuture+1","hexamod:NightmareGuise","hexamod:TimeOfNeed"],"picked":"Singing Bowl","floor":46},{"not_picked":["hexamod:RadiantFlame+1","hexamod:VolcanoVisage+1"],"picked":"hexamod:ForkedFlame","floor":48},{"not_picked":["hexamod:GhostShield+1","hexamod:BurningTouch+1","hexamod:NightmareGuise"],"picked":"Singing Bowl","floor":49},{"not_picked":["hexamod:SixthSeal","hexamod:FourthSeal","hexamod:ThirdSeal"],"picked":"Singing Bowl","floor":52},{"not_picked":["hexamod:AdvancingGuard+1","hexamod:Firestarter"],"picked":"hexamod:HeatShield+1","floor":52}],"player_experience":1133535,"relics_obtained":[{"floor":6,"key":"Bronze Scales"},{"floor":7,"key":"Darkstone Periapt"},{"floor":9,"key":"Kunai"},{"floor":14,"key":"Anchor"},{"floor":21,"key":"MutagenicStrength"},{"floor":24,"key":"Mummified Hand"},{"floor":30,"key":"Singing Bowl"},{"floor":43,"key":"Smiling Mask"},{"floor":44,"key":"Old Coin"},{"floor":46,"key":"Vajra"},{"floor":48,"key":"Orichalcum"},{"floor":52,"key":"InkBottle"}],"event_choices":[{"damage_healed":0,"gold_gain":0,"player_choice":"Stole Relic","damage_taken":0,"relics_obtained":["Frozen Egg 2"],"max_hp_gain":0,"max_hp_loss":0,"event_name":"Addict","floor":29,"gold_loss":0,"cards_obtained":["Pride"]}],"is_beta":false,"boss_relics":[{"not_picked":["Velvet Choker","Philosopher\u0027s Stone"],"picked":"Snecko Eye"},{"not_picked":["Runesmith:UraniumAnvil","bronze:MakeshiftBattery"],"picked":"Astrolabe"}],"items_purged_floors":[3,23,53],"is_endless":false,"potions_floor_spawned":[5,8,12,14,15,21,26,30,32,36,44,48,49],"ascension_level":1}}