{"host":"xxyfyv4t3rs3ce5d","time":1612135037,"event":{"mods":["BaseMod","Hubris","Infinite Spire","Minty Spire (QoL Compilation)","Replay The Spire","Shop Mod","StSLib","The Jungle"],"gold_per_floor":[118,43,55,55,55,55,69,69,69,69,80,80,95,109,109,210,210,229,245,245,260,260,260,274,288,315,315,315,331,346,363,363,363,363],"floor_reached":33,"language":"ENG","playtime":1705,"items_purged":["Defend_P"],"score":243,"play_id":"b2272a29-e571-4e54-93a6-413dbb4f3b87","local_time":"20210131181717","is_ascension_mode":false,"campfire_choices":[{"data":"Eruption","floor":6,"key":"SMITH"},{"data":"PathToVictory","floor":8,"key":"SMITH"},{"data":"Vigilance","floor":10,"key":"SMITH"},{"data":"Strike_P","floor":12,"key":"SMITH"},{"data":"Strike_P","floor":15,"key":"SMITH"},{"data":"PathToVictory","floor":23,"key":"SMITH"},{"data":"Defend_P","floor":27,"key":"SMITH"},{"floor":32,"key":"REST"}],"circlet_count":0,"master_deck":["Strike_P+1","Strike_P+1","Strike_P","Defend_P+1","Defend_P","Defend_P","Eruption+1","Vigilance+1","PathToVictory+1","PathToVictory+1","PathToVictory+1"],"relics":["PureWater","hubris:TenFootPole","Unceasing Top","SlaversCollar","hubris:PeanutButter","Oddly Smooth Stone"],"acts_visited":["Exordium","TheCity"],"potions_floor_usage":[16,16,19,30,30],"damage_taken":[{"damage":1,"enemies":"Cultist","floor":1,"turns":3},{"damage":5,"enemies":"2 Louse","floor":3,"turns":2},{"damage":1,"enemies":"Jaw Worm","floor":7,"turns":3},{"damage":9,"enemies":"Gremlin Gang","floor":11,"turns":4},{"damage":0,"enemies":"Exordium Thugs","floor":13,"turns":3},{"damage":0,"enemies":"Exordium Wildlife","floor":14,"turns":4},{"damage":28,"enemies":"Hexaghost","floor":16,"turns":8},{"damage":17,"enemies":"Shell Parasite","floor":18,"turns":6},{"damage":34,"enemies":"Spheric Guardian","floor":19,"turns":4},{"damage":6,"enemies":"Snake Plant","floor":21,"turns":4},{"damage":0,"enemies":"Cultist and Chosen","floor":24,"turns":4},{"damage":0,"enemies":"Chosen and Byrds","floor":25,"turns":4},{"damage":0,"enemies":"Snecko","floor":29,"turns":3},{"damage":0,"enemies":"Centurion and Healer","floor":30,"turns":6},{"damage":3,"enemies":"Shelled Parasite and Fungi","floor":31,"turns":5},{"damage":33,"enemies":"Champ","floor":33,"turns":6}],"seed_played":"8497367293152392539","potions_obtained":[{"floor":13,"key":"Toxic Potion"},{"floor":14,"key":"BlessingOfTheForge"},{"floor":18,"key":"DuplicationPotion"},{"floor":21,"key":"EssenceOfSteel"},{"floor":24,"key":"SpeedPotion"}],"is_trial":false,"path_per_floor":["M","$","M","$","?","R","M","R","T","R","M","R","M","M","R","B",null,"M","M","?","M","T","R","M","M","T","R","?","M","M","M","R","B"],"character_chosen":"WATCHER","items_purchased":[],"campfire_rested":1,"item_purchase_floors":[],"current_hp_per_floor":[71,71,66,66,66,66,65,65,65,65,56,56,56,56,56,28,72,55,21,21,15,15,15,15,15,15,15,11,11,11,8,31,0,0],"gold":363,"neow_bonus":"RANDOM_COMMON_RELIC","is_daily":false,"chose_seed":false,"campfire_upgraded":7,"win_rate":0.0,"timestamp":1612135037,"path_taken":["M","?","M","$","?","R","M","R","T","R","M","R","M","M","R","BOSS","M","M","?","?","?","R","M","M","T","R","?","M","M","M","R","BOSS"],"items_purchased_type":[],"build_version":"2020-12-22","purchased_purges":1,"victory":false,"max_hp_per_floor":[72,72,72,72,72,72,72,72,72,72,72,72,72,72,72,72,72,72,72,72,72,72,72,72,72,72,72,77,77,77,77,77,77,77],"card_choices":[{"not_picked":["WindmillStrike","FollowUp"],"picked":"PathToVictory","floor":1},{"not_picked":["FlurryOfBlows","FollowUp","CrushJoints"],"picked":"SKIP","floor":3},{"not_picked":["ReachHeaven","Replay:ManipulateFuture","Protect"],"picked":"SKIP","floor":7},{"not_picked":["Indignation","ClearTheMind","JustLucky"],"picked":"SKIP","floor":11},{"not_picked":["Prostrate","Tantrum","Halt"],"picked":"SKIP","floor":13},{"not_picked":["Prostrate","JustLucky","EmptyFist"],"picked":"SKIP","floor":14},{"not_picked":["SandsOfTime","WheelKick","FlyingSleeves"],"picked":"SKIP","floor":18},{"not_picked":["CrushJoints+1","Crescendo"],"picked":"PathToVictory","floor":19},{"not_picked":["FollowUp","EmptyFist"],"picked":"PathToVictory","floor":21},{"not_picked":["Replay:ManipulateFuture","FearNoEvil+1","SashWhip+1"],"picked":"SKIP","floor":24},{"not_picked":["SashWhip+1","EmptyBody","FlyingSleeves"],"picked":"SKIP","floor":25},{"not_picked":["Protect","Replay:LoomingThreat","CrushJoints"],"picked":"SKIP","floor":29},{"not_picked":["CutThroughFate","Replay:AtTheReady","SignatureMove+1"],"picked":"SKIP","floor":30},{"not_picked":["Perseverance","Swivel+1","FollowUp"],"picked":"SKIP","floor":31}],"player_experience":207059,"relics_obtained":[{"floor":9,"key":"Unceasing Top"},{"floor":22,"key":"hubris:PeanutButter"},{"floor":26,"key":"Oddly Smooth Stone"}],"event_choices":[{"damage_healed":0,"gold_gain":0,"player_choice":"Upgraded","damage_taken":0,"max_hp_gain":0,"max_hp_loss":0,"event_name":"Upgrade Shrine","floor":20,"gold_loss":0,"cards_upgraded":["PathToVictory"]},{"damage_healed":0,"gold_gain":0,"player_choice":"Shed Blood","damage_taken":18,"max_hp_gain":5,"max_hp_loss":0,"event_name":"Forgotten Altar","floor":28,"gold_loss":0}],"is_beta":false,"boss_relics":[{"not_picked":["Replay:Grab Bag","Empty Cage"],"picked":"SlaversCollar"}],"items_purged_floors":[2],"is_endless":false,"potions_floor_spawned":[13,14,18,21,24],"killed_by":"Champ","ascension_level":0}}