{"host":"qmnyg5dk1o6rw6mz","time":1612085247,"event":{"mods":["100% Spire Juice","2.2 Compatiblity","AchievementEnabler","Act Like it!","Aspiration","Astrologer","BaseMod","Beaked The Cultist","Better Altar","Better Match","Better Note","Better Sensory Stone","Better Skull","Better Third Choice","Better Vampires","Block Reminder","CapriCore","Challenge The Spire","ChefMod","Colored Map","Colored Powertips","Conspire","Defuse TimeMaze Blight","Disable Question Mark Monsters","Displayed Cursed Tome","Downfall","Energized Spire","Fox Events","Gensokyo","GifTheSpireLib","Hermit","Highlight Path","HornydragonMod","Hubris","Infinite Spire","Jedi Mod","Koishi","KomeijiMod","Mari Mod (Legacy)","Mari\u0027s V1 Patch","Marisa¡]Ãú«B¡@Å]²z¨F¡^","Marked Mod","Minty Spire (QoL Compilation)","Monster B Gone","Pale of the Ancients","Permanent Neow","Prisma Mod","Quick Restart","Reimu¡]³Õ???¡^","Relic Filter","Reliquary","Replay The Spire","SIMod","StSLib","Synergy Search","The Alterego","The Bug Knight","The Construct","The Cursed","The Dragon Tamer","The Gatherer","The Hayseed","The Immortal","The Poker Player","The Problem Sleuth","The Runesmith","The Showman","Unceasing Turn Reminder","Wide Potions","Yuri Mod","thorton"],"gold_per_floor":[99,118,129,146,157,157,184,215,231,96,126,126,26,37,48,48,48,48],"floor_reached":16,"language":"ENG","playtime":922,"items_purged":["Guardian:Defend_Guardian"],"score":114,"play_id":"88154ba5-dd1b-4c36-8bd3-94b67ead25e6","local_time":"20210131172727","is_ascension_mode":false,"campfire_choices":[{"floor":1,"key":"DIG"},{"floor":6,"key":"RECALL"},{"data":"Guardian:TwinSlam","floor":13,"key":"SMITH"}],"circlet_count":0,"master_deck":["Guardian:Strike_Guardian","Guardian:Strike_Guardian","Guardian:Strike_Guardian","Guardian:Strike_Guardian","Guardian:Defend_Guardian","Guardian:Defend_Guardian","Guardian:Defend_Guardian","Guardian:CurlUp","Guardian:TwinSlam+1","Guardian:Gem_White","Guardian:BronzeArmor","Guardian:PrimingBeam","Guardian:Gem_White","Guardian:PrimingBeam","Guardian:Gem_Orange","Guardian:Recover","Guardian:Suspension"],"relics":["Guardian:ModeShifter","Eternal Feather","reliquary:RoseTintedGlasses","conspire:InfiniteJournal","Lantern","Guardian:PickAxe","downfall:HeartBlessingRed"],"acts_visited":["Exordium"],"potions_floor_usage":[16,16],"damage_taken":[{"damage":1,"enemies":"Cultist","floor":2,"turns":4},{"damage":3,"enemies":"2 Louse","floor":3,"turns":3},{"damage":8,"enemies":"Jaw Worm","floor":4,"turns":5},{"damage":6,"enemies":"Exordium Wildlife","floor":5,"turns":6},{"damage":34,"enemies":"Lagavulin","floor":8,"turns":10},{"damage":5,"enemies":"3 Louse","floor":9,"turns":5},{"damage":0,"enemies":"downfall:FleeingMerchant","floor":10,"turns":4},{"damage":14,"enemies":"Gremlin Nob","floor":11,"turns":5},{"damage":3,"enemies":"Gremlin Nob","floor":12,"turns":6},{"damage":5,"enemies":"Large Slime","floor":14,"turns":6},{"damage":0,"enemies":"2 Fungi Beasts","floor":15,"turns":3},{"damage":44,"enemies":"SI_SHIV_ARCHETYPE","floor":16,"turns":10}],"seed_played":"5077963616803766391","potions_obtained":[{"floor":3,"key":"ZuzhouPotion:ReiMu"},{"floor":9,"key":"ZuzhouPotion:ReiMu"},{"floor":14,"key":"Regen Potion"},{"floor":15,"key":"Energy Potion"}],"is_trial":false,"path_per_floor":["R_BF","M","M","M","M","R","T","E","M","$","E","?","R","M","M","B"],"character_chosen":"GUARDIAN","items_purchased":["Guardian:PrimingBeam"],"campfire_rested":0,"item_purchase_floors":[10],"current_hp_per_floor":[88,87,84,76,70,76,76,42,37,37,23,20,29,24,24,0,0,0],"gold":48,"neow_bonus":"TEN_PERCENT_HP_BONUS","is_daily":false,"chose_seed":false,"campfire_upgraded":1,"win_rate":0.0,"timestamp":1612085247,"path_taken":["R_BF","M","M","?","?","R","T","E","M","$","E","?","R","M","M","BOSS"],"items_purchased_type":["Card"],"build_version":"2020-12-22","purchased_purges":1,"victory":false,"max_hp_per_floor":[88,88,88,88,88,88,88,88,88,88,88,88,88,88,88,88,88,88],"card_choices":[{"not_picked":["Guardian:BronzeOrb","Guardian:TemporalStrike"],"picked":"Guardian:Gem_White","floor":2},{"not_picked":["Guardian:Gem_Cyan","Guardian:Suspension"],"picked":"Guardian:BronzeArmor","floor":3},{"not_picked":["Guardian:Harden","Guardian:Gem_Green","Guardian:TimeCapacitor"],"picked":"SKIP","floor":4},{"not_picked":["Guardian:Recover","Guardian:ShieldCharger"],"picked":"Guardian:PrimingBeam","floor":5},{"not_picked":["Guardian:ShieldCharger","Guardian:Harden"],"picked":"Guardian:Gem_Blue","floor":8},{"not_picked":["Guardian:MultiBeam","Guardian:Gem_Lightblue","Guardian:Suspension"],"picked":"SKIP","floor":9},{"not_picked":["Guardian:HyperBeam_Guardian","Guardian:ShieldCharger"],"picked":"Guardian:Gem_White","floor":10},{"not_picked":["Guardian:Planning","Guardian:Gem_Green"],"picked":"Guardian:Gem_Orange","floor":11},{"not_picked":["Guardian:Suspension","Guardian:CrystalBeam"],"picked":"Guardian:Recover","floor":14},{"not_picked":["Guardian:Gem_Cyan","Guardian:RollAttack"],"picked":"Guardian:Suspension","floor":15}],"player_experience":250339,"relics_obtained":[{"floor":1,"key":"Eternal Feather"},{"floor":7,"key":"reliquary:RoseTintedGlasses"},{"floor":8,"key":"conspire:InfiniteJournal"},{"floor":11,"key":"Lantern"}],"event_choices":[],"is_beta":false,"boss_relics":[],"items_purged_floors":[10],"is_endless":false,"potions_floor_spawned":[3,9,14,15],"killed_by":"SI_SHIV_ARCHETYPE","ascension_level":0}}