{"host":"gobyjzz6xbwq9f9i","time":1612068086,"event":{"mods":["AchievementEnabler","BaseMod","Bestiary","Colored Map","Minty Spire (QoL Compilation)","Relic Stats"],"gold_per_floor":[118,138,34,46,57,57,89,89,89,8,8,283,311,326,326,425,425,440,458,47,62,72,72,118,152,152,152,251,279,303,344,344,344,344],"floor_reached":33,"language":"ENG","playtime":1155,"items_purged":[],"score":446,"play_id":"51413931-25c8-499b-a607-79f6e3d2bbfc","local_time":"20210130204126","is_ascension_mode":true,"campfire_choices":[{"data":"Clothesline","floor":6,"key":"SMITH"},{"data":"Inflame","floor":8,"key":"SMITH"},{"floor":11,"key":"REST"},{"data":"Inflame","floor":15,"key":"SMITH"},{"floor":23,"key":"DIG"},{"floor":27,"key":"REST"},{"data":"Pommel Strike","floor":32,"key":"SMITH"}],"circlet_count":0,"master_deck":["AscendersBane","Strike_R","Strike_R","Strike_R","Strike_R","Strike_R","Defend_R","Defend_R","Defend_R","Defend_R","Bash","Cleave","Clothesline+1","Armaments","Pommel Strike+1","Inflame+1","Inflame+1","Impervious","Shockwave","Offering","Burning Pact","Heavy Blade","Twin Strike+1","Bloodletting","Headbutt","Intimidate"],"relics":["Burning Blood","Omamori","Nunchaku","Darkstone Periapt","Dead Branch","Calling Bell","Red Skull","Gremlin Horn","Shovel","HandDrill","Pantograph","Oddly Smooth Stone","CeramicFish","Bottled Flame","Turnip"],"acts_visited":["Exordium","TheCity"],"potions_floor_usage":[7,31,33],"damage_taken":[{"damage":16,"enemies":"Cultist","floor":1,"turns":4},{"damage":15,"enemies":"Small Slimes","floor":2,"turns":3},{"damage":0,"enemies":"2 Louse","floor":4,"turns":2},{"damage":9,"enemies":"Looter","floor":5,"turns":4},{"damage":35,"enemies":"3 Sentries","floor":7,"turns":9},{"damage":14,"enemies":"Lagavulin","floor":13,"turns":10},{"damage":13,"enemies":"Large Slime","floor":14,"turns":4},{"damage":22,"enemies":"The Guardian","floor":16,"turns":10},{"damage":18,"enemies":"3 Byrds","floor":18,"turns":5},{"damage":18,"enemies":"Shell Parasite","floor":19,"turns":3},{"damage":9,"enemies":"Centurion and Healer","floor":21,"turns":4},{"damage":19,"enemies":"3 Cultists","floor":22,"turns":4},{"damage":10,"enemies":"Gremlin Leader","floor":25,"turns":3},{"damage":6,"enemies":"Snake Plant","floor":29,"turns":3},{"damage":17,"enemies":"Sentry and Sphere","floor":30,"turns":3},{"damage":29,"enemies":"Book of Stabbing","floor":31,"turns":5},{"damage":73,"enemies":"Automaton","floor":33,"turns":6}],"seed_played":"561914025770023345","potions_obtained":[{"floor":4,"key":"DistilledChaos"},{"floor":5,"key":"SpeedPotion"},{"floor":13,"key":"BlessingOfTheForge"},{"floor":21,"key":"AttackPotion"},{"floor":30,"key":"Weak Potion"}],"is_trial":false,"path_per_floor":["M","M","$","M","M","R","E","R","T","$","R","?","E","M","R","B",null,"M","M","$","M","M","R","T","E","T","R","?","M","M","E","R","B"],"character_chosen":"IRONCLAD","items_purchased":["CultistPotion","Inflame","HandDrill","Pantograph"],"campfire_rested":2,"item_purchase_floors":[3,10,20,20],"current_hp_per_floor":[62,53,53,59,56,56,27,27,27,27,51,51,43,36,36,20,65,53,41,41,38,25,25,25,21,21,45,45,45,34,11,11,0,0],"gold":344,"neow_bonus":"RANDOM_COMMON_RELIC","is_daily":false,"chose_seed":false,"campfire_upgraded":4,"win_rate":0.0,"timestamp":1612068086,"path_taken":["M","M","?","M","M","R","E","R","T","$","R","?","E","M","R","BOSS","M","M","$","?","M","R","?","E","T","R","?","M","M","E","R","BOSS"],"items_purchased_type":["Potion","Card","Relic","Relic"],"build_version":"2020-12-22","purchased_purges":0,"victory":false,"max_hp_per_floor":[80,80,80,80,80,80,80,80,80,80,80,80,80,80,80,80,80,80,80,80,80,80,80,80,80,80,80,80,80,80,80,80,80,80],"relic_stats":{"Darkstone Periapt":0,"Nunchaku":[9],"Shovel":1,"Gremlin Horn":[12,12],"counters":[17,82],"Dead Branch":[40],"Pantograph":25,"CeramicFish":27,"Turnip":[0],"HandDrill":[14],"obtain_stats":[{"Darkstone Periapt":9,"Gremlin Horn":17,"Dead Branch":13,"CeramicFish":25,"Oddly Smooth Stone":23,"Omamori":0,"Burning Blood":0,"Calling Bell":17,"Nunchaku":7,"Bottled Flame":26,"Shovel":17,"Pantograph":20,"Turnip":31,"HandDrill":20,"Red Skull":17},{"Darkstone Periapt":5,"Gremlin Horn":8,"Dead Branch":6,"CeramicFish":13,"Oddly Smooth Stone":12,"Omamori":0,"Burning Blood":0,"Calling Bell":8,"Nunchaku":5,"Bottled Flame":13,"Shovel":8,"Pantograph":10,"Turnip":16,"HandDrill":10,"Red Skull":8},{"Darkstone Periapt":22,"Gremlin Horn":46,"Dead Branch":32,"CeramicFish":65,"Oddly Smooth Stone":62,"Omamori":0,"Burning Blood":0,"Calling Bell":46,"Nunchaku":22,"Bottled Flame":65,"Shovel":46,"Pantograph":54,"Turnip":76,"HandDrill":54,"Red Skull":46}],"Burning Blood":96},"card_choices":[{"not_picked":["True Grit","Bloodletting"],"picked":"Cleave","floor":1},{"not_picked":["Pommel Strike","Sever Soul"],"picked":"Clothesline","floor":2},{"not_picked":["Intimidate","Perfected Strike"],"picked":"Armaments","floor":4},{"not_picked":["True Grit","Sword Boomerang"],"picked":"Pommel Strike","floor":5},{"not_picked":["Armaments","Barricade"],"picked":"Inflame","floor":7},{"not_picked":["Cleave","Body Slam"],"picked":"Impervious","floor":13},{"not_picked":["Uppercut","Headbutt"],"picked":"Shockwave","floor":14},{"not_picked":["Reaper","Juggernaut"],"picked":"Offering","floor":16},{"not_picked":["Sever Soul+1","Iron Wave","Warcry"],"picked":"SKIP","floor":18},{"not_picked":["Bloodletting","Clash"],"picked":"Burning Pact","floor":19},{"not_picked":["Barricade","Clash"],"picked":"Heavy Blade","floor":21},{"not_picked":["Evolve+1","Flex+1"],"picked":"Twin Strike+1","floor":22},{"not_picked":["Wild Strike","Flex","Thunderclap"],"picked":"SKIP","floor":25},{"not_picked":["Iron Wave","Armaments"],"picked":"Bloodletting","floor":29},{"not_picked":["Iron Wave","Wild Strike"],"picked":"Headbutt","floor":30},{"not_picked":["Wild Strike+1","Infernal Blade"],"picked":"Intimidate","floor":31}],"player_experience":1228810,"relics_obtained":[{"floor":7,"key":"Nunchaku"},{"floor":9,"key":"Darkstone Periapt"},{"floor":13,"key":"Dead Branch"},{"floor":17,"key":"Red Skull"},{"floor":17,"key":"Gremlin Horn"},{"floor":17,"key":"Shovel"},{"floor":23,"key":"Oddly Smooth Stone"},{"floor":25,"key":"CeramicFish"},{"floor":26,"key":"Bottled Flame"},{"floor":31,"key":"Turnip"}],"event_choices":[{"damage_healed":0,"gold_gain":275,"player_choice":"Desecrate","damage_taken":0,"max_hp_gain":0,"max_hp_loss":0,"event_name":"Golden Shrine","floor":12,"gold_loss":0,"cards_obtained":["Regret"]},{"damage_healed":0,"gold_gain":99,"player_choice":"Stole From Cult","damage_taken":0,"max_hp_gain":0,"max_hp_loss":0,"event_name":"Nest","floor":28,"gold_loss":0}],"is_beta":false,"boss_relics":[{"not_picked":["Black Star","Velvet Choker"],"picked":"Calling Bell"}],"items_purged_floors":[],"is_endless":false,"potions_floor_spawned":[4,5,13,16,19,21,25,30],"killed_by":"Automaton","ascension_level":10}}