{"host":"bf5upntvbdompq33","time":1612124434,"event":{"mods":["BaseMod","Colored Map","Colored Powertips","Curses Come First","Minty Spire (QoL Compilation)","StSLib"],"gold_per_floor":[116,116,116,116,116,149,149,182,182,182,209,229,229,257,257,361,361,376,389,129,147,147,175,51,51,75,87,87],"floor_reached":27,"language":"ENG","playtime":1682,"items_purged":["Pain","Regret"],"score":488,"play_id":"fd9254c6-6142-4d13-8bca-78e5445cecbb","local_time":"20210131132034","is_ascension_mode":true,"campfire_choices":[{"data":"Bash","floor":7,"key":"SMITH"},{"data":"Burning Pact","floor":10,"key":"SMITH"},{"data":"Flame Barrier","floor":13,"key":"SMITH"},{"floor":15,"key":"REST"},{"data":"True Grit","floor":25,"key":"SMITH"}],"circlet_count":0,"master_deck":["AscendersBane","Strike_R","Strike_R","Strike_R","Strike_R","Strike_R","Defend_R","Defend_R","Defend_R","Defend_R","Bash+1","Burning Pact+1","Bludgeon+1","Pommel Strike+1","Flame Barrier+1","Uppercut+1","Pommel Strike+1","Feed+1","True Grit+1","Anger+1","Reaper+1","Disarm","Clothesline+1","Anger+1"],"relics":["Burning Blood","NeowsBlessing","WingedGreaves","Bag of Marbles","WarpedTongs","Molten Egg 2","Charon\u0027s Ashes","Bronze Scales","Vajra","Matryoshka","Runic Pyramid","Toxic Egg 2","White Beast Statue","MawBank"],"acts_visited":["Exordium","TheCity"],"potions_floor_usage":[11,14,18,23,27],"damage_taken":[{"damage":0,"enemies":"Jaw Worm","floor":1,"turns":1},{"damage":4,"enemies":"3 Sentries","floor":6,"turns":2},{"damage":0,"enemies":"Gremlin Nob","floor":8,"turns":1},{"damage":22,"enemies":"3 Sentries","floor":11,"turns":5},{"damage":11,"enemies":"2 Louse","floor":12,"turns":3},{"damage":37,"enemies":"Lagavulin","floor":14,"turns":4},{"damage":49,"enemies":"Hexaghost","floor":16,"turns":6},{"damage":11,"enemies":"2 Thieves","floor":18,"turns":2},{"damage":3,"enemies":"Chosen","floor":19,"turns":4},{"damage":6,"enemies":"Snake Plant","floor":21,"turns":3},{"damage":50,"enemies":"Gremlin Leader","floor":23,"turns":6},{"damage":55,"enemies":"Slavers","floor":27,"turns":4}],"seed_played":"-7535960793986387147","potions_obtained":[{"floor":1,"key":"Regen Potion"},{"floor":6,"key":"SkillPotion"},{"floor":14,"key":"DistilledChaos"},{"floor":18,"key":"BlessingOfTheForge"},{"floor":19,"key":"SkillPotion"},{"floor":23,"key":"Swift Potion"}],"is_trial":false,"path_per_floor":["M","?","T","?","?","E","R","E","T","R","E","M","R","E","R","B",null,"M","M","$","M","?","E","$","R","T","E"],"character_chosen":"IRONCLAD","items_purchased":["Reaper+1","Disarm","Anger+1"],"campfire_rested":1,"item_purchase_floors":[20,20,24],"current_hp_per_floor":[78,78,78,78,78,80,80,80,80,80,64,59,59,37,61,18,65,60,63,63,67,67,41,41,41,41,0,0],"gold":87,"neow_bonus":"THREE_ENEMY_KILL","is_daily":false,"chose_seed":false,"campfire_upgraded":4,"win_rate":0.0,"timestamp":1612124434,"path_taken":["M","?","?","?","?","E","R","E","T","R","E","?","R","E","R","BOSS","M","M","$","M","?","E","$","R","T","E"],"items_purchased_type":["Card","Card","Card"],"build_version":"2020-12-22","purchased_purges":2,"victory":false,"max_hp_per_floor":[80,80,80,80,80,80,80,80,80,80,80,80,80,80,80,80,80,80,80,80,84,84,84,84,84,84,84,84],"card_choices":[{"not_picked":["Twin Strike","Iron Wave"],"picked":"Burning Pact","floor":1},{"not_picked":["Iron Wave+1","Fire Breathing"],"picked":"Bludgeon+1","floor":6},{"not_picked":["Fire Breathing","Seeing Red"],"picked":"Pommel Strike+1","floor":8},{"not_picked":["Flex","Clash+1"],"picked":"Flame Barrier","floor":11},{"not_picked":["Cleave+1","Thunderclap+1"],"picked":"Uppercut+1","floor":12},{"not_picked":["Headbutt+1","Battle Trance"],"picked":"Pommel Strike+1","floor":14},{"not_picked":["Exhume","Limit Break"],"picked":"Feed+1","floor":16},{"not_picked":["Combust","Wild Strike+1"],"picked":"True Grit","floor":18},{"not_picked":["Second Wind","Warcry"],"picked":"Anger+1","floor":19},{"not_picked":["True Grit","Sever Soul+1"],"picked":"Clothesline+1","floor":21},{"not_picked":["Reckless Charge+1","Brutality","Dark Embrace"],"picked":"SKIP","floor":23}],"player_experience":1272648,"relics_obtained":[{"floor":3,"key":"WingedGreaves"},{"floor":6,"key":"Molten Egg 2"},{"floor":8,"key":"Charon\u0027s Ashes"},{"floor":9,"key":"Bronze Scales"},{"floor":11,"key":"Vajra"},{"floor":14,"key":"Matryoshka"},{"floor":23,"key":"Toxic Egg 2"},{"floor":26,"key":"White Beast Statue"},{"floor":26,"key":"MawBank"}],"event_choices":[{"damage_healed":0,"gold_gain":0,"player_choice":"Ignored","damage_taken":0,"max_hp_gain":0,"max_hp_loss":0,"event_name":"Golden Idol","floor":2,"gold_loss":0},{"damage_healed":0,"gold_gain":0,"player_choice":"Box","damage_taken":0,"relics_obtained":["Bag of Marbles"],"max_hp_gain":0,"max_hp_loss":0,"event_name":"Big Fish","floor":4,"gold_loss":0,"cards_obtained":["Regret"]},{"damage_healed":0,"gold_gain":0,"player_choice":"Rummage","damage_taken":0,"relics_obtained":["WarpedTongs"],"max_hp_gain":0,"max_hp_loss":0,"event_name":"Accursed Blacksmith","floor":5,"gold_loss":0,"cards_obtained":["Pain"]},{"damage_healed":0,"gold_gain":0,"player_choice":"Leave","damage_taken":0,"max_hp_gain":0,"max_hp_loss":0,"event_name":"FaceTrader","floor":22,"gold_loss":0}],"is_beta":false,"boss_relics":[{"not_picked":["Empty Cage","SacredBark"],"picked":"Runic Pyramid"}],"items_purged_floors":[20,24],"is_endless":false,"potions_floor_spawned":[1,6,14,18,19,23],"killed_by":"Slavers","ascension_level":12}}