{"host":"141e8mu1xuvwtmt1","time":1612109798,"event":{"mods":["AchievementEnabler","BaseMod","BetterRewards","Colored Map","Colored Powertips","Downfall","Highlight Path","Minty Spire (QoL Compilation)","Replay The Spire","StSLib"],"gold_per_floor":[110,179,189,201,221,221,253,253,307,324,342,342,372,372,372,477,477,496,515,105,105,119,119,139,139,139,139,151,165,183,193,193,290,290,310,13,27,27,41,41,68,68,68,68,68],"floor_reached":44,"language":"ENG","playtime":8820,"items_purged":[],"score":629,"play_id":"9d6f944a-bb18-46be-a528-4b36534602ae","local_time":"20210131171638","is_ascension_mode":false,"campfire_choices":[{"data":"Static Discharge","floor":6,"key":"SMITH"},{"data":"Self Repair","floor":8,"key":"SMITH"},{"data":"Redo","floor":12,"key":"SMITH"},{"data":"Echo Form","floor":15,"key":"SMITH"},{"floor":23,"key":"REST"},{"floor":25,"key":"REST"},{"floor":27,"key":"DIG"},{"floor":32,"key":"REST"},{"floor":40,"key":"DIG"},{"floor":42,"key":"REST"}],"circlet_count":0,"master_deck":["Strike_B","Strike_B","Defend_B","Defend_B+1","Defend_B","Defend_B","Zap+1","Dualcast","Self Repair+1","Sunder","BasicCrystalCard","Static Discharge+1","Fusion","Cold Snap","Glacier","Redo+1","Cold Snap","Echo Form+1","Creative AI","BasicCrystalCard","Hello World+1","Capacitor","Consume","Barrage","Tempest+1","Chaos","Hello World","Reinforced Body","Heatsinks","ReplaySolidLightProjector+1","ReplayRNGCard","Panic Button+1","Leap+1","Go for the Eyes+1","Storm+1"],"relics":["Cracked Core","Garlic","Art of War","Pen Nib","Shovel","ReplayTheSpireMod:DimensionalGlitch","Lee\u0027s Waffle","War Paint","Nuclear Battery","Bronze Scales","OrangePellets","Strawberry","Golden Egg","Toxic Egg 2"],"acts_visited":["Exordium","TheCity","TheBeyond"],"potions_floor_usage":[13,16,18,19,22,30,30,31,39,41,44],"damage_taken":[{"damage":3,"enemies":"2 Louse","floor":1,"turns":3},{"damage":5,"enemies":"Small Slimes","floor":3,"turns":4},{"damage":10,"enemies":"Jaw Worm","floor":4,"turns":4},{"damage":11,"enemies":"Red Slaver","floor":5,"turns":4},{"damage":23,"enemies":"3 Sentries","floor":7,"turns":6},{"damage":0,"enemies":"Gremlin Gang","floor":10,"turns":7},{"damage":0,"enemies":"Exordium Thugs","floor":11,"turns":5},{"damage":4,"enemies":"Gremlin Nob","floor":13,"turns":3},{"damage":19,"enemies":"Fading Forest","floor":16,"turns":11},{"damage":11,"enemies":"3 Byrds","floor":18,"turns":7},{"damage":5,"enemies":"Shell Parasite","floor":19,"turns":11},{"damage":68,"enemies":"Chosen and Byrds","floor":22,"turns":9},{"damage":34,"enemies":"Snake Plant","floor":24,"turns":5},{"damage":32,"enemies":"Snecko","floor":28,"turns":6},{"damage":9,"enemies":"Centurion and Healer","floor":29,"turns":10},{"damage":9,"enemies":"Sentry and Sphere","floor":30,"turns":8},{"damage":6,"enemies":"Snake Plant","floor":31,"turns":6},{"damage":13,"enemies":"Champ","floor":33,"turns":11},{"damage":22,"enemies":"Orb Walker","floor":35,"turns":6},{"damage":5,"enemies":"3 Darklings","floor":37,"turns":10},{"damage":3,"enemies":"Spire Growth","floor":39,"turns":10},{"damage":74,"enemies":"Reptomancer","floor":41,"turns":8},{"damage":54,"enemies":"2 Orb Walkers","floor":44,"turns":4}],"seed_played":"-4782560510967978695","potions_obtained":[{"floor":4,"key":"FearPotion"},{"floor":5,"key":"Fire Potion"},{"floor":10,"key":"sneckomod:MuddlingPotion"},{"floor":16,"key":"Fire Potion"},{"floor":18,"key":"SpeedPotion"},{"floor":28,"key":"Weak Potion"},{"floor":29,"key":"Doom Potion"},{"floor":30,"key":"Weak Potion"},{"floor":37,"key":"LifebloodPotion"},{"floor":39,"key":"Energy Potion"},{"floor":41,"key":"Explosive Potion"}],"is_trial":false,"path_per_floor":["M","?","M","M","M","R","E","R","T","M","M","R","E","?","R","B",null,"M","M","$","?","M","R","M","R","T","R","M","M","M","M","R","B",null,"M","$","M","?","M","R","E","R","T","?"],"character_chosen":"DEFECT","items_purchased":["Self Repair","Capacitor","Lee\u0027s Waffle","Consume","Barrage","Tempest+1","Bronze Scales","OrangePellets"],"campfire_rested":4,"item_purchase_floors":[0,20,20,20,20,20,36,36],"current_hp_per_floor":[75,75,75,72,68,68,52,52,52,62,72,72,68,50,50,41,75,74,75,82,82,19,43,19,43,43,43,11,12,8,7,31,18,82,60,60,65,65,72,79,15,41,41,0,0],"gold":68,"neow_bonus":"","is_daily":false,"chose_seed":false,"campfire_upgraded":4,"win_rate":0.0,"timestamp":1612109798,"path_taken":["M","?","M","M","M","R","E","R","T","M","M","R","E","?","R","BOSS","M","M","$","?","?","R","M","R","T","R","M","?","M","M","R","BOSS","M","$","M","?","M","R","E","R","T","?"],"items_purchased_type":["Card","Card","Relic","Card","Card","Card","Relic","Relic"],"build_version":"2020-12-22","purchased_purges":0,"victory":false,"max_hp_per_floor":[75,75,75,75,75,75,75,75,75,75,75,75,75,75,75,75,75,75,75,82,82,82,82,82,82,82,82,82,82,82,82,82,82,82,82,82,82,82,82,89,89,89,89,89,89],"card_choices":[{"not_picked":["Go for the Eyes","Beam Cell"],"picked":"BasicCrystalCard","floor":1},{"not_picked":["Coolheaded","Go for the Eyes"],"picked":"Static Discharge","floor":3},{"not_picked":["BasicCrystalCard","Stack"],"picked":"Fusion","floor":4},{"not_picked":["BasicCrystalCard","Beam Cell"],"picked":"Cold Snap","floor":5},{"not_picked":["Skim","Turbo"],"picked":"Glacier","floor":7},{"not_picked":["Cold Snap","Steam"],"picked":"Redo","floor":10},{"not_picked":["Steam","Coolheaded"],"picked":"Cold Snap","floor":11},{"not_picked":["Compile Driver","Rainbow"],"picked":"Echo Form","floor":13},{"not_picked":["ReplayTheSpireMod:Fabricate Wheel","Rainbow"],"picked":"Creative AI","floor":16},{"not_picked":["Turbo","ReplayTheSpireMod:GoodbyeWorld"],"picked":"BasicCrystalCard","floor":18},{"not_picked":["White Noise","BasicCrystalCard"],"picked":"Hello World+1","floor":19},{"not_picked":["Rebound","Barrage"],"picked":"Hello World","floor":22},{"not_picked":["Ball Lightning","Barrage+1","Blizzard"],"picked":"SKIP","floor":24},{"not_picked":["ReplayTheSpireMod:GoodbyeWorld","BasicCrystalCard+1"],"picked":"Reinforced Body","floor":28},{"not_picked":["Cold Snap+1","Ball Lightning"],"picked":"Heatsinks","floor":29},{"not_picked":["Rip and Tear","Hologram","Barrage"],"picked":"SKIP","floor":30},{"not_picked":["Rebound","ReplayGash"],"picked":"ReplaySolidLightProjector+1","floor":31},{"not_picked":["ReplayTheSpireMod:Fabricate Wheel","Seek"],"picked":"ReplayRNGCard","floor":33},{"not_picked":["Undo+1","Ball Lightning+1"],"picked":"Panic Button+1","floor":35},{"not_picked":["Coolheaded+1","Beam Cell+1"],"picked":"Leap+1","floor":37},{"not_picked":["Steam","Thunder Strike"],"picked":"Go for the Eyes+1","floor":39},{"not_picked":["Thunder Strike","Panic Button"],"picked":"Storm+1","floor":41}],"player_experience":272503,"relics_obtained":[{"floor":7,"key":"Garlic"},{"floor":9,"key":"Art of War"},{"floor":13,"key":"Pen Nib"},{"floor":27,"key":"War Paint"},{"floor":40,"key":"Strawberry"},{"floor":41,"key":"Golden Egg"},{"floor":43,"key":"Toxic Egg 2"}],"event_choices":[{"damage_healed":0,"gold_gain":69,"player_choice":"Gained Gold","damage_taken":0,"max_hp_gain":0,"max_hp_loss":0,"event_name":"Golden Wing","floor":2,"gold_loss":0},{"damage_healed":0,"gold_gain":0,"player_choice":"Success","damage_taken":18,"relics_obtained":["Shovel"],"max_hp_gain":0,"max_hp_loss":0,"event_name":"Scrap Ooze","floor":14,"gold_loss":0},{"damage_healed":0,"gold_gain":0,"cards_transformed":["Strike_B"],"player_choice":"Transformed","damage_taken":0,"max_hp_gain":0,"max_hp_loss":0,"event_name":"Transmorgrifier","floor":21,"gold_loss":0,"cards_obtained":["Chaos"]},{"cards_removed":["Strike_B"],"damage_healed":0,"gold_gain":0,"player_choice":"Removed Attack","damage_taken":0,"max_hp_gain":0,"max_hp_loss":0,"event_name":"Falling","floor":38,"gold_loss":0},{"damage_healed":0,"gold_gain":0,"player_choice":"Fight","damage_taken":0,"max_hp_gain":0,"max_hp_loss":0,"event_name":"Mysterious Sphere","floor":44,"gold_loss":0}],"is_beta":false,"boss_relics":[{"not_picked":["Ectoplasm","Velvet Choker"],"picked":"ReplayTheSpireMod:DimensionalGlitch"},{"not_picked":["Black Star","Busted Crown"],"picked":"Nuclear Battery"}],"items_purged_floors":[],"is_endless":false,"potions_floor_spawned":[4,5,10,16,18,28,29,30,37,39,41],"killed_by":"2 Orb Walkers","ascension_level":0}}