{"host":"nsc6ozq3atyrdr3m","time":1612093703,"event":{"mods":["BaseMod","Colored Map","Minty Spire (QoL Compilation)"],"gold_per_floor":[114,124,141,96,115,115,115,115,115,131,131,60,88,106,106,208,208,222,222,65,65,77,112,112,122,122,122,135,36,36,48,48,151,151,171,182,232,232,232,232,232,232],"floor_reached":41,"language":"FRA","playtime":1226,"items_purged":[],"score":575,"play_id":"c0b10184-26ac-44f1-9ccd-95577d0d3c9b","local_time":"20210131124823","is_ascension_mode":true,"campfire_choices":[{"data":"All Out Attack","floor":6,"key":"SMITH"},{"data":"Endless Agony","floor":8,"key":"SMITH"},{"floor":15,"key":"REST"},{"data":"Phantasmal Killer","floor":24,"key":"SMITH"},{"floor":27,"key":"REST"},{"floor":32,"key":"REST"},{"floor":40,"key":"REST"}],"circlet_count":0,"master_deck":["Strike_G","Strike_G","Strike_G","Strike_G","Strike_G","Defend_G","Defend_G","Defend_G","Defend_G","Defend_G","Survivor","Neutralize","Blade Dance","All Out Attack+1","Blade Dance","Endless Agony+1","Dagger Spray+1","PiercingWail","Unload","Phantasmal Killer+1","Die Die Die","Outmaneuver+1","Accuracy","Leg Sweep","Blur","Blur+1","Wraith Form v2","Sucker Punch+1"],"relics":["Ring of the Snake","Omamori","Mercury Hourglass","Runic Pyramid","HornCleat","Bag of Preparation","Sozu","Calipers"],"acts_visited":["Exordium","TheCity","TheBeyond"],"potions_floor_usage":[13,16,23,33,36],"damage_taken":[{"damage":1,"enemies":"Cultist","floor":1,"turns":4},{"damage":0,"enemies":"Jaw Worm","floor":2,"turns":4},{"damage":9,"enemies":"2 Louse","floor":3,"turns":2},{"damage":3,"enemies":"Exordium Thugs","floor":5,"turns":3},{"damage":0,"enemies":"2 Fungi Beasts","floor":10,"turns":1},{"damage":16,"enemies":"3 Sentries","floor":13,"turns":6},{"damage":0,"enemies":"Looter","floor":14,"turns":2},{"damage":7,"enemies":"Hexaghost","floor":16,"turns":9},{"damage":6,"enemies":"Spheric Guardian","floor":18,"turns":3},{"damage":2,"enemies":"Shell Parasite","floor":22,"turns":3},{"damage":1,"enemies":"Gremlin Leader","floor":23,"turns":7},{"damage":0,"enemies":"Cultist and Chosen","floor":25,"turns":3},{"damage":14,"enemies":"Centurion and Healer","floor":28,"turns":4},{"damage":17,"enemies":"Shelled Parasite and Fungi","floor":31,"turns":5},{"damage":51,"enemies":"Collector","floor":33,"turns":8},{"damage":15,"enemies":"3 Shapes","floor":35,"turns":5},{"damage":5,"enemies":"3 Darklings","floor":36,"turns":2},{"damage":16,"enemies":"Mind Bloom Boss Battle","floor":37,"turns":8},{"damage":116,"enemies":"Giant Head","floor":41,"turns":10}],"seed_played":"1379258359609357524","potions_obtained":[{"floor":1,"key":"SpeedPotion"},{"floor":3,"key":"SneckoOil"},{"floor":5,"key":"Energy Potion"},{"floor":23,"key":"SteroidPotion"},{"floor":25,"key":"Swift Potion"}],"is_trial":false,"path_per_floor":["M","M","M","$","M","R","?","R","T","M","?","$","E","M","R","B",null,"M","?","$","?","M","E","R","M","T","R","M","$","?","M","R","B",null,"M","M","?","?","?","R","E"],"character_chosen":"THE_SILENT","items_purchased":["Dagger Spray","Unload","Accuracy","Leg Sweep","FairyPotion"],"campfire_rested":4,"item_purchase_floors":[4,12,20,20,29],"current_hp_per_floor":[62,62,53,53,50,50,50,50,50,50,50,50,34,34,55,48,65,59,59,59,46,44,43,43,43,43,65,51,51,51,34,56,5,58,43,38,22,22,22,44,0,0],"gold":232,"neow_bonus":"THREE_CARDS","is_daily":false,"chose_seed":false,"campfire_upgraded":3,"win_rate":0.0,"timestamp":1612093703,"path_taken":["M","?","M","?","M","R","?","R","T","?","?","?","E","M","R","BOSS","M","?","$","?","M","E","R","M","T","R","?","$","?","M","R","BOSS","M","M","?","?","?","R","E"],"items_purchased_type":["Card","Card","Card","Card","Potion"],"build_version":"2020-12-22","purchased_purges":0,"victory":false,"max_hp_per_floor":[70,70,70,70,70,70,70,70,70,70,70,70,70,70,70,70,70,70,70,70,75,75,75,75,75,75,75,75,75,75,75,75,75,75,75,75,75,75,75,75,75,75],"card_choices":[{"not_picked":["Heel Hook","Outmaneuver"],"picked":"Blade Dance","floor":0},{"not_picked":["Outmaneuver","Poisoned Stab"],"picked":"All Out Attack","floor":1},{"not_picked":["Poisoned Stab","Skewer"],"picked":"Blade Dance","floor":2},{"not_picked":["Cloak And Dagger","Skewer"],"picked":"Endless Agony","floor":3},{"not_picked":["Distraction","Blade Dance","Bane"],"picked":"SKIP","floor":5},{"not_picked":["Underhanded Strike","Riddle With Holes"],"picked":"PiercingWail","floor":10},{"not_picked":["Poisoned Stab","Outmaneuver"],"picked":"Phantasmal Killer","floor":13},{"not_picked":["Choke","Bane","Slice"],"picked":"SKIP","floor":14},{"not_picked":["Night Terror","After Image"],"picked":"Die Die Die","floor":16},{"not_picked":["Prepared","Masterful Stab"],"picked":"Outmaneuver+1","floor":18},{"not_picked":["Distraction","Flying Knee","Setup"],"picked":"SKIP","floor":22},{"not_picked":["Dagger Spray","Bouncing Flask","Leg Sweep"],"picked":"SKIP","floor":23},{"not_picked":["Heel Hook","Deflect"],"picked":"Blur","floor":25},{"not_picked":["Dodge and Roll","Poisoned Stab"],"picked":"Blur+1","floor":28},{"not_picked":["Bouncing Flask","Flechettes+1","Dagger Throw"],"picked":"SKIP","floor":31},{"not_picked":["Venomology","Night Terror"],"picked":"Wraith Form v2","floor":33},{"not_picked":["Flechettes+1","Masterful Stab"],"picked":"Sucker Punch+1","floor":35},{"not_picked":["Dagger Spray","Tactician","Deadly Poison"],"picked":"SKIP","floor":36}],"player_experience":364074,"relics_obtained":[{"floor":9,"key":"Omamori"},{"floor":13,"key":"Mercury Hourglass"},{"floor":23,"key":"HornCleat"},{"floor":26,"key":"Bag of Preparation"},{"floor":37,"key":"Calipers"}],"event_choices":[{"damage_healed":0,"gold_gain":0,"player_choice":"Upgraded","damage_taken":0,"max_hp_gain":0,"max_hp_loss":0,"event_name":"Upgrade Shrine","floor":7,"gold_loss":0,"cards_upgraded":["Dagger Spray"]},{"damage_healed":0,"gold_gain":0,"player_choice":"Ignored","damage_taken":0,"max_hp_gain":0,"max_hp_loss":0,"event_name":"Liars Game","floor":11,"gold_loss":0},{"damage_healed":0,"gold_gain":0,"player_choice":"Ignored","damage_taken":0,"max_hp_gain":0,"max_hp_loss":0,"event_name":"Beggar","floor":19,"gold_loss":0},{"damage_healed":0,"gold_gain":0,"player_choice":"Shed Blood","damage_taken":18,"max_hp_gain":5,"max_hp_loss":0,"event_name":"Forgotten Altar","floor":21,"gold_loss":0},{"damage_healed":0,"gold_gain":0,"player_choice":"Ignored","damage_taken":0,"max_hp_gain":0,"max_hp_loss":0,"event_name":"Vampires","floor":30,"gold_loss":0},{"damage_healed":0,"gold_gain":0,"player_choice":"Fight","damage_taken":0,"max_hp_gain":0,"max_hp_loss":0,"event_name":"MindBloom","floor":37,"gold_loss":0},{"damage_healed":0,"gold_gain":0,"player_choice":"Ignored","damage_taken":0,"max_hp_gain":0,"max_hp_loss":0,"event_name":"Tomb of Lord Red Mask","floor":38,"gold_loss":0},{"damage_healed":0,"gold_gain":0,"player_choice":"Got Potions","damage_taken":0,"max_hp_gain":0,"max_hp_loss":0,"event_name":"Lab","floor":39,"gold_loss":0}],"is_beta":false,"boss_relics":[{"not_picked":["Coffee Dripper","Tiny House"],"picked":"Runic Pyramid"},{"not_picked":["Calling Bell","HoveringKite"],"picked":"Sozu"}],"items_purged_floors":[],"is_endless":false,"potions_floor_spawned":[1,3,5,23,25,36,37],"killed_by":"Giant Head","ascension_level":8}}