{"host":"twbuyd87gsx4w7po","time":1612100307,"event":{"mods":["BaseMod","Downfall","Minty Spire (QoL Compilation)","StSLib"],"gold_per_floor":[99,114,132,146,146,246,546,546,565,600,500,263,263,280,296,397,397,397,408,419,431,245,263,263,59,83,124,24,58,80,121,147,255,255,255,268,288,300,350,545,568,583,583,615,626,626,304,321,341,341],"floor_reached":51,"language":"ENG","playtime":4051,"items_purged":["downfall:Malfunctioning","hexamod:Strike","Parasite","hexamod:Strike+1","downfall:Icky"],"score":859,"play_id":"d7c13450-fb79-4fb5-8db3-b31c9030c4d4","local_time":"20210131053827","is_ascension_mode":true,"campfire_choices":[{"data":"hexamod:Float","floor":1.0,"key":"SMITH"},{"data":"hexamod:Firestarter","floor":8.0,"key":"SMITH"},{"data":"hexamod:ThermalTransfer","floor":11.0,"key":"SMITH"},{"data":"hexamod:SoulSteal","floor":13.0,"key":"SMITH"},{"data":"hexamod:ForkedFlame","floor":18.0,"key":"SMITH"},{"floor":28.0,"key":"REST"},{"floor":35.0,"key":"RECALL"}],"circlet_count":0,"master_deck":["hexamod:Strike+1","hexamod:Strike+1","hexamod:Defend+1","hexamod:Defend+1","hexamod:Defend+1","hexamod:Defend+1","hexamod:Sear+1","hexamod:Float+1","hexamod:Firestarter+1","hexamod:RadiantFlame+1","hexamod:AdvancingGuard+1","hexamod:HeatMetal+1","hexamod:SoulSteal+1","hexamod:ThermalTransfer+1","hexamod:ThermalTransfer+1","hexamod:SixthSeal","hexamod:ExtraCrispy+1","hexamod:PhantomFireball+1","hexamod:ForkedFlame+1","hexamod:HexaLevel+1","hexamod:BurningTouch+1","hexamod:FastForward+1","hexamod:Hexaguard+1","hexamod:Incineration+1","hexamod:GhostflameBarrier+1","hexamod:SearingWound+1","hexamod:Hexaguard+1","hexamod:Incineration+1","hexamod:ApocalypticArmor+1","hexamod:HeatShield+1","hexamod:Hexaguard+1"],"relics":["hexamod:SpiritBrand","Potion Belt","Old Coin","Mummified Hand","downfall:HeartBlessingGreen","DollysMirror","Cursed Key","Ice Cream","downfall:HeartBlessingBlue","HornCleat","War Paint","hexamod:TheBrokenSeal","Runic Pyramid","Prayer Wheel","Orichalcum","Bottled Tornado","Vajra"],"acts_visited":["Exordium","TheCity","TheBeyond"],"potions_floor_usage":[38,48,50],"damage_taken":[{"damage":1.0,"enemies":"Jaw Worm","floor":2.0,"turns":3.0},{"damage":3.0,"enemies":"2 Louse","floor":3.0,"turns":2.0},{"damage":0.0,"enemies":"Cultist","floor":4.0,"turns":3.0},{"damage":32.0,"enemies":"downfall:LadyInBlue","floor":6.0,"turns":9.0},{"damage":2.0,"enemies":"Blue Slaver","floor":9.0,"turns":3.0},{"damage":8.0,"enemies":"Lagavulin","floor":10.0,"turns":6.0},{"damage":10.0,"enemies":"downfall:FleeingMerchant","floor":12.0,"turns":4.0},{"damage":0.0,"enemies":"Large Slime","floor":14.0,"turns":5.0},{"damage":10.0,"enemies":"Exordium Thugs","floor":15.0,"turns":4.0},{"damage":25.0,"enemies":"IC_STATUS_ARCHETYPE","floor":16.0,"turns":7.0},{"damage":0.0,"enemies":"Chosen","floor":19.0,"turns":4.0},{"damage":3.0,"enemies":"3 Cultists","floor":20.0,"turns":5.0},{"damage":0.0,"enemies":"Cultist and Chosen","floor":21.0,"turns":3.0},{"damage":1.0,"enemies":"downfall:FleeingMerchant","floor":22.0,"turns":4.0},{"damage":0.0,"enemies":"Snecko","floor":23.0,"turns":3.0},{"damage":0.0,"enemies":"downfall:FleeingMerchant","floor":25.0,"turns":4.0},{"damage":5.0,"enemies":"Centurion and Healer","floor":26.0,"turns":5.0},{"damage":27.0,"enemies":"Slavers","floor":27.0,"turns":5.0},{"damage":17.0,"enemies":"Gremlin Leader","floor":29.0,"turns":5.0},{"damage":0.0,"enemies":"3 Cultists","floor":30.0,"turns":4.0},{"damage":0.0,"enemies":"Book of Stabbing","floor":31.0,"turns":3.0},{"damage":10.0,"enemies":"Snake Plant","floor":32.0,"turns":4.0},{"damage":29.0,"enemies":"SI_MIRROR_ARCHETYPE","floor":33.0,"turns":8.0},{"damage":0.0,"enemies":"3 Darklings","floor":36.0,"turns":5.0},{"damage":0,"enemies":"3 Shapes","floor":37,"turns":4},{"damage":0,"enemies":"Sphere and 2 Shapes","floor":38,"turns":3},{"damage":5,"enemies":"Sphere and 2 Shapes","floor":39,"turns":5},{"damage":0,"enemies":"downfall:FleeingMerchant","floor":40,"turns":3},{"damage":0,"enemies":"Spire Growth","floor":42,"turns":3},{"damage":0,"enemies":"Giant Head","floor":44,"turns":7},{"damage":0,"enemies":"3 Darklings","floor":45,"turns":4},{"damage":6,"enemies":"Writhing Mass","floor":48,"turns":5},{"damage":13,"enemies":"Transient","floor":49,"turns":5},{"damage":3,"enemies":"DF_ARCHETYPE_ORBS","floor":50,"turns":5}],"seed_played":"-8045944339906948811","potions_obtained":[{"floor":2.0,"key":"bronze:BurnAndBuffPotion"},{"floor":6.0,"key":"FairyPotion"},{"floor":6.0,"key":"Explosive Potion"},{"floor":6.0,"key":"FearPotion"},{"floor":9.0,"key":"hexamod:SoulburnPotion"},{"floor":15.0,"key":"Dexterity Potion"},{"floor":20.0,"key":"Strength Potion"},{"floor":21.0,"key":"SteroidPotion"},{"floor":23.0,"key":"GamblersBrew"},{"floor":29.0,"key":"Weak Potion"},{"floor":33.0,"key":"hexamod:InfernoChargePotion"},{"floor":33.0,"key":"hexamod:DoubleChargePotion"},{"floor":37,"key":"Swift Potion"},{"floor":38,"key":"LiquidMemories"},{"floor":44,"key":"Weak Potion"},{"floor":48,"key":"Energy Potion"},{"floor":49,"key":"ColorlessPotion"}],"is_trial":false,"path_per_floor":["R","M","M","M","?","?","T","R","M","E","R","$","R","M","M","B",null,"R","M","M","M","$","M","T","$","M","E","R","E","M","E","M","B",null,"R","M","M","M","?","$","T","M","?","E","M","?","$","M","M","B",null],"character_chosen":"THE_SPIRIT","items_purchased":["DollysMirror","hexamod:Incineration","hexamod:GhostflameBarrier","Vajra"],"campfire_rested":1,"item_purchase_floors":[12,22,25,47],"current_hp_per_floor":[70,69,66,66,66,34,34,34,32,24,24,14,14,14,4,5,70,70,70,70,70,70,70,70,67,67,47,77,67,67,74,71,87,87,87,87,87,87,82,82,82,82,82,82,82,82,82,76,63,60],"gold":341,"neow_bonus":"THREE_CARDS","is_daily":false,"chose_seed":false,"campfire_upgraded":5,"win_rate":0.0,"timestamp":1612100307,"path_taken":["R","M","M","M","?","?","T","R","M","E","R","$","R","?","M","BOSS","R","M","M","M","$","M","T","$","M","E","R","E","M","E","M","BOSS","R","M","M","M","?","$","T","M","?","E","M","?","$","M","M","BOSS"],"items_purchased_type":["Relic","Card","Card","Relic"],"build_version":"2020-12-22","purchased_purges":5,"victory":true,"max_hp_per_floor":[70,70,70,70,70,70,70,70,70,70,70,70,70,70,70,70,70,70,70,70,70,70,70,70,67,67,67,77,77,77,77,77,87,87,87,87,87,87,87,87,87,87,87,87,87,87,87,87,87,87],"card_choices":[{"not_picked":["hexamod:ThermalTransfer","hexamod:GhostflameBarrier"],"picked":"hexamod:Firestarter","floor":0.0},{"not_picked":["hexamod:SpectralSpark","hexamod:BurningTouch"],"picked":"hexamod:RadiantFlame","floor":2.0},{"not_picked":["hexamod:Firestarter","hexamod:SpectersWail"],"picked":"hexamod:AdvancingGuard","floor":3.0},{"not_picked":["hexamod:GhostShield","hexamod:ShieldOfDarkness"],"picked":"hexamod:HeatMetal","floor":4.0},{"not_picked":["hexamod:BacktrackSmack","hexamod:StepThrough"],"picked":"hexamod:ThirdSeal","floor":6.0},{"not_picked":["hexamod:HeatMetal","hexamod:BacktrackSmack"],"picked":"hexamod:SoulSteal","floor":9.0},{"not_picked":["hexamod:GhostShield","hexamod:FastForward"],"picked":"hexamod:SixthSeal","floor":10.0},{"not_picked":["hexamod:HeatMetal","hexamod:FlamesFromBeyond"],"picked":"hexamod:ThermalTransfer","floor":10.0},{"not_picked":["hexamod:InspiringFlames","hexamod:BacktrackSmack"],"picked":"hexamod:ThermalTransfer","floor":12.0},{"not_picked":["hexamod:ThirdSeal","hexamod:RetreatToShadows","hexamod:GhostOfSpireFuture"],"picked":"SKIP","floor":12.0},{"not_picked":["hexamod:GhostShield","hexamod:GhostLash"],"picked":"hexamod:ExtraCrispy","floor":14.0},{"not_picked":["hexamod:PhantomCloak","hexamod:ThermalTransfer","hexamod:StepThrough"],"picked":"SKIP","floor":14.0},{"not_picked":["hexamod:ExtraCrispy","hexamod:ParanormalForm"],"picked":"hexamod:PhantomFireball","floor":15.0},{"not_picked":["hexamod:TimeWarp","hexamod:ParanormalForm"],"picked":"hexamod:ForkedFlame","floor":16.0},{"not_picked":["hexamod:UnlimitedPower","hexamod:TimeWarp"],"picked":"hexamod:HexaLevel","floor":16.0},{"not_picked":["hexamod:EtherealExpedition","hexamod:FlamesFromBeyond"],"picked":"hexamod:FirstSeal","floor":19.0},{"not_picked":["hexamod:ExtraCrispy","hexamod:RetreatToShadows"],"picked":"hexamod:BurningTouch","floor":19.0},{"not_picked":["hexamod:FlamesFromBeyond","hexamod:Firestarter"],"picked":"hexamod:FastForward","floor":20.0},{"not_picked":["hexamod:Incineration","hexamod:SpectersWail+1"],"picked":"hexamod:Hexaguard","floor":20.0},{"not_picked":["hexamod:SpectralAdrenaline+1","hexamod:ShieldOfDarkness","hexamod:GhostLash+1"],"picked":"SKIP","floor":21.0},{"not_picked":["hexamod:SpectralAdrenaline+1","hexamod:ShieldOfDarkness","hexamod:GhostLash+1"],"picked":"SKIP","floor":21.0},{"not_picked":["hexamod:SuperheatedStrike","hexamod:Again"],"picked":"hexamod:SecondSeal","floor":22.0},{"not_picked":["hexamod:SuperheatedStrike+1","hexamod:Firestarter+1","hexamod:ThirdSeal"],"picked":"SKIP","floor":22.0},{"not_picked":["hexamod:ShieldOfDarkness","hexamod:GhostOfSpireFuture","hexamod:RainOfEmbers"],"picked":"SKIP","floor":23.0},{"not_picked":["hexamod:Firestarter","hexamod:NightmareStrike+1","hexamod:NightmareGuise"],"picked":"SKIP","floor":25.0},{"not_picked":["hexamod:AdvancingGuard","hexamod:FirstSeal"],"picked":"hexamod:SearingWound","floor":26.0},{"not_picked":["hexamod:GhostShield","hexamod:RadiantFlame"],"picked":"hexamod:Hexaguard+1","floor":26.0},{"not_picked":["hexamod:SkipABeat","hexamod:SpectersWail","hexamod:ThirdSeal"],"picked":"SKIP","floor":27.0},{"not_picked":["hexamod:HauntingEcho","hexamod:Hexaguard","hexamod:RetreatToShadows"],"picked":"SKIP","floor":27.0},{"not_picked":["hexamod:SuperheatedStrike+1","hexamod:SecondSeal","hexamod:AdvancingGuard"],"picked":"SKIP","floor":29.0},{"not_picked":["hexamod:FirstSeal","hexamod:BacktrackSmack","hexamod:GhostflameBarrier"],"picked":"SKIP","floor":29.0},{"not_picked":["hexamod:Hexaguard","hexamod:RainOfEmbers+1"],"picked":"hexamod:Incineration+1","floor":30.0},{"not_picked":["hexamod:GhostLash","hexamod:HeatCrush+1"],"picked":"hexamod:FifthSeal","floor":30.0},{"not_picked":["hexamod:DynamicBlow","hexamod:BacktrackSmack","hexamod:SecondSeal"],"picked":"SKIP","floor":31.0},{"not_picked":["hexamod:SecondSeal","hexamod:FirstSeal"],"picked":"hexamod:FourthSeal","floor":32.0},{"not_picked":["hexamod:NightmareGuise","hexamod:Hexaguard","hexamod:ChargedBarrage+1"],"picked":"SKIP","floor":32.0},{"not_picked":["hexamod:GhostOfSpirePast","hexamod:HauntingEcho+1","hexamod:GhostflameBarrier"],"picked":"SKIP","floor":32.0},{"not_picked":["hexamod:SixthSeal","hexamod:GiftsFromTheDead"],"picked":"hexamod:ApocalypticArmor","floor":33.0},{"not_picked":["hexamod:HeatMetal","hexamod:EmpoweredFlame+1"],"picked":"hexamod:HeatShield+1","floor":36.0},{"not_picked":["hexamod:SuperheatedStrike","hexamod:GhostShield+1","hexamod:HeatMetal+1"],"picked":"SKIP","floor":37},{"not_picked":["hexamod:Hexaguard+1","hexamod:ThermalTransfer+1","hexamod:GhostShield+1"],"picked":"SKIP","floor":38},{"not_picked":["hexamod:HauntingEcho","hexamod:FirstSeal","hexamod:CatchUp+1"],"picked":"SKIP","floor":40},{"not_picked":["hexamod:GhostflameInferno","hexamod:HeatShield","hexamod:GhostLash+1"],"picked":"SKIP","floor":42},{"not_picked":["hexamod:FirstSeal","hexamod:PowerFromBeyond","hexamod:SpectralAdrenaline+1"],"picked":"SKIP","floor":42},{"not_picked":["hexamod:GhostflameBarrier","hexamod:EtherealExpedition+1"],"picked":"hexamod:Hexaguard+1","floor":44},{"not_picked":["hexamod:SpectersWail+1","hexamod:ThermalTransfer","hexamod:Hexaguard+1"],"picked":"SKIP","floor":45},{"not_picked":["hexamod:NightmareGuise+1","hexamod:Rewind","hexamod:ShieldOfDarkness"],"picked":"SKIP","floor":45},{"not_picked":["hexamod:AdvancingGuard+1","hexamod:GhostLash","hexamod:FastForward+1"],"picked":"SKIP","floor":48},{"not_picked":["hexamod:AdvancingGuard+1","hexamod:GhostLash+1","hexamod:Firestarter"],"picked":"SKIP","floor":48},{"not_picked":["hexamod:NecessarySacrifice+1","hexamod:NightmareStrike+1","hexamod:RecurringNightmare"],"picked":"SKIP","floor":49},{"not_picked":["hexamod:FlamesFromBeyond+1","hexamod:HauntingEcho+1","hexamod:Firestarter"],"picked":"SKIP","floor":49}],"player_experience":398161,"relics_obtained":[{"floor":6.0,"key":"Potion Belt"},{"floor":7.0,"key":"Old Coin"},{"floor":10.0,"key":"Mummified Hand"},{"floor":27.0,"key":"Ice Cream"},{"floor":29.0,"key":"HornCleat"},{"floor":31.0,"key":"War Paint"},{"floor":39,"key":"Prayer Wheel"},{"floor":41,"key":"Orichalcum"},{"floor":44,"key":"Bottled Tornado"}],"event_choices":[],"is_beta":false,"boss_relics":[{"not_picked":["Calling Bell","Pandora\u0027s Box"],"picked":"Cursed Key"},{"not_picked":["Sozu","Tiny House"],"picked":"Runic Pyramid"}],"items_purged_floors":[12,22,25,40,47],"is_endless":false,"potions_floor_spawned":[2,9,15,20,21,23,29,33,37,38,44,48,49],"ascension_level":1}}