{"host":"osk2oboccoevp2u5","time":1612123513,"event":{"mods":["AchievementEnabler","Alarm Clock","BaseMod","Colored Powertips","Disable Question Mark Monsters","Displayed Cursed Tome","Key Reminder","Minty Spire (QoL Compilation)","Potion Indicator Mod","Quick Restart","Rare Cards Sparkle","Reorder Act Four","Slumbering Mod","StSLib","Useless Jewels Mod"],"gold_per_floor":[115,32,32,32,42,42,15,35,35,45,45,45,45,61,61,61,61],"floor_reached":16,"language":"ENG","playtime":1129,"items_purged":[],"score":90,"play_id":"0d615388-80a1-4ce5-bb36-5b74747fc1f3","local_time":"20210131160513","is_ascension_mode":false,"campfire_choices":[{"floor":6.0,"key":"REST"},{"data":"theSlumbering:StrongFooting","floor":12.0,"key":"SMITH"},{"data":"theSlumbering:DreamEater","floor":15.0,"key":"SMITH"}],"circlet_count":0,"master_deck":["theSlumbering:BasicAttack","theSlumbering:BasicAttack","theSlumbering:Strike_Slumbering","theSlumbering:Strike_Slumbering","theSlumbering:BasicDefend","theSlumbering:BasicDefend","theSlumbering:Defend_Slumbering","theSlumbering:Defend_Slumbering","theSlumbering:Invigorate","theSlumbering:DreamEater+1","theSlumbering:Redemption","theSlumbering:StrongFooting+1","theSlumbering:Jab","theSlumbering:HeavySleeper","theSlumbering:FullGuard","theSlumbering:RecklessBlow","theSlumbering:RecklessBlow","theSlumbering:RecklessBlow"],"relics":["theSlumbering:SlumberingRelic","theSlumbering:HeartCollector","Ornamental Fan","Tiny Chest"],"acts_visited":["Exordium"],"potions_floor_usage":[16,16],"damage_taken":[{"damage":0.0,"enemies":"2 Louse","floor":1.0,"turns":4.0},{"damage":0.0,"enemies":"Small Slimes","floor":5.0,"turns":3.0},{"damage":0.0,"enemies":"Jaw Worm","floor":8.0,"turns":5.0},{"damage":0.0,"enemies":"theSlumbering:NewSlaver","floor":10.0,"turns":2.0},{"damage":0.0,"enemies":"3 Louse","floor":14.0,"turns":2.0},{"damage":0,"enemies":"The Guardian","floor":16,"turns":8}],"seed_played":"-1678960901772067100","potions_obtained":[{"floor":1.0,"key":"DistilledChaos"},{"floor":10.0,"key":"EssenceOfSteel"},{"floor":14.0,"key":"SteroidPotion"}],"is_trial":false,"path_per_floor":["M","$","?","?","M","R","$","M","T","M","?","R","?","M","R","B"],"character_chosen":"THE_SLUMBERING","items_purchased":["theSlumbering:HeavySleeper","theSlumbering:FullGuard","theSlumbering:RecklessBlow"],"campfire_rested":1,"item_purchase_floors":[2,2,7],"current_hp_per_floor":[1,1,1,1,1,1,1,1,1,1,1,1,1,1,1,1,1],"gold":61,"neow_bonus":"THREE_CARDS","is_daily":false,"chose_seed":false,"campfire_upgraded":2,"win_rate":0.0,"timestamp":1612123513,"path_taken":["M","$","?","?","M","R","?","M","T","?","?","R","?","M","R","BOSS"],"items_purchased_type":["Card","Card","Card"],"build_version":"2020-12-22","purchased_purges":0,"victory":false,"max_hp_per_floor":[1,1,1,1,1,1,1,1,1,1,1,1,1,1,1,1,1],"card_choices":[{"not_picked":["theSlumbering:Yawn","theSlumbering:Jab"],"picked":"theSlumbering:StrongFooting","floor":0.0},{"not_picked":["theSlumbering:Yawn","theSlumbering:NocturnalGifts"],"picked":"theSlumbering:Jab","floor":1.0},{"not_picked":["theSlumbering:InducedMemory","theSlumbering:Stretch","theSlumbering:InducedDream"],"picked":"SKIP","floor":5.0},{"not_picked":["theSlumbering:ReadyGaze","theSlumbering:WakeUpSlap"],"picked":"theSlumbering:RecklessBlow","floor":8.0},{"not_picked":["theSlumbering:NocturnalGifts","theSlumbering:Stretch"],"picked":"theSlumbering:RestedPunch","floor":10.0},{"not_picked":["theSlumbering:AlarmedStrike","theSlumbering:FocusedStrike"],"picked":"theSlumbering:RecklessBlow","floor":14.0}],"player_experience":921797,"relics_obtained":[{"floor":9.0,"key":"Ornamental Fan"}],"event_choices":[{"damage_healed":0.0,"max_hp_gain":0.0,"max_hp_loss":0.0,"gold_gain":0.0,"event_name":"Big Fish","player_choice":"Banana","floor":3.0,"gold_loss":0.0,"damage_taken":0.0},{"damage_healed":0.0,"max_hp_gain":0.0,"max_hp_loss":0.0,"gold_gain":0.0,"event_name":"Liars Game","player_choice":"Ignored","floor":4.0,"gold_loss":0.0,"damage_taken":0.0},{"damage_healed":0.0,"max_hp_gain":0.0,"max_hp_loss":0.0,"gold_gain":0.0,"event_name":"Scrap Ooze","player_choice":"Success","floor":11.0,"gold_loss":0.0,"damage_taken":0.0,"relics_obtained":["Tiny Chest"]},{"cards_removed":["theSlumbering:RestedPunch"],"damage_healed":0.0,"max_hp_gain":0.0,"max_hp_loss":0.0,"gold_gain":0.0,"event_name":"Bonfire Elementals","player_choice":"Offered Uncommon","floor":13.0,"gold_loss":0.0,"damage_taken":0.0}],"is_beta":false,"boss_relics":[],"items_purged_floors":[],"is_endless":false,"potions_floor_spawned":[1,10,14],"killed_by":"The Guardian","ascension_level":0}}