{"host":"vyjryxuuuxkt43k4","time":1612095570,"event":{"mods":["AchievementEnabler","BaseMod","Colored Map","DeckTracker","Keyboard Shortcuts","Minty Spire (QoL Compilation)","Permanent Neow","Quick Restart","Rare Cards Sparkle","StSLib","SuperFastMode","everything is the same but u backflip on backflip"],"gold_per_floor":[116,128,128,128,141,141,176,176,176,189,213,213,257,276,276,406,406,425,440,440,710,74,74,74,74],"floor_reached":24,"language":"KOR","playtime":945,"items_purged":["Strike_P"],"score":335,"play_id":"18dc8edb-8a3c-413d-9393-9905a5fbe12d","local_time":"20210131211930","is_ascension_mode":true,"campfire_choices":[{"data":"Eruption","floor":6.0,"key":"SMITH"},{"floor":12.0,"key":"REST"},{"data":"SignatureMove","floor":15.0,"key":"SMITH"},{"floor":23.0,"key":"REST"}],"circlet_count":0,"master_deck":["Strike_P","Strike_P","Defend_P","Defend_P","Defend_P","Defend_P","Eruption+1","Vigilance","Finesse","Halt","Meditate","EmptyBody","Adaptation","SignatureMove+1","Establishment","PathToVictory+1","EmptyFist+1","MentalFortress"],"relics":["PureWater","Golden Idol","Unceasing Top","Blue Candle","Kunai","Sozu","Happy Flower","Frozen Egg 2","Frozen Eye"],"acts_visited":["Exordium","TheCity"],"potions_floor_usage":[24],"damage_taken":[{"damage":0.0,"enemies":"Cultist","floor":1.0,"turns":3.0},{"damage":1.0,"enemies":"2 Louse","floor":2.0,"turns":3.0},{"damage":1.0,"enemies":"Jaw Worm","floor":5.0,"turns":5.0},{"damage":21.0,"enemies":"3 Sentries","floor":7.0,"turns":12.0},{"damage":9.0,"enemies":"Large Slime","floor":10.0,"turns":3.0},{"damage":8.0,"enemies":"Exordium Thugs","floor":11.0,"turns":3.0},{"damage":0.0,"enemies":"Gremlin Nob","floor":13.0,"turns":3.0},{"damage":0.0,"enemies":"Blue Slaver","floor":14.0,"turns":1.0},{"damage":18.0,"enemies":"The Guardian","floor":16.0,"turns":9.0},{"damage":9.0,"enemies":"Shell Parasite","floor":18.0,"turns":4.0},{"damage":17.0,"enemies":"Spheric Guardian","floor":19.0,"turns":5.0},{"damage":29,"enemies":"Snake Plant","floor":24,"turns":2}],"seed_played":"8573866301515736273","potions_obtained":[{"floor":2.0,"key":"GamblersBrew"},{"floor":5.0,"key":"Strength Potion"},{"floor":7.0,"key":"GamblersBrew"},{"floor":14.0,"key":"SpeedPotion"}],"is_trial":false,"path_per_floor":["M","M","?","?","M","R","E","?","T","M","M","R","E","M","R","B",null,"M","M","?","?","$","R","M"],"character_chosen":"WATCHER","items_purchased":["Happy Flower","Frozen Egg 2","Frozen Eye"],"campfire_rested":2,"item_purchase_floors":[22,22,22],"current_hp_per_floor":[65,64,57,57,56,56,35,40,40,31,23,44,44,44,44,26,61,52,35,35,8,8,29,0,0],"gold":74,"neow_bonus":"RANDOM_COLORLESS","is_daily":false,"chose_seed":false,"campfire_upgraded":2,"win_rate":0.0,"timestamp":1612095570,"path_taken":["M","?","?","?","M","R","E","?","T","?","M","R","E","M","R","BOSS","M","M","?","?","$","R","M"],"items_purchased_type":["Relic","Relic","Relic"],"build_version":"2020-12-22","purchased_purges":1,"victory":false,"max_hp_per_floor":[72,72,72,67,67,67,67,72,72,72,72,72,72,72,72,72,72,72,72,72,72,72,72,72,72],"card_choices":[{"not_picked":["Madness","Mind Blast"],"picked":"Finesse","floor":0.0},{"not_picked":["FlurryOfBlows","WreathOfFlame"],"picked":"Halt","floor":1.0},{"not_picked":["Protect","EmptyBody"],"picked":"Meditate","floor":2.0},{"not_picked":["Indignation","WaveOfTheHand","ThirdEye"],"picked":"SKIP","floor":5.0},{"not_picked":["Wireheading","Conclude"],"picked":"EmptyBody","floor":7.0},{"not_picked":["TalkToTheHand","Protect"],"picked":"Adaptation","floor":10.0},{"not_picked":["PathToVictory","Evaluate","JustLucky"],"picked":"SKIP","floor":11.0},{"not_picked":["Alpha","Conclude"],"picked":"SignatureMove","floor":13.0},{"not_picked":["Conclude","EmptyBody","FlyingSleeves"],"picked":"SKIP","floor":14.0},{"not_picked":["Judgement","DeusExMachina"],"picked":"Establishment","floor":16.0},{"not_picked":["Prostrate","FlyingSleeves"],"picked":"PathToVictory+1","floor":18.0},{"not_picked":["JustLucky+1","Halt"],"picked":"EmptyFist+1","floor":19.0}],"player_experience":541118,"relics_obtained":[{"floor":7.0,"key":"Unceasing Top"},{"floor":9.0,"key":"Blue Candle"},{"floor":13.0,"key":"Kunai"}],"event_choices":[{"cards_removed":["Strike_P"],"damage_healed":0.0,"max_hp_gain":0.0,"max_hp_loss":0.0,"gold_gain":0.0,"event_name":"Golden Wing","player_choice":"Card Removal","floor":3.0,"gold_loss":0.0,"damage_taken":7.0},{"damage_healed":0.0,"max_hp_gain":0.0,"max_hp_loss":5.0,"gold_gain":0.0,"event_name":"Golden Idol","player_choice":"Lose Max HP","floor":4.0,"gold_loss":0.0,"damage_taken":0.0,"relics_obtained":["Golden Idol"]},{"damage_healed":0.0,"max_hp_gain":5.0,"max_hp_loss":0.0,"gold_gain":0.0,"event_name":"Big Fish","player_choice":"Donut","floor":8.0,"gold_loss":0.0,"damage_taken":0.0},{"damage_healed":0.0,"max_hp_gain":0.0,"max_hp_loss":0.0,"gold_gain":0.0,"event_name":"The Library","player_choice":"Read","floor":20.0,"gold_loss":0.0,"damage_taken":0.0,"cards_obtained":["MentalFortress"]},{"damage_healed":0.0,"max_hp_gain":0.0,"max_hp_loss":0.0,"gold_gain":270.0,"event_name":"Knowing Skull","player_choice":"GOLD GOLD GOLD ","floor":21.0,"potions_obtained":[],"gold_loss":0.0,"damage_taken":27.0,"cards_obtained":[]}],"is_beta":false,"boss_relics":[{"not_picked":["SacredBark","Astrolabe"],"picked":"Sozu"}],"items_purged_floors":[22],"is_endless":false,"potions_floor_spawned":[2,5,7,14,18],"killed_by":"Snake Plant","ascension_level":9}}