{"host":"liwj66r6jjqhm4vi","time":1612128604,"event":{"mods":["BaseMod","Colored Map","Minty Spire (QoL Compilation)","Replay The Spire","StSLib","The Marked"],"gold_per_floor":[118,193,193,210,229,229,245,245,245],"floor_reached":8,"language":"ENG","playtime":433,"items_purged":[],"score":48,"play_id":"32156bea-c3b5-444f-a960-1b9516e2e414","local_time":"20210131163004","is_ascension_mode":false,"campfire_choices":[{"data":"theMarked:AttractMetal","floor":6,"key":"SMITH"}],"circlet_count":0,"master_deck":["theMarked:Strike","theMarked:Strike","theMarked:Strike","theMarked:Strike","theMarked:Strike","theMarked:Defend","theMarked:Defend","theMarked:Defend","theMarked:Defend","theMarked:SoldierOfQuellstein","theMarked:ParalyzingBlade","theMarked:AttractMetal+1","theMarked:Generate","theMarked:Overcharge"],"relics":["theMarked:ArtifactOfAir"],"acts_visited":["Exordium"],"potions_floor_usage":[7,8],"damage_taken":[{"damage":0,"enemies":"Small Slimes","floor":1,"turns":3},{"damage":0,"enemies":"2 Louse","floor":4,"turns":2},{"damage":2,"enemies":"Cultist","floor":5,"turns":4},{"damage":17,"enemies":"Exordium Thugs","floor":7,"turns":8},{"damage":48,"enemies":"3 Sentries","floor":8,"turns":9}],"seed_played":"-8795670977046826081","potions_obtained":[{"floor":5,"key":"theMarked:SummonPotion"},{"floor":7,"key":"Toxic Potion"}],"is_trial":false,"path_per_floor":["M","?","?","M","M","R","M","E"],"character_chosen":"THE_DEFAULT","items_purchased":[],"campfire_rested":0,"item_purchase_floors":[],"current_hp_per_floor":[77,66,66,66,64,64,47,0,0],"gold":245,"neow_bonus":"TEN_PERCENT_HP_BONUS","is_daily":false,"chose_seed":false,"campfire_upgraded":1,"win_rate":0.0,"timestamp":1612128604,"path_taken":["M","?","?","M","M","R","?","E"],"items_purchased_type":[],"build_version":"2020-12-22","purchased_purges":0,"victory":false,"max_hp_per_floor":[77,77,77,77,77,77,77,77,77],"card_choices":[{"not_picked":["theMarked:WastefulAttack","theMarked:Improvise"],"picked":"theMarked:ParalyzingBlade","floor":1},{"not_picked":["theMarked:ElectricStrings","theMarked:ChannelForce"],"picked":"theMarked:AttractMetal","floor":4},{"not_picked":["theMarked:Convert","theMarked:Electrocute"],"picked":"theMarked:Generate","floor":5},{"not_picked":["theMarked:Memento","theMarked:HeightenedSenses"],"picked":"theMarked:Overcharge","floor":7}],"player_experience":148641,"relics_obtained":[],"event_choices":[{"damage_healed":0,"gold_gain":75,"player_choice":"Gather Gold","damage_taken":11,"max_hp_gain":0,"max_hp_loss":0,"event_name":"World of Goop","floor":2,"gold_loss":0},{"damage_healed":0,"gold_gain":0,"player_choice":"Ignored","damage_taken":0,"max_hp_gain":0,"max_hp_loss":0,"event_name":"NoteForYourself","floor":3,"gold_loss":0}],"is_beta":false,"boss_relics":[],"items_purged_floors":[],"is_endless":false,"potions_floor_spawned":[5,7],"killed_by":"3 Sentries","ascension_level":0}}