{"host":"mb4cisebr17g8vuz","time":1612126674,"event":{"mods":["AchievementEnabler","BaseMod","Colored Map","Colored Powertips","Minty Spire (QoL Compilation)","SuperFastMode","everything is the same but u backflip on backflip"],"gold_per_floor":[12,30,30,49,67,67,92,106,130,156,169,169,182,202,202,278,278,292,292,311,326,54,80,80,80],"floor_reached":24,"language":"KOR","playtime":994,"items_purged":["Strike_R"],"score":441,"play_id":"90a43172-52ad-4a67-b3e2-f4529348b451","local_time":"20210131155754","is_ascension_mode":true,"campfire_choices":[{"data":"Apotheosis","floor":6.0,"key":"SMITH"},{"floor":15.0,"key":"REST"}],"circlet_count":0,"master_deck":["AscendersBane","Strike_R","Strike_R","Strike_R","Defend_R","Defend_R","Defend_R","Defend_R","Bash","Apotheosis+1","Blood for Blood","Pommel Strike","Shrug It Off","Dropkick","Dual Wield","Battle Trance","Double Tap","Shrug It Off","Purity","Rage"],"relics":["Burning Blood","Akabeko","Vajra","Ancient Tea Set","Runic Pyramid","Membership Card","MealTicket"],"acts_visited":["Exordium","TheCity"],"potions_floor_usage":[],"damage_taken":[{"damage":4.0,"enemies":"2 Louse","floor":1.0,"turns":3.0},{"damage":4.0,"enemies":"Jaw Worm","floor":2.0,"turns":4.0},{"damage":4.0,"enemies":"Small Slimes","floor":4.0,"turns":4.0},{"damage":23.0,"enemies":"3 Louse","floor":5.0,"turns":4.0},{"damage":6.0,"enemies":"Gremlin Nob","floor":7.0,"turns":3.0},{"damage":17.0,"enemies":"Large Slime","floor":8.0,"turns":4.0},{"damage":21.0,"enemies":"Lagavulin","floor":10.0,"turns":6.0},{"damage":0.0,"enemies":"Exordium Wildlife","floor":11.0,"turns":4.0},{"damage":13.0,"enemies":"Blue Slaver","floor":13.0,"turns":2.0},{"damage":1.0,"enemies":"Red Slaver","floor":14.0,"turns":4.0},{"damage":18.0,"enemies":"Hexaghost","floor":16.0,"turns":5.0},{"damage":8.0,"enemies":"Chosen","floor":18.0,"turns":5.0},{"damage":14.0,"enemies":"Shell Parasite","floor":20.0,"turns":3.0},{"damage":40.0,"enemies":"3 Cultists","floor":21.0,"turns":5.0},{"damage":23,"enemies":"Gremlin Leader","floor":23,"turns":5},{"damage":12,"enemies":"Chosen and Byrds","floor":24,"turns":3}],"seed_played":"-1085824140621628552","potions_obtained":[{"floor":4.0,"key":"FearPotion"},{"floor":5.0,"key":"AttackPotion"},{"floor":8.0,"key":"EntropicBrew"},{"floor":13.0,"key":"Weak Potion"},{"floor":20.0,"key":"Explosive Potion"},{"floor":21.0,"key":"ElixirPotion"}],"is_trial":false,"path_per_floor":["M","M","?","M","M","R","E","M","T","E","M","?","M","M","R","B",null,"M","?","M","M","$","E","M"],"character_chosen":"IRONCLAD","items_purchased":["Membership Card","Purity","Rage"],"campfire_rested":1,"item_purchase_floors":[22,22,22],"current_hp_per_floor":[70,72,72,74,57,57,57,46,46,31,37,42,35,40,64,52,73,71,71,63,29,29,12,0,0],"gold":80,"neow_bonus":"RANDOM_COLORLESS_2","is_daily":false,"chose_seed":false,"campfire_upgraded":1,"win_rate":0.0,"timestamp":1612126674,"path_taken":["M","M","?","M","M","R","E","M","T","E","M","?","M","M","R","BOSS","M","?","M","M","$","E","M"],"items_purchased_type":["Relic","Card","Card"],"build_version":"2020-12-22","purchased_purges":1,"victory":false,"max_hp_per_floor":[75,75,75,75,75,75,75,75,75,75,75,80,80,80,80,80,80,80,80,80,80,80,80,80,80],"card_choices":[{"not_picked":["Violence","The Bomb"],"picked":"Apotheosis","floor":0.0},{"not_picked":["Entrench","Flame Barrier"],"picked":"Blood for Blood","floor":1.0},{"not_picked":["Wild Strike","Whirlwind"],"picked":"Pommel Strike","floor":2.0},{"not_picked":["Ghostly Armor","Second Wind"],"picked":"Shrug It Off","floor":4.0},{"not_picked":["Flex","Anger"],"picked":"Dropkick","floor":5.0},{"not_picked":["Armaments","Searing Blow"],"picked":"Dual Wield","floor":7.0},{"not_picked":["Twin Strike","Armaments","Clash"],"picked":"SKIP","floor":8.0},{"not_picked":["Brutality","Body Slam","Hemokinesis"],"picked":"SKIP","floor":10.0},{"not_picked":["Reckless Charge","Sword Boomerang","Pummel"],"picked":"SKIP","floor":11.0},{"not_picked":["Armaments","Feel No Pain"],"picked":"Battle Trance","floor":13.0},{"not_picked":["Clash","Sword Boomerang","Combust"],"picked":"SKIP","floor":14.0},{"not_picked":["Brutality","Feed"],"picked":"Double Tap","floor":16.0},{"not_picked":["Pommel Strike","Sever Soul","Wild Strike"],"picked":"SKIP","floor":18.0},{"not_picked":["Seeing Red","Wild Strike","Perfected Strike+1"],"picked":"SKIP","floor":20.0},{"not_picked":["Dual Wield","Disarm"],"picked":"Shrug It Off","floor":21.0},{"not_picked":["Thunderclap","Havoc","Wild Strike"],"picked":"SKIP","floor":23}],"player_experience":243145,"relics_obtained":[{"floor":7.0,"key":"Akabeko"},{"floor":9.0,"key":"Vajra"},{"floor":10.0,"key":"Ancient Tea Set"},{"floor":23,"key":"MealTicket"}],"event_choices":[{"cards_removed":["Strike_R"],"damage_healed":0.0,"max_hp_gain":0.0,"max_hp_loss":0.0,"gold_gain":0.0,"event_name":"Living Wall","player_choice":"Forget","floor":3.0,"gold_loss":0.0,"damage_taken":0.0},{"damage_healed":0.0,"max_hp_gain":5.0,"max_hp_loss":0.0,"gold_gain":0.0,"event_name":"Big Fish","player_choice":"Donut","floor":12.0,"gold_loss":0.0,"damage_taken":0.0},{"damage_healed":0.0,"max_hp_gain":0.0,"max_hp_loss":0.0,"gold_gain":0.0,"event_name":"Vampires","player_choice":"Ignored","floor":19.0,"gold_loss":0.0,"damage_taken":0.0}],"is_beta":false,"boss_relics":[{"not_picked":["Pandora\u0027s Box","Astrolabe"],"picked":"Runic Pyramid"}],"items_purged_floors":[22],"is_endless":false,"potions_floor_spawned":[4,5,8,13,20,21],"killed_by":"Chosen and Byrds","ascension_level":18}}