{"host":"dhbelfuuk89i1oub","time":1612064458,"event":{"mods":["AchievementEnabler","Act Like it!","Aspiration","BaseMod","Better Match","Better Third Choice","BetterRewards","ChefMod","Colored Map","Colored Powertips","Conspire","Elementarium","Energized Spire","Friendly Minions","GifTheSpireLib","Googly Eyes","Halation","Hallownest","Hermit","Infinite Spire","Jedi Mod","Minty Spire (QoL Compilation)","Pale of the Ancients","RatMod","Relic Filter","Relic Sorter","Replay The Spire","Spikes Relics","Spire Arcade","StSLib","Stuff the Spire","The Animator","The Cursed","The Judge","The Jungle","The Senshi","The Witch"],"gold_per_floor":[109,9,9,102,120,148,167,180,180,180,191,205,215,232,232,330,380,361,361,216,216,234,234,114,130,153,171,187,212,212,212,212,316,316,326,58,72,72,83,83,110,110,135,146,146,161,161,161,161,161,161,161,33,33,33,33],"floor_reached":55,"language":"ENG","playtime":7566,"items_purged":["chefmod:IceCreamCone","chefmod:Defend","chefmod:Defend"],"score":846,"play_id":"e7643c2d-ccd8-4416-bd19-251f638278c2","local_time":"20210131114058","is_ascension_mode":false,"campfire_choices":[{"data":"chefmod:Fillet","floor":10.0,"key":"SMITH"},{"floor":15.0,"key":"REST"},{"data":"chefmod:Gelato","floor":23.0,"key":"SMITH"},{"floor":30.0,"key":"REST"},{"data":"Ghostly","floor":32.0,"key":"SMITH"},{"data":"chefmod:FreezeSolid","floor":40.0,"key":"SMITH"},{"data":"chefmod:FreezeSolid","floor":42.0,"key":"SMITH"},{"data":"chefmod:SearedScallops","floor":45.0,"key":"SMITH"},{"data":"chefmod:TodaysSpecial","floor":47,"key":"SMITH"},{"floor":49,"key":"RECALL"},{"data":"chefmod:ZaruSoba","floor":52,"key":"SMITH"},{"data":"ReplayTheSpireMod:Uncanny Aura","floor":54,"key":"SMITH"}],"circlet_count":0,"master_deck":["chefmod:Strike","chefmod:Strike","chefmod:Strike+1","chefmod:Strike+1","chefmod:QuickThaw+1","chefmod:Defend","chefmod:TodaysSpecial+1","chefmod:Defrost","Ghostly+1","chefmod:Gelato+1","chefmod:FireUp","chefmod:Fillet+1","chefmod:Chop","chefmod:DoubleChop","chefmod:TastyDistraction+1","chefmod:RaidPantry+1","chefmod:ZaruSoba+1","chefmod:Granita","chefmod:Cleavers","chefmod:FreezeSolid+1","chefmod:Tenderizer","chefmod:FreezeSolid+1","chefmod:SearedScallops+1","Poisoned Strike","Dark Shackles","ReplayTheSpireMod:Uncanny Aura+1"],"relics":["chefmod:TrustyPot","halation:Komachan","NeowsBlessing","Blood Vial","Singing Bowl","rat:KircheisShard","Tiny House","halation:TwoAmDonut","Guide Book","Orichalcum","Regal Pillow","Art of War","Sandwich","Pen Nib","conspire:DecoderRing","ReplayTheSpireMod:ShopPack"],"acts_visited":["Exordium","TheCity","Hallownest:KingdomsEdge","TheEnding"],"potions_floor_usage":[55,55],"damage_taken":[{"damage":0.0,"enemies":"2 Louse","floor":1.0,"turns":2.0},{"damage":0.0,"enemies":"conspire:RoseBush","floor":5.0,"turns":1.0},{"damage":0.0,"enemies":"Gremlin Nob","floor":6.0,"turns":1.0},{"damage":14.0,"enemies":"infinitespire:Voidling","floor":7.0,"turns":7.0},{"damage":4.0,"enemies":"Gremlin Gang","floor":8.0,"turns":6.0},{"damage":8.0,"enemies":"Red Slaver","floor":11.0,"turns":5.0},{"damage":0.0,"enemies":"Blue Slaver","floor":12.0,"turns":3.0},{"damage":10.0,"enemies":"Exordium Thugs","floor":13.0,"turns":5.0},{"damage":0.0,"enemies":"Exordium Wildlife","floor":14.0,"turns":3.0},{"damage":39.0,"enemies":"Slime Boss","floor":16.0,"turns":10.0},{"damage":14.0,"enemies":"2 Thieves","floor":18.0,"turns":4.0},{"damage":10.0,"enemies":"Spheric Guardian","floor":22.0,"turns":4.0},{"damage":22.0,"enemies":"Snake Plant","floor":25.0,"turns":4.0},{"damage":0.0,"enemies":"Snecko","floor":27.0,"turns":6.0},{"damage":0.0,"enemies":"Centurion and Healer","floor":28.0,"turns":8.0},{"damage":54.0,"enemies":"Slavers","floor":29.0,"turns":8.0},{"damage":4.0,"enemies":"conspire:MysteriousRune","floor":33.0,"turns":9.0},{"damage":19.0,"enemies":"Hallownest:Shield_Heavy","floor":35.0,"turns":5.0},{"damage":0.0,"enemies":"Hallownest:3_Siblings","floor":37.0,"turns":7.0},{"damage":4.0,"enemies":"Hallownest:2_Wandering_and_1_Horned","floor":39.0,"turns":8.0},{"damage":0.0,"enemies":"Hallownest:eliteHiveKnight","floor":41.0,"turns":7.0},{"damage":4.0,"enemies":"Hallownest:2_Great","floor":44.0,"turns":5.0},{"damage":0,"enemies":"Hallownest:Shield_Sturdy","floor":46,"turns":5},{"damage":0,"enemies":"Hallownest:Radiance","floor":50,"turns":8},{"damage":110,"enemies":"The Heart","floor":55,"turns":11}],"seed_played":"2666069834292313721","potions_obtained":[{"floor":5.0,"key":"DistilledChaos"},{"floor":11.0,"key":"Weak Potion"},{"floor":13.0,"key":"jedi:hoardpotion"},{"floor":17.0,"key":"jedi:mysterypotion"},{"floor":22.0,"key":"chefmod:PotionOfPlenty"},{"floor":37.0,"key":"Swift Potion"},{"floor":46,"key":"jedi:StrikingPotion"}],"is_trial":false,"path_per_floor":["M","?","?","?","M","E","M","M","T","R","M","M","M","M","R","B",null,"M","AVR","$","?","M","R","$","M","T","M","M","E","R","T","R","B",null,"M","$","M","?","M","R","E","R","T","M","R","M","R","AVR","R","B",null,"R","$","R","B"],"character_chosen":"THE_CHEF","items_purchased":["Guide Book","chefmod:Granita","chefmod:Cleavers","chefmod:FreezeSolid","Pen Nib","ReplayTheSpireMod:ShopPack"],"campfire_rested":2,"item_purchase_floors":[20,24,24,36,36,53],"current_hp_per_floor":[76,76,61,42,44,48,38,36,36,36,30,34,26,28,52,15,89,77,77,77,77,71,71,71,51,51,55,59,7,51,51,51,51,99,82,82,90,103,101,101,105,105,105,103,103,107,107,107,107,109,109,109,109,109,0,0],"gold":33,"neow_bonus":"THREE_ENEMY_KILL","is_daily":false,"chose_seed":false,"campfire_upgraded":9,"win_rate":0.0,"timestamp":1612064458,"path_taken":["M","?","?","?","M","E","M","?","T","R","?","?","M","M","R","BOSS","M","AVR","?","?","M","R","$","M","T","M","?","E","R","?","R","BOSS","M","$","M","?","M","R","E","R","T","M","R","M","R","AVR","R","BOSS","R","$","R","BOSS"],"items_purchased_type":["Relic","Card","Card","Card","Relic","Relic"],"build_version":"2020-12-22","purchased_purges":3,"victory":false,"max_hp_per_floor":[76,76,76,76,76,78,80,80,80,80,80,82,82,82,82,82,89,91,91,91,91,93,93,93,93,93,95,97,97,97,97,97,99,99,101,101,103,103,105,105,107,107,107,107,107,109,109,109,109,109,109,109,109,109,109,109],"card_choices":[{"not_picked":["chefmod:BaoBuns","chefmod:Gelato"],"picked":"chefmod:Defrost","floor":1.0},{"not_picked":["chefmod:ZaruSoba","chefmod:Defrost"],"picked":"chefmod:Gelato","floor":4.0},{"not_picked":["chefmod:DinoKale","chefmod:IcePick"],"picked":"chefmod:FireUp","floor":4.0},{"not_picked":["chefmod:Defrost","chefmod:Omelette"],"picked":"chefmod:IceCreamCone","floor":5.0},{"not_picked":["chefmod:ColdSteel","chefmod:Fillet","chefmod:ZaruSoba"],"picked":"Singing Bowl","floor":6.0},{"not_picked":["chefmod:Canape","chefmod:Gelato","chefmod:TonkotsuRamen"],"picked":"Singing Bowl","floor":7.0},{"not_picked":["chefmod:BaoBuns","chefmod:OldCookbook"],"picked":"chefmod:Fillet","floor":8.0},{"not_picked":["chefmod:ZaruSoba","chefmod:Granita"],"picked":"chefmod:Chop","floor":11.0},{"not_picked":["chefmod:IcePick","chefmod:Defrost","chefmod:BaoBuns"],"picked":"Singing Bowl","floor":12.0},{"not_picked":["chefmod:BaoBuns","chefmod:DimSum"],"picked":"chefmod:DoubleChop","floor":13.0},{"not_picked":["chefmod:KnifeFlurry","chefmod:Puree"],"picked":"chefmod:TastyDistraction","floor":14.0},{"not_picked":["chefmod:DeathByChocolate","chefmod:Mince"],"picked":"chefmod:RaidPantry","floor":16.0},{"not_picked":["chefmod:Sorbet","chefmod:IcePick","chefmod:QuickChop"],"picked":"Singing Bowl","floor":17.0},{"not_picked":["chefmod:Fillet","chefmod:Chop+1","chefmod:SaveForLater"],"picked":"Singing Bowl","floor":18.0},{"not_picked":["chefmod:HotSoup","chefmod:IcePick","chefmod:ColdSteel"],"picked":"Singing Bowl","floor":22.0},{"not_picked":["chefmod:Flambe+1","chefmod:TastyDistraction"],"picked":"chefmod:FreezeSolid","floor":25.0},{"not_picked":["chefmod:FreshProduce","chefmod:IcePick","chefmod:Sorbet"],"picked":"Singing Bowl","floor":27.0},{"not_picked":["chefmod:MonsterBait+1","chefmod:IcePick","chefmod:DinoKale"],"picked":"Singing Bowl","floor":28.0},{"not_picked":["chefmod:ZaruSoba","chefmod:PotatoGratin+1"],"picked":"chefmod:Tenderizer","floor":29.0},{"not_picked":["chefmod:DeathByChocolate","chefmod:FullCourseMeal","chefmod:TwoForOne"],"picked":"Singing Bowl","floor":33.0},{"not_picked":["chefmod:IcePick+1","chefmod:SliceAndDice+1","chefmod:ZaruSoba+1"],"picked":"Singing Bowl","floor":35.0},{"not_picked":["chefmod:Sorbet+1","chefmod:IcePick+1","chefmod:Defrost"],"picked":"Singing Bowl","floor":37.0},{"not_picked":["chefmod:CayenneCloud","chefmod:IcePick+1","chefmod:DinoKale"],"picked":"Singing Bowl","floor":39.0},{"not_picked":["chefmod:IceCreamCone","chefmod:LocoMoco","chefmod:IcePick"],"picked":"Singing Bowl","floor":41.0},{"not_picked":["chefmod:Gelato","chefmod:GroceryDelivery"],"picked":"chefmod:SearedScallops","floor":44.0},{"not_picked":["chefmod:IceCreamCone+1","chefmod:FullCourseMeal","chefmod:SaveForLater+1"],"picked":"Singing Bowl","floor":46},{"not_picked":["Crow Ritual","jedi:RedIncense"],"picked":"Poisoned Strike","floor":53},{"not_picked":["Secret Technique","ReplayTheSpireMod:Trickstab"],"picked":"Dark Shackles","floor":53},{"not_picked":["Jack Of All Trades","StuffTheSpire:Recharge"],"picked":"ReplayTheSpireMod:Uncanny Aura","floor":53}],"player_experience":1035999,"relics_obtained":[{"floor":4.0,"key":"Blood Vial"},{"floor":6.0,"key":"Singing Bowl"},{"floor":9.0,"key":"rat:KircheisShard"},{"floor":26.0,"key":"Orichalcum"},{"floor":29.0,"key":"Regal Pillow"},{"floor":31.0,"key":"Art of War"},{"floor":41.0,"key":"conspire:DecoderRing"}],"event_choices":[{"damage_healed":0.0,"max_hp_gain":0.0,"max_hp_loss":0.0,"gold_gain":0.0,"event_name":"conspire:LoneGhost","player_choice":"Argue","floor":2.0,"gold_loss":0.0,"damage_taken":0.0},{"damage_healed":76.0,"max_hp_gain":0.0,"max_hp_loss":76.0,"gold_gain":0.0,"event_name":"betterThird:BetterShining","player_choice":"Upgrade","floor":3.0,"gold_loss":0.0,"damage_taken":15.0,"cards_upgraded":["chefmod:Strike","chefmod:QuickThaw"]},{"damage_healed":0.0,"max_hp_gain":0.0,"max_hp_loss":0.0,"gold_gain":0.0,"cards_transformed":["chefmod:Defend"],"event_name":"Transmorgrifier","player_choice":"Transformed","floor":21.0,"gold_loss":0.0,"damage_taken":0.0,"cards_obtained":["chefmod:ZaruSoba"]}],"is_beta":false,"boss_relics":[{"not_picked":["aspiration:RunicSpoon","StuffTheSpire:RunicHypercube"],"picked":"Tiny House"},{"not_picked":["aspiration:WatcherSkillbook","halation:CatFaceCupcake"],"picked":"Sandwich"}],"items_purged_floors":[19,36,48],"is_endless":false,"potions_floor_spawned":[5,11,13,22,28,37,46],"killed_by":"The Heart","ascension_level":0}}