{"host":"l4kdldlios54gl54","time":1612067521,"event":{"mods":["AchievementEnabler","BaseMod","Colored Map","Colored Powertips","Minty Spire (QoL Compilation)","Random Character Button"],"gold_per_floor":[209,75,95,114,134,134,150,11,11,31,31,31,56,70,70,70,70],"floor_reached":16,"language":"ENG","playtime":424,"items_purged":["Strike_R","Strike_R"],"score":208,"play_id":"07ce13f3-4b81-43eb-b2df-65c6190de033","local_time":"20210131053201","is_ascension_mode":true,"campfire_choices":[{"data":"Wild Strike","floor":6,"key":"SMITH"},{"floor":11,"key":"REST"},{"floor":15,"key":"REST"}],"circlet_count":0,"master_deck":["AscendersBane","Strike_R","Strike_R","Strike_R","Defend_R","Defend_R","Defend_R","Defend_R","Bash","Spot Weakness","Wild Strike+1","Heavy Blade","Rampage","Shockwave","Shrug It Off"],"relics":["Burning Blood","Prayer Wheel","Letter Opener","Lizard Tail"],"acts_visited":["Exordium"],"potions_floor_usage":[4,5],"damage_taken":[{"damage":7,"enemies":"Cultist","floor":1,"turns":4},{"damage":11,"enemies":"Small Slimes","floor":3,"turns":3},{"damage":7,"enemies":"Jaw Worm","floor":4,"turns":2},{"damage":10,"enemies":"Red Slaver","floor":5,"turns":3},{"damage":17,"enemies":"3 Louse","floor":7,"turns":3},{"damage":21,"enemies":"Lots of Slimes","floor":10,"turns":4},{"damage":49,"enemies":"Lagavulin","floor":13,"turns":7},{"damage":0,"enemies":"Large Slime","floor":14,"turns":4},{"damage":88,"enemies":"Slime Boss","floor":16,"turns":8}],"seed_played":"7300321622994912013","potions_obtained":[{"floor":1,"key":"Explosive Potion"},{"floor":4,"key":"SkillPotion"},{"floor":10,"key":"GamblersBrew"}],"is_trial":false,"path_per_floor":["M","$","M","M","M","R","M","$","T","M","R","?","E","M","R","B"],"character_chosen":"IRONCLAD","items_purchased":["Wild Strike","Rampage"],"campfire_rested":2,"item_purchase_floors":[2,8],"current_hp_per_floor":[67,67,62,61,57,57,46,46,46,31,53,53,10,16,38,0,0],"gold":70,"neow_bonus":"HUNDRED_GOLD","is_daily":false,"chose_seed":false,"campfire_upgraded":1,"win_rate":0.0,"timestamp":1612067521,"path_taken":["M","$","M","M","?","R","M","$","T","M","R","?","E","M","R","BOSS"],"items_purchased_type":["Card","Card"],"build_version":"2020-12-22","purchased_purges":2,"victory":false,"max_hp_per_floor":[75,75,75,75,75,75,75,75,75,75,75,75,75,75,75,75,75],"card_choices":[{"not_picked":["Feel No Pain","Havoc"],"picked":"Spot Weakness","floor":1},{"not_picked":["Wild Strike","Shrug It Off"],"picked":"Heavy Blade","floor":3},{"not_picked":["Wild Strike","Searing Blow","Flex"],"picked":"SKIP","floor":4},{"not_picked":["Flex","Pommel Strike","Warcry"],"picked":"SKIP","floor":5},{"not_picked":["Wild Strike","Armaments","Sword Boomerang"],"picked":"SKIP","floor":7},{"not_picked":["Clash","Havoc","Berserk"],"picked":"SKIP","floor":10},{"not_picked":["Feel No Pain","Clothesline","Iron Wave"],"picked":"SKIP","floor":10},{"not_picked":["Hemokinesis","Pommel Strike"],"picked":"Shockwave","floor":13},{"not_picked":["True Grit","Spot Weakness"],"picked":"Shrug It Off","floor":14},{"not_picked":["Shockwave","Feed","Combust"],"picked":"SKIP","floor":14}],"player_experience":899962,"relics_obtained":[{"floor":9,"key":"Prayer Wheel"},{"floor":13,"key":"Lizard Tail"}],"event_choices":[{"damage_healed":0,"gold_gain":0,"player_choice":"Gave Potion","damage_taken":0,"relics_obtained":["Letter Opener"],"max_hp_gain":0,"max_hp_loss":0,"event_name":"WeMeetAgain","floor":12,"gold_loss":0}],"is_beta":false,"boss_relics":[],"items_purged_floors":[2,8],"is_endless":false,"potions_floor_spawned":[1,4,10],"killed_by":"Slime Boss","ascension_level":20}}