{"host":"cijhj3091wf4aho3","time":1612073200,"event":{"mods":["BaseMod","Colored Map","Colored Powertips","Downfall","Friendly Minions","GifTheSpireLib","Highlight Path","Minty Spire (QoL Compilation)","Permanent Neow","Random Character Button","Relic Sorter","Relic Stats","StSLib","everything is the same but u backflip on backflip","slay the spire mod where everything is the same but ironclad has a cowboy hat"],"gold_per_floor":[99,113,288,304,304,69,69,69,88,122,22,7,25,55,70,70,70,70],"floor_reached":16,"language":"ENG","playtime":855,"items_purged":["Doubt"],"score":132,"play_id":"3f686901-7ee5-46c0-b76b-6bcb49fa4907","local_time":"20210130220640","is_ascension_mode":true,"campfire_choices":[{"floor":1.0,"key":"RECALL"},{"data":"bronze:AlphaBuild","floor":11,"key":"SMITH"}],"circlet_count":0,"master_deck":["bronze:Strike+1","bronze:Strike","bronze:Strike","bronze:Strike","bronze:Defend","bronze:Defend+1","bronze:Defend","bronze:Defend","bronze:Replicate","bronze:Goto+1","bronze:Return+1","downfall:Malfunctioning","bronze:AlphaBuild+1","bronze:Repair","bronze:FollowUp","bronze:BugBarrage"],"relics":["bronze:BronzeCore","hexamod:BolsterEngine","Pantograph","Smiling Mask","downfall:HeartBlessingRed","Regal Pillow"],"acts_visited":["Exordium"],"potions_floor_usage":[16,16],"damage_taken":[{"damage":0.0,"enemies":"Cultist","floor":2.0,"turns":4.0},{"damage":3.0,"enemies":"Jaw Worm","floor":4.0,"turns":6.0},{"damage":5,"enemies":"downfall:FleeingMerchant","floor":6,"turns":4},{"damage":0,"enemies":"2 Louse","floor":9,"turns":2},{"damage":22,"enemies":"3 Sentries","floor":10,"turns":9},{"damage":0,"enemies":"downfall:FleeingMerchant","floor":12,"turns":4},{"damage":17,"enemies":"Exordium Thugs","floor":13,"turns":5},{"damage":12,"enemies":"Lagavulin","floor":14,"turns":6},{"damage":3,"enemies":"Blue Slaver","floor":15,"turns":3},{"damage":76,"enemies":"SI_SHIV_ARCHETYPE","floor":16,"turns":10}],"seed_played":"7900656765971851011","potions_obtained":[{"floor":2.0,"key":"SneckoOil"},{"floor":4.0,"key":"Guardian:BlockOnCardUsePotion"},{"floor":9,"key":"Dexterity Potion"},{"floor":13,"key":"ColorlessPotion"}],"is_trial":false,"path_per_floor":["R","M","?","M","?","$","T","?","M","E","R","$","M","E","M","B"],"character_chosen":"THE_AUTOMATON","items_purchased":["hexamod:BolsterEngine"],"campfire_rested":0,"item_purchase_floors":[6],"current_hp_per_floor":[70,70,70,67,67,62,62,62,62,47,47,54,44,39,43,0,0,0],"gold":70,"neow_bonus":"UPGRADE_CARD","is_daily":false,"chose_seed":false,"campfire_upgraded":1,"win_rate":0.0,"timestamp":1612073200,"path_taken":["R","M","?","M","?","$","T","?","?","E","R","$","M","E","M","BOSS"],"items_purchased_type":["Relic"],"build_version":"2020-12-22","purchased_purges":1,"victory":false,"max_hp_per_floor":[70,70,70,70,70,70,70,70,70,70,70,70,70,70,70,70,70,70],"relic_stats":{"Regal Pillow":0,"counters":[10,53],"Pantograph":25,"Smiling Mask":0,"obtain_stats":[{"Regal Pillow":14,"bronze:BronzeCore":0,"downfall:HeartBlessingRed":11,"Pantograph":7,"hexamod:BolsterEngine":6,"Smiling Mask":10},{"Regal Pillow":8,"bronze:BronzeCore":0,"downfall:HeartBlessingRed":5,"Pantograph":3,"hexamod:BolsterEngine":3,"Smiling Mask":5},{"Regal Pillow":40,"bronze:BronzeCore":0,"downfall:HeartBlessingRed":25,"Pantograph":14,"hexamod:BolsterEngine":14,"Smiling Mask":25}]},"card_choices":[{"not_picked":["bronze:FollowUp","bronze:DarkDash"],"picked":"bronze:Return","floor":2.0},{"not_picked":["bronze:Branch","bronze:WildBeam","bronze:Overheat"],"picked":"SKIP","floor":4.0},{"not_picked":["bronze:Repulsor","bronze:Invalidate"],"picked":"bronze:AlphaBuild","floor":6},{"not_picked":["bronze:ChosenStrike","bronze:Return"],"picked":"bronze:Repair","floor":9},{"not_picked":["bronze:Overload","bronze:ChosenStrike","bronze:Overheat"],"picked":"SKIP","floor":10},{"not_picked":["bronze:ForceShield","bronze:Allocate"],"picked":"bronze:FollowUp","floor":12},{"not_picked":["bronze:Overheat","bronze:Shield","bronze:Deprecate"],"picked":"SKIP","floor":13},{"not_picked":["bronze:WildBeam","bronze:Return"],"picked":"bronze:BugBarrage","floor":14},{"not_picked":["bronze:Invalidate","bronze:NullPointer","bronze:Turbo"],"picked":"SKIP","floor":15}],"player_experience":546362,"relics_obtained":[{"floor":7,"key":"Pantograph"},{"floor":10,"key":"Smiling Mask"},{"floor":14,"key":"Regal Pillow"}],"event_choices":[],"is_beta":false,"boss_relics":[],"items_purged_floors":[6],"is_endless":false,"potions_floor_spawned":[2,4,9,13,14],"killed_by":"SI_SHIV_ARCHETYPE","ascension_level":4}}