{"host":"6xsbn6ynqlzwllfm","time":1612058850,"event":{"mods":["2.2 Compatiblity","BaseMod","Bestiary","Colored Map","Colored Powertips","Curses Come First","Highlight Path","Keyboard Shortcuts","Minty Spire (QoL Compilation)","Relic Stats","Slay the Relics Exporter","StSLib","SuperFastMode"],"gold_per_floor":[111,121,121,139,139,139,165,165,165,165,183,217,174,12,12,108,108,145,12,12,12,12,12,76,76,144,5,71,128,128,128,128],"floor_reached":31,"language":"ENG","playtime":684,"items_purged":["Strike_P"],"score":518,"play_id":"48ac7d2a-c6ef-4a74-b763-67e48e5ae7da","local_time":"20210130210730","is_ascension_mode":true,"campfire_choices":[{"data":"CrushJoints","floor":6.0,"key":"SMITH"},{"floor":8.0,"key":"REST"},{"data":"Adaptation","floor":10.0,"key":"SMITH"},{"floor":15,"key":"REST"},{"data":"HandOfGreed","floor":23,"key":"SMITH"},{"data":"FollowUp","floor":25,"key":"SMITH"},{"floor":30,"key":"REST"}],"circlet_count":0,"master_deck":["AscendersBane","Defend_P","Defend_P","Defend_P","Defend_P","Eruption","Vigilance","CrushJoints+1","Adaptation+1","HandOfGreed+1","Vault","FollowUp+1","FollowUp","SandsOfTime","BowlingBash+1","Blasphemy"],"relics":["Empty Cage","Anchor","Bottled Tornado","The Courier","Bottled Flame","VioletLotus","Lantern","MutagenicStrength","White Beast Statue","Matryoshka"],"acts_visited":["Exordium","TheCity"],"potions_floor_usage":[12,12,16,29,29,31],"damage_taken":[{"damage":8.0,"enemies":"2 Louse","floor":1.0,"turns":3.0},{"damage":7.0,"enemies":"Small Slimes","floor":2.0,"turns":5.0},{"damage":4.0,"enemies":"Jaw Worm","floor":4.0,"turns":7.0},{"damage":18.0,"enemies":"Gremlin Nob","floor":7.0,"turns":3.0},{"damage":0.0,"enemies":"Large Slime","floor":11.0,"turns":4.0},{"damage":26,"enemies":"Lagavulin","floor":12,"turns":6},{"damage":18,"enemies":"The Guardian","floor":16,"turns":9},{"damage":27,"enemies":"Spheric Guardian","floor":18,"turns":6},{"damage":0,"enemies":"2 Thieves","floor":24,"turns":5},{"damage":12,"enemies":"Centurion and Healer","floor":28,"turns":7},{"damage":12,"enemies":"Book of Stabbing","floor":29,"turns":4},{"damage":99999,"enemies":"Gremlin Leader","floor":31,"turns":2}],"seed_played":"192931398704613696","potions_obtained":[{"floor":7.0,"key":"DuplicationPotion"},{"floor":11.0,"key":"DistilledChaos"},{"floor":12,"key":"BlessingOfTheForge"},{"floor":28,"key":"EntropicBrew"},{"floor":29,"key":"GamblersBrew"}],"is_trial":false,"path_per_floor":["M","M","?","M","?","R","E","R","T","R","M","E","?","$","R","B",null,"M","$","?","?","?","R","M","R","T","$","M","E","R","E"],"character_chosen":"WATCHER","items_purchased":["HandOfGreed","Lantern","FollowUp","SandsOfTime"],"campfire_rested":3,"item_purchase_floors":[14,19,27,27],"current_hp_per_floor":[53,46,39,35,30,30,12,32,32,32,32,6,6,6,26,8,53,26,26,40,40,40,40,40,40,40,40,28,16,36,0,0],"gold":128,"neow_bonus":"BOSS_RELIC","is_daily":false,"chose_seed":false,"campfire_upgraded":4,"win_rate":0.0,"timestamp":1612058850,"path_taken":["M","M","?","M","?","R","E","R","T","R","M","E","?","?","R","BOSS","M","$","?","?","?","R","M","R","T","?","?","E","R","E"],"items_purchased_type":["Card","Relic","Card","Card"],"build_version":"2020-12-22","purchased_purges":1,"victory":false,"max_hp_per_floor":[68,68,68,68,68,68,68,68,68,68,68,68,68,68,68,68,68,68,68,68,68,68,68,68,68,68,68,68,68,68,68,68],"relic_stats":{"counters":[12,60],"VioletLotus":[3],"obtain_stats":[{"Anchor":5,"Bottled Flame":12,"Lantern":19,"Matryoshka":29,"MutagenicStrength":22,"The Courier":9,"VioletLotus":17,"PureWater":0,"Bottled Tornado":7,"Empty Cage":0,"White Beast Statue":26},{"Anchor":3,"Bottled Flame":6,"Lantern":8,"Matryoshka":11,"MutagenicStrength":8,"The Courier":4,"VioletLotus":7,"PureWater":0,"Bottled Tornado":4,"Empty Cage":0,"White Beast Statue":9},{"Anchor":15,"Bottled Flame":28,"Lantern":43,"Matryoshka":59,"MutagenicStrength":43,"The Courier":18,"VioletLotus":37,"PureWater":0,"Bottled Tornado":18,"Empty Cage":0,"White Beast Statue":48}]},"card_choices":[{"not_picked":["ClearTheMind","EmptyBody"],"picked":"CrushJoints","floor":1.0},{"not_picked":["Protect","Halt"],"picked":"Adaptation","floor":2.0},{"not_picked":["EmptyMind","SignatureMove","Collect"],"picked":"SKIP","floor":7.0},{"not_picked":["EmptyMind","Crescendo","JustLucky"],"picked":"SKIP","floor":12},{"not_picked":["Omniscience","Alpha"],"picked":"Vault","floor":16},{"not_picked":["Halt","FlyingSleeves"],"picked":"FollowUp","floor":18},{"not_picked":["Prostrate+1","SashWhip","EmptyBody"],"picked":"SKIP","floor":24},{"not_picked":["ClearTheMind","SashWhip","BowlingBash+1"],"picked":"SKIP","floor":28},{"not_picked":["ClearTheMind","SashWhip"],"picked":"BowlingBash+1","floor":28},{"not_picked":["Tantrum","SandsOfTime"],"picked":"Blasphemy","floor":29}],"player_experience":1314558,"relics_obtained":[{"floor":7.0,"key":"Bottled Tornado"},{"floor":9.0,"key":"The Courier"},{"floor":12,"key":"Bottled Flame"},{"floor":26,"key":"White Beast Statue"},{"floor":29,"key":"Matryoshka"}],"event_choices":[{"cards_removed":["Strike_P"],"damage_healed":0.0,"max_hp_gain":0.0,"max_hp_loss":0.0,"gold_gain":0.0,"event_name":"Golden Wing","player_choice":"Card Removal","floor":3.0,"gold_loss":0.0,"damage_taken":7.0},{"damage_healed":0.0,"max_hp_gain":0.0,"max_hp_loss":0.0,"gold_gain":0.0,"event_name":"Scrap Ooze","player_choice":"Success","floor":5.0,"gold_loss":0.0,"damage_taken":5.0,"relics_obtained":["Anchor"]},{"damage_healed":0,"gold_gain":0,"player_choice":"Left Gold","damage_taken":0,"max_hp_gain":0,"max_hp_loss":0,"event_name":"World of Goop","floor":13,"gold_loss":43},{"damage_healed":14,"gold_gain":0,"player_choice":"Heal","damage_taken":0,"max_hp_gain":0,"max_hp_loss":0,"event_name":"The Library","floor":20,"gold_loss":0},{"damage_healed":0,"gold_gain":0,"player_choice":"Ignored","damage_taken":0,"max_hp_gain":0,"max_hp_loss":0,"event_name":"Cursed Tome","floor":21,"gold_loss":0},{"damage_healed":0,"gold_gain":0,"player_choice":"Inject Mutagens","damage_taken":0,"relics_obtained":["MutagenicStrength"],"max_hp_gain":0,"max_hp_loss":0,"event_name":"Drug Dealer","floor":22,"gold_loss":0}],"is_beta":false,"boss_relics":[{"not_picked":["Ectoplasm","Tiny House"],"picked":"VioletLotus"}],"items_purged_floors":[27],"is_endless":false,"potions_floor_spawned":[7,11,12,28,29],"killed_by":"Gremlin Leader","ascension_level":20}}