{"host":"ul3z8ex5o8l5j7mh","time":1612120248,"event":{"mods":["AchievementEnabler","BaseMod","Colored Map","Colored Powertips","DeckTracker","Minty Spire (QoL Compilation)","SuperFastMode"],"gold_per_floor":[111,111,28,46,58,84,84,116,143,153,4,4,4,14,14,112,112,126,140,152,164,37,62,161,161,210,236,247,262,106,106,106,210,210,228,240,96,96,110,110,129,129,154,164,176,176,33,33,33,33,33,33,33,66,66,66],"floor_reached":55,"language":"ENG","playtime":6024,"items_purged":["Strike_R"],"score":674,"play_id":"a82bb296-a584-4277-9f79-9b64c4824c22","local_time":"20210131201048","is_ascension_mode":false,"campfire_choices":[{"data":"Corruption","floor":7.0,"key":"SMITH"},{"floor":13.0,"key":"RECALL"},{"data":"Dramatic Entrance","floor":15.0,"key":"SMITH"},{"floor":25.0,"key":"REST"},{"floor":32.0,"key":"REST"},{"data":"Double Tap","floor":40.0,"key":"SMITH"},{"data":"Rage","floor":42.0,"key":"SMITH"},{"data":"Mind Blast","floor":49.0,"key":"SMITH"},{"data":"Dark Embrace","floor":52.0,"key":"SMITH"}],"circlet_count":0,"master_deck":["Strike_R","Strike_R","Strike_R","Strike_R","Defend_R","Defend_R","Defend_R","Defend_R","Bash","Anger+1","Dramatic Entrance+1","Clothesline","Corruption+1","Twin Strike","Cleave","Dropkick","Flex","Double Tap+1","Shrug It Off+1","Anger","Rage+1","Iron Wave+1","Shrug It Off","Flame Barrier","Clothesline+1","Searing Blow","Exhume","Carnage+1","Dark Embrace+1","Pommel Strike","Cleave+1","Evolve+1","Exhume","Mind Blast+1","Jack Of All Trades","Havoc"],"relics":["Burning Blood","Turnip","Nunchaku","Blood Vial","Frozen Eye","Mummified Hand","Runic Cube","Bronze Scales","Bag of Preparation","Red Mask","Akabeko","Mercury Hourglass","Mark of Pain","Lantern","Ancient Tea Set","Boot"],"acts_visited":["Exordium","TheCity","TheBeyond","TheEnding"],"potions_floor_usage":[],"damage_taken":[{"damage":6.0,"enemies":"2 Louse","floor":1.0,"turns":3.0},{"damage":0.0,"enemies":"Small Slimes","floor":4.0,"turns":2.0},{"damage":3.0,"enemies":"Jaw Worm","floor":5.0,"turns":3.0},{"damage":21.0,"enemies":"Lagavulin","floor":6.0,"turns":6.0},{"damage":21.0,"enemies":"Gremlin Nob","floor":8.0,"turns":4.0},{"damage":11.0,"enemies":"Red Slaver","floor":10.0,"turns":3.0},{"damage":5.0,"enemies":"3 Louse","floor":14.0,"turns":2.0},{"damage":34.0,"enemies":"Hexaghost","floor":16.0,"turns":9.0},{"damage":17.0,"enemies":"3 Byrds","floor":18.0,"turns":4.0},{"damage":20.0,"enemies":"2 Thieves","floor":19.0,"turns":3.0},{"damage":15.0,"enemies":"Sentry and Sphere","floor":20.0,"turns":4.0},{"damage":18.0,"enemies":"Shelled Parasite and Fungi","floor":21.0,"turns":6.0},{"damage":25.0,"enemies":"Book of Stabbing","floor":23.0,"turns":5.0},{"damage":16.0,"enemies":"Masked Bandits","floor":27.0,"turns":4.0},{"damage":0.0,"enemies":"Snake Plant","floor":28.0,"turns":3.0},{"damage":11.0,"enemies":"Cultist and Chosen","floor":29.0,"turns":7.0},{"damage":61.0,"enemies":"Champ","floor":33.0,"turns":12.0},{"damage":16.0,"enemies":"Orb Walker","floor":35.0,"turns":4.0},{"damage":4.0,"enemies":"3 Darklings","floor":36.0,"turns":3.0},{"damage":29.0,"enemies":"Writhing Mass","floor":39.0,"turns":8.0},{"damage":0.0,"enemies":"Sphere and 2 Shapes","floor":41.0,"turns":1.0},{"damage":0.0,"enemies":"3 Darklings","floor":44.0,"turns":4.0},{"damage":9.0,"enemies":"Transient","floor":45.0,"turns":5.0},{"damage":41.0,"enemies":"Awakened One","floor":50.0,"turns":10.0},{"damage":30.0,"enemies":"Shield and Spear","floor":54.0,"turns":4.0},{"damage":60,"enemies":"The Heart","floor":55,"turns":3}],"seed_played":"-8480204011735864430","potions_obtained":[{"floor":5.0,"key":"Regen Potion"},{"floor":10.0,"key":"Ancient Potion"},{"floor":14.0,"key":"ElixirPotion"},{"floor":19.0,"key":"Fire Potion"},{"floor":23.0,"key":"BloodPotion"},{"floor":28.0,"key":"DuplicationPotion"},{"floor":29.0,"key":"Weak Potion"},{"floor":36.0,"key":"SmokeBomb"},{"floor":44.0,"key":"AttackPotion"},{"floor":45.0,"key":"PowerPotion"}],"is_trial":false,"path_per_floor":["M","?","$","M","M","E","R","E","T","M","$","?","R","M","R","B",null,"M","M","M","M","$","E","?","R","T","?","M","M","$","T","R","B",null,"M","M","$","$","M","R","M","R","T","M","M","?","$","?","R","B",null,"R","$","E","B"],"character_chosen":"IRONCLAD","items_purchased":["Dramatic Entrance","Frozen Eye","Shrug It Off","Akabeko","Lantern","SkillPotion","Jack Of All Trades"],"campfire_rested":2,"item_purchase_floors":[3,11,22,30,37,47,47],"current_hp_per_floor":[56,56,56,62,65,65,65,50,50,47,47,47,47,50,50,24,80,69,57,50,40,40,23,23,47,47,55,63,60,60,60,80,25,80,70,74,74,74,53,53,61,61,61,69,68,68,68,68,68,35,80,80,80,56,0,0],"gold":66,"neow_bonus":"ONE_RARE_RELIC","is_daily":false,"chose_seed":false,"campfire_upgraded":6,"win_rate":0.0,"timestamp":1612120248,"path_taken":["M","?","$","M","M","E","R","E","T","M","$","?","R","M","R","BOSS","M","M","M","M","$","E","?","R","T","?","M","?","$","?","R","BOSS","M","M","?","$","M","R","M","R","T","M","M","?","$","?","R","BOSS","R","$","E","BOSS"],"items_purchased_type":["Card","Relic","Card","Relic","Relic","Potion","Card"],"build_version":"2020-12-22","purchased_purges":1,"victory":false,"max_hp_per_floor":[80,80,80,80,80,80,80,80,80,80,80,80,80,80,80,80,80,80,80,80,80,80,80,80,80,80,80,80,80,80,80,80,80,80,80,80,80,80,80,80,80,80,80,80,80,80,80,80,80,80,80,80,80,80,80,80],"card_choices":[{"not_picked":["Headbutt","Heavy Blade"],"picked":"Anger","floor":1.0},{"not_picked":["Body Slam","Cleave"],"picked":"Clothesline","floor":4.0},{"not_picked":["Rampage","Fire Breathing"],"picked":"Corruption","floor":5.0},{"not_picked":["Whirlwind","Second Wind"],"picked":"Twin Strike","floor":6.0},{"not_picked":["Sentinel","Inflame"],"picked":"Cleave","floor":8.0},{"not_picked":["Perfected Strike","Reckless Charge"],"picked":"Dropkick","floor":10.0},{"not_picked":["Warcry","Battle Trance"],"picked":"Flex","floor":14.0},{"not_picked":["Bludgeon","Impervious"],"picked":"Double Tap","floor":16.0},{"not_picked":["Clothesline+1","Wild Strike+1"],"picked":"Shrug It Off+1","floor":18.0},{"not_picked":["Sword Boomerang","Perfected Strike+1"],"picked":"Anger","floor":19.0},{"not_picked":["Clash","Feel No Pain"],"picked":"Rage","floor":20.0},{"not_picked":["Headbutt+1","Feel No Pain"],"picked":"Iron Wave+1","floor":21.0},{"not_picked":["Rampage","Whirlwind"],"picked":"Flame Barrier","floor":23.0},{"not_picked":["Heavy Blade+1","Second Wind"],"picked":"Clothesline+1","floor":27.0},{"not_picked":["Disarm","Clothesline"],"picked":"Warcry","floor":28.0},{"not_picked":["Reckless Charge","Pommel Strike"],"picked":"Searing Blow","floor":29.0},{"not_picked":["Offering","Corruption"],"picked":"Exhume","floor":33.0},{"not_picked":["Twin Strike","Warcry"],"picked":"Carnage+1","floor":35.0},{"not_picked":["Warcry+1","Headbutt"],"picked":"Dark Embrace","floor":36.0},{"not_picked":["Warcry+1","Anger"],"picked":"Pommel Strike","floor":39.0},{"not_picked":["Metallicize","Hemokinesis+1"],"picked":"Cleave+1","floor":41.0},{"not_picked":["True Grit","Battle Trance+1"],"picked":"Evolve+1","floor":44.0},{"not_picked":["Wild Strike+1","Warcry+1"],"picked":"Exhume","floor":45.0},{"not_picked":["Bandage Up","Panacea"],"picked":"Mind Blast","floor":46.0},{"not_picked":["Heavy Blade","Anger"],"picked":"Havoc","floor":54.0}],"player_experience":293759,"relics_obtained":[{"floor":6.0,"key":"Nunchaku"},{"floor":8.0,"key":"Blood Vial"},{"floor":23.0,"key":"Bronze Scales"},{"floor":26.0,"key":"Bag of Preparation"},{"floor":27.0,"key":"Red Mask"},{"floor":31.0,"key":"Mercury Hourglass"},{"floor":43.0,"key":"Ancient Tea Set"},{"floor":54.0,"key":"Boot"}],"event_choices":[{"damage_healed":0.0,"max_hp_gain":0.0,"max_hp_loss":0.0,"gold_gain":0.0,"event_name":"Living Wall","player_choice":"Grow","floor":2.0,"gold_loss":0.0,"damage_taken":0.0,"cards_upgraded":["Anger"]},{"damage_healed":0.0,"max_hp_gain":0.0,"max_hp_loss":0.0,"gold_gain":0.0,"event_name":"Dead Adventurer","player_choice":"Searched \u00271\u0027 times","floor":12.0,"gold_loss":0.0,"damage_taken":0.0,"relics_obtained":["Mummified Hand"]},{"damage_healed":0.0,"max_hp_gain":0.0,"max_hp_loss":0.0,"gold_gain":99.0,"event_name":"Nest","player_choice":"Stole From Cult","floor":24.0,"gold_loss":0.0,"damage_taken":0.0},{"damage_healed":0.0,"max_hp_gain":0.0,"max_hp_loss":0.0,"gold_gain":0.0,"event_name":"Masked Bandits","player_choice":"Fought Bandits","floor":27.0,"gold_loss":0.0,"damage_taken":0.0},{"damage_healed":0.0,"max_hp_gain":0.0,"max_hp_loss":0.0,"gold_gain":0.0,"event_name":"SensoryStone","player_choice":"Memory 1","floor":46.0,"gold_loss":0.0,"damage_taken":0.0},{"cards_removed":["Warcry"],"damage_healed":0.0,"max_hp_gain":0.0,"max_hp_loss":0.0,"gold_gain":0.0,"event_name":"Falling","player_choice":"Removed Skill","floor":48.0,"gold_loss":0.0,"damage_taken":0.0}],"is_beta":false,"boss_relics":[{"not_picked":["Snecko Eye","Fusion Hammer"],"picked":"Runic Cube"},{"not_picked":["Astrolabe","Tiny House"],"picked":"Mark of Pain"}],"items_purged_floors":[22],"is_endless":false,"potions_floor_spawned":[5,10,14,19,23,28,29,36,44,45],"killed_by":"The Heart","ascension_level":0}}