{"host":"oeh4wb93hhtrshvk","time":1612117519,"event":{"mods":["2.2 Compatiblity","AchievementEnabler","Act Like it!","Aspiration","BaseMod","Better Skull","Better Third Choice","Block Reminder","Card Filter","Colored Powertips","Conspire","Curses Come First","Defuse TimeMaze Blight","Displayed Cursed Tome","Downfall","Energized Spire","GifTheSpireLib","Hermit","Hubris","Infinite Spire","Marisa????????","Minty Spire (QoL Compilation)","Monster B Gone","Pale of the Ancients","Poor People Problems","Quick Restart","Rare Cards Sparkle","Relic Filter","Reliquary","Replay The Spire","Shop Mod","Spicy Shops","StS++","StSLib","The Blue Laboratory","The Cursed","The Disciple","Transform Curses","Wandering Minibosses","Weighted Paths","Wide Potions"],"gold_per_floor":[111,111,127,19,29,60,60,60,60],"floor_reached":8,"language":"FRA","playtime":314,"items_purged":[],"score":56,"play_id":"1a95f8a4-3e87-48fa-972e-44b67cc1be6c","local_time":"20210131192519","daily_mods":["Heirloom","DeadlyEvents"],"is_ascension_mode":false,"campfire_choices":[{"data":"Eruption","floor":7,"key":"SMITH"}],"circlet_count":0,"master_deck":["Strike_P","Strike_P","Strike_P","Strike_P","Defend_P+1","Defend_P","Defend_P","Defend_P","Eruption+1","Vigilance","Consecrate","Regret","Collect","LessonLearned+1","ReachHeaven","StSpp:Faith"],"relics":["PureWater","StSpp:XCola","reliquary:WeakTea","StoneCalendar"],"acts_visited":["Exordium"],"potions_floor_usage":[6],"damage_taken":[{"damage":0,"enemies":"Small Slimes","floor":1,"turns":4},{"damage":0,"enemies":"2 Louse","floor":3,"turns":2},{"damage":5,"enemies":"Cultist","floor":5,"turns":4},{"damage":30,"enemies":"Lagavulin","floor":6,"turns":3},{"damage":7,"enemies":"Gremlin Nob","floor":8,"turns":3}],"seed_played":"7460717032165611025","potions_obtained":[{"floor":1,"key":"ColorlessPotion"},{"floor":3,"key":"blueLaboratory:Moonshine"}],"is_trial":true,"path_per_floor":["M","?","M","$","M","E","R","E"],"character_chosen":"WATCHER","items_purchased":["LessonLearned+1"],"campfire_rested":0,"item_purchase_floors":[4],"current_hp_per_floor":[72,72,72,72,67,37,37,30,30],"gold":60,"neow_bonus":"","is_daily":false,"chose_seed":false,"campfire_upgraded":1,"win_rate":0.0,"timestamp":1612117519,"path_taken":["M","?","M","$","M","E","R","E"],"items_purchased_type":["Card"],"build_version":"2020-12-22","purchased_purges":0,"victory":false,"max_hp_per_floor":[72,72,72,72,72,72,72,72,72],"card_choices":[{"not_picked":["FearNoEvil","PathToVictory"],"picked":"Consecrate","floor":1},{"not_picked":["StSpp:LatentStrike","Indignation"],"picked":"Collect","floor":3},{"not_picked":["Replay:Anticipation","Evaluate"],"picked":"ReachHeaven","floor":5},{"not_picked":["Vengeance","Replay:DivineShield"],"picked":"StSpp:Faith","floor":6}],"player_experience":654901,"relics_obtained":[{"floor":6,"key":"StoneCalendar"}],"event_choices":[{"damage_healed":0,"gold_gain":0,"player_choice":"Box","damage_taken":0,"relics_obtained":["reliquary:WeakTea"],"max_hp_gain":0,"max_hp_loss":0,"event_name":"Big Fish","floor":2,"gold_loss":0,"cards_obtained":["Regret"]}],"is_beta":false,"boss_relics":[],"items_purged_floors":[],"is_endless":false,"potions_floor_spawned":[1,3],"killed_by":"Gremlin Nob","ascension_level":0}}