{"host":"1tl36azeqm6yhdgj","time":1612085827,"event":{"mods":["AchievementEnabler","BaseMod","Minty Spire (QoL Compilation)","StSLib","The IronCluck","everything is the same but u backflip on backflip"],"gold_per_floor":[214,230,230,83,63,98,98,126,126,137,137,137,137,62,62,190,190,209,209,229,229,254,275,275,275,275,32,46,89,89,122,122,243,243,257,257,257,257],"floor_reached":37,"language":"ENG","playtime":1534,"items_purged":["Strike_P","Pain"],"score":661,"play_id":"3c06fd7a-944b-4112-a296-55b1d3897baa","local_time":"20210131043707","is_ascension_mode":true,"campfire_choices":[{"data":"FlurryOfBlows","floor":7.0,"key":"SMITH"},{"floor":13.0,"key":"REST"},{"floor":15.0,"key":"REST"},{"floor":25.0,"key":"REST"},{"floor":30.0,"key":"REST"},{"floor":32.0,"key":"REST"}],"circlet_count":0,"master_deck":["AscendersBane","Strike_P","Defend_P","Defend_P","Defend_P","Defend_P","Eruption","Vigilance","ReachHeaven","Prostrate","TalkToTheHand","SignatureMove","Prostrate","SashWhip","FlurryOfBlows+1","BattleHymn","ClearTheMind","Establishment","TalkToTheHand","EmptyBody","LikeWater+1","WreathOfFlame","Consecrate","Vengeance","Devotion+1","Wireheading+1","Worship+1","ReachHeaven+1","BowlingBash"],"relics":["PureWater","Torii","Orrery","Shuriken","WingedGreaves","Kunai","Golden Idol","WarpedTongs","Gambling Chip","PreservedInsect","Frozen Egg 2","FossilizedHelix","Astrolabe"],"acts_visited":["Exordium","TheCity","TheBeyond"],"potions_floor_usage":[37],"damage_taken":[{"damage":0.0,"enemies":"Cultist","floor":1.0,"turns":4.0},{"damage":7.0,"enemies":"Small Slimes","floor":2.0,"turns":3.0},{"damage":7.0,"enemies":"Lagavulin","floor":6.0,"turns":7.0},{"damage":14.0,"enemies":"Gremlin Nob","floor":8.0,"turns":3.0},{"damage":1.0,"enemies":"2 Louse","floor":10.0,"turns":3.0},{"damage":19.0,"enemies":"Hexaghost","floor":16.0,"turns":8.0},{"damage":30.0,"enemies":"2 Thieves","floor":18.0,"turns":5.0},{"damage":1.0,"enemies":"Chosen","floor":20.0,"turns":5.0},{"damage":3.0,"enemies":"3 Cultists","floor":22.0,"turns":5.0},{"damage":10.0,"enemies":"Cultist and Chosen","floor":23.0,"turns":6.0},{"damage":0.0,"enemies":"Centurion and Healer","floor":28.0,"turns":5.0},{"damage":12.0,"enemies":"Gremlin Leader","floor":29.0,"turns":5.0},{"damage":17.0,"enemies":"Slavers","floor":31.0,"turns":6.0},{"damage":51.0,"enemies":"Automaton","floor":33.0,"turns":8.0},{"damage":49,"enemies":"3 Darklings","floor":35,"turns":5},{"damage":9,"enemies":"Orb Walker","floor":37,"turns":2}],"seed_played":"3030961848895845519","potions_obtained":[{"floor":2.0,"key":"LiquidBronze"},{"floor":5.0,"key":"SteroidPotion"},{"floor":16.0,"key":"Weak Potion"},{"floor":20.0,"key":"Energy Potion"},{"floor":22.0,"key":"ColorlessPotion"},{"floor":23.0,"key":"SteroidPotion"},{"floor":35,"key":"Fire Potion"}],"is_trial":false,"path_per_floor":["M","M","T","$","?","E","R","E","T","M","?","?","R","$","R","B",null,"M","?","M","?","M","M","T","R","T","$","M","E","R","E","R","B",null,"M","?","M"],"character_chosen":"WATCHER","items_purchased":["Orrery","PreservedInsect"],"campfire_rested":5,"item_purchase_floors":[4,27],"current_hp_per_floor":[65,58,58,58,58,51,51,37,37,36,36,36,57,57,72,53,67,37,37,36,36,33,23,23,44,44,44,44,32,53,36,57,6,56,7,7,0,0],"gold":257,"neow_bonus":"HUNDRED_GOLD","is_daily":false,"chose_seed":false,"campfire_upgraded":1,"win_rate":0.0,"timestamp":1612085827,"path_taken":["M","M","?","$","?","E","R","E","T","?","?","?","R","$","R","BOSS","M","?","?","?","?","M","?","R","T","$","M","E","R","E","R","BOSS","M","?","M"],"items_purchased_type":["Relic","Relic"],"build_version":"2020-12-22","purchased_purges":2,"victory":false,"max_hp_per_floor":[72,72,72,72,72,72,72,72,72,72,72,72,72,72,72,72,72,72,72,72,72,72,72,72,72,72,72,72,72,72,72,72,72,72,72,72,72,72],"card_choices":[{"not_picked":["EmptyFist","ThirdEye"],"picked":"ReachHeaven","floor":1.0},{"not_picked":["EmptyFist","Nirvana"],"picked":"Prostrate","floor":2.0},{"not_picked":["CrushJoints","EmptyBody"],"picked":"TalkToTheHand","floor":4.0},{"not_picked":["TalkToTheHand","Tantrum"],"picked":"SignatureMove","floor":4.0},{"not_picked":["Conclude","Crescendo"],"picked":"Prostrate","floor":4.0},{"not_picked":["PathToVictory","FearNoEvil"],"picked":"Wireheading","floor":4.0},{"not_picked":["Pray","DeceiveReality"],"picked":"SashWhip","floor":4.0},{"not_picked":["Blasphemy","LikeWater"],"picked":"FlurryOfBlows","floor":6.0},{"not_picked":["Consecrate","EmptyFist"],"picked":"BattleHymn","floor":8.0},{"not_picked":["Halt","ThirdEye"],"picked":"ClearTheMind","floor":10.0},{"not_picked":["Judgement","Ragnarok"],"picked":"Establishment","floor":16.0},{"not_picked":["Study","ThirdEye"],"picked":"TalkToTheHand","floor":18.0},{"not_picked":["Collect","Consecrate"],"picked":"LikeWater+1","floor":20.0},{"not_picked":["Conclude","FollowUp"],"picked":"WreathOfFlame","floor":22.0},{"not_picked":["EmptyBody","Evaluate"],"picked":"Consecrate","floor":23.0},{"not_picked":["CutThroughFate","MentalFortress"],"picked":"Vengeance","floor":28.0},{"not_picked":["ReachHeaven","ConjureBlade"],"picked":"WheelKick","floor":29.0},{"not_picked":["Consecrate+1","CutThroughFate","Wallop"],"picked":"SKIP","floor":31.0},{"not_picked":["Judgement","Brilliance"],"picked":"Devotion+1","floor":33.0},{"not_picked":["JustLucky","Consecrate"],"picked":"BowlingBash","floor":35}],"player_experience":2114281,"relics_obtained":[{"floor":3.0,"key":"Torii"},{"floor":6.0,"key":"Shuriken"},{"floor":8.0,"key":"WingedGreaves"},{"floor":9.0,"key":"Kunai"},{"floor":26.0,"key":"Gambling Chip"},{"floor":29.0,"key":"Frozen Egg 2"},{"floor":31.0,"key":"FossilizedHelix"}],"event_choices":[{"damage_healed":0.0,"max_hp_gain":0.0,"max_hp_loss":0.0,"gold_gain":0.0,"event_name":"The Woman in Blue","player_choice":"Bought 1 Potion","floor":5.0,"gold_loss":0.0,"damage_taken":0.0},{"damage_healed":0.0,"max_hp_gain":0.0,"max_hp_loss":0.0,"gold_gain":0.0,"event_name":"Golden Idol","player_choice":"Take Wound","floor":11.0,"gold_loss":0.0,"damage_taken":0.0,"relics_obtained":["Golden Idol"],"cards_obtained":["Injury"]},{"cards_removed":["Injury"],"damage_healed":0.0,"max_hp_gain":0.0,"max_hp_loss":0.0,"gold_gain":0.0,"event_name":"Living Wall","player_choice":"Forget","floor":12.0,"gold_loss":0.0,"damage_taken":0.0},{"damage_healed":0.0,"max_hp_gain":0.0,"max_hp_loss":0.0,"gold_gain":0.0,"cards_transformed":["Strike_P"],"event_name":"Transmorgrifier","player_choice":"Transformed","floor":19.0,"gold_loss":0.0,"damage_taken":0.0,"cards_obtained":["EmptyBody"]},{"damage_healed":0.0,"max_hp_gain":0.0,"max_hp_loss":0.0,"gold_gain":0.0,"event_name":"Accursed Blacksmith","player_choice":"Rummage","floor":21.0,"gold_loss":0.0,"damage_taken":0.0,"relics_obtained":["WarpedTongs"],"cards_obtained":["Pain"]},{"damage_healed":0,"gold_gain":0,"player_choice":"Ignored","damage_taken":0,"max_hp_gain":0,"max_hp_loss":0,"event_name":"Tomb of Lord Red Mask","floor":36,"gold_loss":0}],"is_beta":false,"boss_relics":[{"not_picked":["Runic Pyramid","Ectoplasm","Snecko Eye"]},{"not_picked":["SacredBark","Calling Bell"],"picked":"Astrolabe"}],"items_purged_floors":[14,27],"is_endless":false,"potions_floor_spawned":[2,16,20,22,23,35],"killed_by":"Orb Walker","ascension_level":12}}