{"host":"zy8sn0tmwn4g7fne","time":1612075557,"event":{"mods":["BaseMod","Better-Laid Plans","CapriCore","Marisa（F雨　魔理沙）","Minty Spire (QoL Compilation)","MostiFishMod","Quick Restart","Remilia（蕾米莉亚）","StSLib","The Immortal","[IsaacMod]以撒尖塔","【功能Mod】Neow奖励","【功能Mod】强力的原版药水","【功能Mod】精心准备"],"gold_per_floor":[118,193,210,230,249,249,274,274,322,322,134,134,134,160,160,234,234,247,279,54,65,90,126,126,137,162,162,162,162,176,41,41,128,53,73,93,93,93,122,160,182,216,228,122,151,175,175,195,195,195,195,195,204,77,112,112],"floor_reached":57,"language":"ZHS","playtime":2793,"items_purged":["Strike_R","Strike_R","Strike_R","Strike_R","BloodyBrimstone"],"score":3640,"play_id":"6091f7c5-0eb3-439c-b4ce-ec28bafcc002","local_time":"20210131144557","is_ascension_mode":true,"campfire_choices":[{"floor":6.0,"key":"RECALL"},{"floor":8.0,"key":"REST"},{"floor":13.0,"key":"REST"},{"floor":15.0,"key":"REST"},{"floor":29.0,"key":"REST"},{"floor":32.0,"key":"REST"},{"floor":47.0,"key":"REST"},{"floor":49.0,"key":"REST"},{"floor":53.0,"key":"REST"}],"circlet_count":0,"master_deck":["AscendersBane","Defend_R","Defend_R","Defend_R","Defend_R+1","Ghostly Armor","Metallicize","Juggernaut","True Grit+1","Battle Trance","Juggernaut+1","Feel No Pain","Entrench","Shockwave","Entrench+1","Shrug It Off","Dark Embrace","Bludgeon","Shrug It Off","Feel No Pain","Armaments","Armaments","Barricade","Burning Pact","Body Slam+1","Shockwave","Feel No Pain","Power Through"],"relics":["HushsDoor","Civilization","SteamSale","Damocles","Fusion Hammer","Kunai","SynthV:TestCard","Blood Vial","Orichalcum","Centennial Puzzle","Art of War","Matryoshka","Shuriken","PreservedInsect","Boot","Strawberry","JellyFishMachine","ImprovedEquipment","Red Mask","Anchor","TheAbacus","Regal Pillow","CeramicFish","Ancient Tea Set","InkBottle","BookofShadows","Happy Flower","War Paint","Potion Belt","SatanicBible","Tiny House","Vajra","HowToJump","Oddly Smooth Stone","Dream Catcher","BionicSphere","Juzu Bracelet","Lantern","MawBank","Letter Opener","Medical Kit","Bag of Preparation","Gremlin Horn","SharpPlug","Akabeko","TuHaoJin","SalivaCoin"],"acts_visited":["Exordium","TheCity","TheBeyond","TheEnding"],"potions_floor_usage":[56,56,56,56,56,56,56,56,56,56,56,56,56,56,56,56,56,56,56,56],"damage_taken":[{"damage":0.0,"enemies":"Jaw Worm","floor":1.0,"turns":1.0},{"damage":0.0,"enemies":"Small Slimes","floor":3.0,"turns":3.0},{"damage":0.0,"enemies":"Cultist","floor":4.0,"turns":2.0},{"damage":0.0,"enemies":"3 Louse","floor":5.0,"turns":1.0},{"damage":0.0,"enemies":"3 Sentries","floor":7.0,"turns":3.0},{"damage":0.0,"enemies":"Gremlin Nob","floor":14.0,"turns":3.0},{"damage":0.0,"enemies":"The Guardian","floor":16.0,"turns":8.0},{"damage":0.0,"enemies":"2 Thieves","floor":18.0,"turns":4.0},{"damage":0.0,"enemies":"Masked Bandits","floor":19.0,"turns":3.0},{"damage":0.0,"enemies":"Shell Parasite","floor":21.0,"turns":3.0},{"damage":0.0,"enemies":"Centurion and Healer","floor":22.0,"turns":3.0},{"damage":0.0,"enemies":"Slavers","floor":23.0,"turns":4.0},{"damage":1.0,"enemies":"Snecko","floor":25.0,"turns":4.0},{"damage":0.0,"enemies":"3 Cultists","floor":30.0,"turns":3.0},{"damage":0.0,"enemies":"Collector","floor":33.0,"turns":5.0},{"damage":0.0,"enemies":"3 Shapes","floor":35.0,"turns":4.0},{"damage":0.0,"enemies":"3 Darklings","floor":36.0,"turns":5.0},{"damage":0.0,"enemies":"Writhing Mass","floor":39.0,"turns":4.0},{"damage":0.0,"enemies":"Reptomancer","floor":40.0,"turns":3.0},{"damage":0.0,"enemies":"Maw","floor":41.0,"turns":5.0},{"damage":0.0,"enemies":"Nemesis","floor":42.0,"turns":3.0},{"damage":0.0,"enemies":"Giant Head","floor":45.0,"turns":5.0},{"damage":0.0,"enemies":"3 Darklings","floor":46.0,"turns":3.0},{"damage":0.0,"enemies":"Writhing Mass","floor":48.0,"turns":1.0},{"damage":0.0,"enemies":"Time Eater","floor":50.0,"turns":8.0},{"damage":0.0,"enemies":"Donu and Deca","floor":51.0,"turns":4.0},{"damage":0.0,"enemies":"Shield and Spear","floor":55.0,"turns":4.0},{"damage":0,"enemies":"Delirium","floor":56,"turns":16}],"seed_played":"7819641506024176072","potions_obtained":[{"floor":1.0,"key":"Weak Potion"},{"floor":7.0,"key":"Block Potion"},{"floor":23.0,"key":"Weak Potion"},{"floor":33.0,"key":"Weak Potion"},{"floor":34.0,"key":"ColorlessPotion"},{"floor":36.0,"key":"EntropicBrew"},{"floor":40.0,"key":"LiquidBronze"},{"floor":41.0,"key":"BlessingOfTheForge"},{"floor":46.0,"key":"CultistPotion"},{"floor":48.0,"key":"Dexterity Potion"}],"is_trial":false,"path_per_floor":["M","?","M","M","M","R","E","R","T","?","$","?","R","E","R","B",null,"M","?","$","M","M","E","?","M","T","?","?","R","M","$","R","B",null,"M","M","?","$","M","E","M","E","T","$","E","M","R","M","R","B","B",null,"R","$","E","B",null],"character_chosen":"IRONCLAD","items_purchased":["PreservedInsect","Juggernaut","True Grit","EntropicBrew","TheAbacus","Entrench","Shockwave","SatanicBible","EntropicBrew","HeartOfIron","Medical Kit","Burning Pact","Feel No Pain","EssenceOfSteel"],"campfire_rested":8,"item_purchase_floors":[11,11,11,17,20,20,20,31,34,34,44,44,54,54],"current_hp_per_floor":[69,58,61,67,74,74,81,84,84,84,84,84,84,96,96,101,92,97,102,102,107,112,114,114,118,118,118,118,119,121,121,121,126,123,128,133,133,133,138,143,148,153,153,153,158,163,163,168,168,173,178,178,178,178,183,188],"gold":112,"neow_bonus":"BOSS_RELIC","is_daily":false,"chose_seed":false,"campfire_upgraded":0,"win_rate":0.0,"timestamp":1612075557,"path_taken":["M","?","M","M","M","R","E","R","T","?","$","?","R","E","R","BOSS","M","?","$","M","M","E","?","M","T","?","?","R","M","$","R","BOSS","M","M","?","$","M","E","M","E","T","$","E","M","R","M","R","BOSS","BOSS","R","$","E","BOSS"],"items_purchased_type":["Relic","Card","Card","Potion","Relic","Card","Card","Relic","Potion","Potion","Relic","Card","Card","Potion"],"build_version":"2020-12-22","purchased_purges":5,"victory":true,"max_hp_per_floor":[73,73,76,80,82,82,84,84,84,84,84,84,84,96,96,101,92,97,102,102,107,112,114,114,119,119,119,119,119,121,121,121,126,123,128,133,133,133,138,143,148,153,153,153,158,163,163,168,168,173,178,178,178,178,183,188],"card_choices":[{"not_picked":[],"picked":"BloodyBrimstone","floor":0.0},{"not_picked":["Warcry","Fiend Fire","Sever Soul"],"picked":"SKIP","floor":1.0},{"not_picked":["Warcry","Fiend Fire","Sever Soul"],"picked":"SKIP","floor":1.0},{"not_picked":["Clothesline","Clash","Cleave","Dropkick"],"picked":"Ghostly Armor","floor":3.0},{"not_picked":["Sentinel","Havoc","Headbutt","Pommel Strike","Body Slam"],"picked":"SKIP","floor":4.0},{"not_picked":["MostiFishMod:BrandingRite","Flex","Dropkick","Pummel"],"picked":"Metallicize","floor":5.0},{"not_picked":["Body Slam","MostiFishMod:OrdinaryWorld","Whirlwind","Heavy Blade","Seeing Red"],"picked":"SKIP","floor":7.0},{"not_picked":["Second Wind","Pommel Strike","Anger","Wild Strike"],"picked":"Battle Trance","floor":14.0},{"not_picked":["MostiFishMod:404NotFound","Immolate","MostiFishMod:PerfectStrikeMKII","Brutality"],"picked":"Juggernaut","floor":16.0},{"not_picked":["MostiFishMod:BrandingRite","Fire Breathing+1","True Grit","Clothesline"],"picked":"Feel No Pain","floor":18.0},{"not_picked":["Headbutt","Havoc","Anger+1","Battle Trance+1"],"picked":"Entrench","floor":21.0},{"not_picked":["Pommel Strike","True Grit","Wild Strike","Cleave"],"picked":"Shrug It Off","floor":22.0},{"not_picked":["Flame Barrier","Anger","Havoc","Feed"],"picked":"Dark Embrace","floor":23.0},{"not_picked":["Heavy Blade","Warcry","Ghostly Armor","Headbutt","Iron Wave"],"picked":"SKIP","floor":25.0},{"not_picked":["Reckless Charge","Thunderclap+1","Pommel Strike","Flex","Twin Strike"],"picked":"SKIP","floor":30.0},{"not_picked":["MostiFishMod:FlyOverUtopia","Offering","MostiFishMod:UltimateDefense","MostiFishMod:404NotFound"],"picked":"Bludgeon","floor":33.0},{"not_picked":["Sentinel","Dropkick","Evolve+1","Entrench","Havoc"],"picked":"SKIP","floor":35.0},{"not_picked":["Rampage","Hemokinesis+1","Whirlwind","Sentinel"],"picked":"Shrug It Off","floor":36.0},{"not_picked":["Sword Boomerang","Wild Strike","Flame Barrier","Intimidate"],"picked":"Feel No Pain","floor":39.0},{"not_picked":["Warcry","Combust+1","Bloodletting","Entrench"],"picked":"Armaments","floor":40.0},{"not_picked":["Hemokinesis","Wild Strike","Thunderclap+1","Battle Trance"],"picked":"Armaments","floor":41.0},{"not_picked":["Anger+1","Twin Strike","MostiFishMod:#F4004","Clash"],"picked":"Barricade","floor":42.0},{"not_picked":["Shrug It Off","Whirlwind","Rupture","Double Tap","Heavy Blade"],"picked":"SKIP","floor":45.0},{"not_picked":["Iron Wave","Entrench","Uppercut","Clothesline+1"],"picked":"Body Slam+1","floor":46.0},{"not_picked":["Body Slam","Dropkick","Cleave","Havoc","MostiFishMod:WingOfPhoenix"],"picked":"SKIP","floor":48.0},{"not_picked":["Pommel Strike+1","Perfected Strike","Clothesline","Searing Blow"],"picked":"Shockwave","floor":53.0},{"not_picked":["Anger","Blood for Blood","Metallicize+1","Clothesline"],"picked":"Power Through","floor":55.0}],"player_experience":623435,"relics_obtained":[{"floor":1.0,"key":"Kunai"},{"floor":1.0,"key":"SynthV:TestCard"},{"floor":3.0,"key":"Blood Vial"},{"floor":4.0,"key":"Orichalcum"},{"floor":5.0,"key":"Centennial Puzzle"},{"floor":7.0,"key":"Art of War"},{"floor":7.0,"key":"Matryoshka"},{"floor":9.0,"key":"Shuriken"},{"floor":14.0,"key":"Boot"},{"floor":14.0,"key":"Strawberry"},{"floor":18.0,"key":"ImprovedEquipment"},{"floor":19.0,"key":"Red Mask"},{"floor":19.0,"key":"Anchor"},{"floor":21.0,"key":"Regal Pillow"},{"floor":22.0,"key":"CeramicFish"},{"floor":23.0,"key":"Ancient Tea Set"},{"floor":23.0,"key":"InkBottle"},{"floor":25.0,"key":"BookofShadows"},{"floor":26.0,"key":"Happy Flower"},{"floor":26.0,"key":"War Paint"},{"floor":30.0,"key":"Potion Belt"},{"floor":35.0,"key":"Vajra"},{"floor":36.0,"key":"HowToJump"},{"floor":39.0,"key":"Oddly Smooth Stone"},{"floor":40.0,"key":"Dream Catcher"},{"floor":40.0,"key":"BionicSphere"},{"floor":41.0,"key":"Juzu Bracelet"},{"floor":42.0,"key":"Lantern"},{"floor":42.0,"key":"MawBank"},{"floor":43.0,"key":"Letter Opener"},{"floor":45.0,"key":"Bag of Preparation"},{"floor":45.0,"key":"Gremlin Horn"},{"floor":46.0,"key":"SharpPlug"},{"floor":48.0,"key":"Akabeko"},{"floor":55.0,"key":"TuHaoJin"},{"floor":55.0,"key":"SalivaCoin"}],"event_choices":[{"damage_healed":0.0,"max_hp_gain":0.0,"max_hp_loss":0.0,"gold_gain":75.0,"event_name":"World of Goop","player_choice":"Gather Gold","floor":2.0,"gold_loss":0.0,"damage_taken":11.0},{"damage_healed":0.0,"max_hp_gain":0.0,"max_hp_loss":0.0,"gold_gain":0.0,"event_name":"Upgrade Shrine","player_choice":"Upgraded","floor":12.0,"gold_loss":0.0,"damage_taken":0.0,"cards_upgraded":["True Grit"]},{"damage_healed":0.0,"max_hp_gain":0.0,"max_hp_loss":0.0,"gold_gain":0.0,"event_name":"Masked Bandits","player_choice":"Fought Bandits","floor":19.0,"gold_loss":0.0,"damage_taken":0.0},{"damage_healed":0.0,"max_hp_gain":0.0,"max_hp_loss":0.0,"gold_gain":0.0,"event_name":"Vampires","player_choice":"Ignored","floor":24.0,"gold_loss":0.0,"damage_taken":0.0},{"cards_removed":["Strike_R"],"damage_healed":0.0,"max_hp_gain":0.0,"max_hp_loss":0.0,"gold_gain":0.0,"event_name":"Back to Basics","player_choice":"Elegance","floor":27.0,"gold_loss":0.0,"damage_taken":0.0},{"damage_healed":0.0,"max_hp_gain":0.0,"max_hp_loss":0.0,"gold_gain":0.0,"event_name":"Ghosts","player_choice":"Ignored","floor":28.0,"gold_loss":0.0,"damage_taken":0.0},{"cards_removed":["Bash"],"damage_healed":0.0,"max_hp_gain":0.0,"max_hp_loss":0.0,"gold_gain":0.0,"event_name":"Falling","player_choice":"Removed Attack","floor":37.0,"gold_loss":0.0,"damage_taken":0.0}],"is_beta":false,"boss_relics":[{"not_picked":["OneHitWonderSystem","Cursed Key"],"picked":"JellyFishMachine"},{"not_picked":[]},{"not_picked":["Pandora\u0027s Box","MagicMushroom"],"picked":"Tiny House"},{"not_picked":[]}],"items_purged_floors":[11,17,20,34,54],"is_endless":false,"potions_floor_spawned":[1,7,14,18,23,33,36,40,41,46,48],"ascension_level":20}}