{"host":"xg4r5pv6chpuampg","time":1612105497,"event":{"mods":["AchievementEnabler","BaseMod","Googly Eyes","Minty Spire (QoL Compilation)"],"gold_per_floor":[116,142,35,47,64,64,98,162,187,200,169,169,25,102,102,206,206,225,225,225,225,236,269,269,285,285,285,31,31,43,53,53,53,53],"floor_reached":33,"language":"ENG","playtime":1370,"items_purged":[],"score":263,"play_id":"8fee7b82-28b2-4892-bd3b-a9a5cffcc115","local_time":"20210131180457","is_ascension_mode":false,"campfire_choices":[{"data":"Bouncing Flask","floor":6,"key":"SMITH"},{"floor":15,"key":"REST"},{"floor":24,"key":"REST"},{"floor":27,"key":"REST"},{"floor":29,"key":"REST"},{"floor":32,"key":"REST"}],"circlet_count":0,"master_deck":["Strike_G+1","Strike_G","Strike_G","Strike_G","Defend_G","Defend_G","Defend_G","Defend_G","Survivor","Neutralize","Quick Slash+1","Bouncing Flask+1","All Out Attack","Bane","PiercingWail","Poisoned Stab","Skewer+1","Poisoned Stab","Dark Shackles","Doppelganger","Blur+1","Die Die Die+1","Endless Agony+1","Sucker Punch+1","Necronomicurse","Backflip","Tactician+1"],"relics":["Runic Dome","Whetstone","Oddly Smooth Stone","Vajra","Tiny Chest","Paper Crane","Astrolabe","Necronomicon","Happy Flower","InkBottle","Meat on the Bone"],"acts_visited":["Exordium","TheCity"],"potions_floor_usage":[23],"damage_taken":[{"damage":1,"enemies":"Cultist","floor":1,"turns":4},{"damage":6,"enemies":"2 Louse","floor":4,"turns":2},{"damage":0,"enemies":"Small Slimes","floor":5,"turns":2},{"damage":23,"enemies":"Lagavulin","floor":7,"turns":5},{"damage":12,"enemies":"3 Sentries","floor":8,"turns":7},{"damage":7,"enemies":"Looter","floor":10,"turns":2},{"damage":18,"enemies":"Hexaghost","floor":16,"turns":8},{"damage":10,"enemies":"Spheric Guardian","floor":18,"turns":3},{"damage":9,"enemies":"3 Byrds","floor":22,"turns":3},{"damage":36,"enemies":"Slavers","floor":23,"turns":6},{"damage":21,"enemies":"Snake Plant","floor":25,"turns":2},{"damage":18,"enemies":"3 Cultists","floor":30,"turns":4},{"damage":20,"enemies":"Centurion and Healer","floor":31,"turns":5},{"damage":54,"enemies":"Collector","floor":33,"turns":7}],"seed_played":"-6252430390903851472","potions_obtained":[{"floor":4,"key":"Block Potion"},{"floor":7,"key":"Strength Potion"},{"floor":22,"key":"Energy Potion"},{"floor":25,"key":"Poison Potion"},{"floor":30,"key":"Weak Potion"}],"is_trial":false,"path_per_floor":["M","T","$","M","M","R","E","?","T","M","?","?","$","T","R","B",null,"M","?","?","?","M","E","R","M","T","R","$","R","M","M","R","B"],"character_chosen":"THE_SILENT","items_purchased":["Bouncing Flask","All Out Attack","Poisoned Stab","Dark Shackles","Meat on the Bone"],"campfire_rested":5,"item_purchase_floors":[3,3,13,13,28],"current_hp_per_floor":[69,69,69,63,63,63,40,28,28,21,21,21,21,21,42,24,70,60,47,31,56,47,11,33,12,12,34,34,56,38,30,52,0,0],"gold":53,"neow_bonus":"BOSS_RELIC","is_daily":false,"chose_seed":false,"campfire_upgraded":1,"win_rate":0.0,"timestamp":1612105497,"path_taken":["M","?","$","?","M","R","E","?","T","M","?","?","?","?","R","BOSS","M","?","?","?","M","E","R","M","T","R","$","R","M","M","R","BOSS"],"items_purchased_type":["Card","Card","Card","Card","Relic"],"build_version":"2020-12-22","purchased_purges":0,"victory":false,"max_hp_per_floor":[70,70,70,70,70,70,70,70,70,70,70,70,70,70,70,70,70,70,75,75,75,75,75,75,75,75,75,75,75,75,75,75,75,75],"card_choices":[{"not_picked":["Backflip","Dagger Spray"],"picked":"Quick Slash","floor":1},{"not_picked":["Cloak And Dagger","Expertise"],"picked":"Acrobatics","floor":4},{"not_picked":["Escape Plan","Crippling Poison"],"picked":"Bane","floor":5},{"not_picked":["Riddle With Holes","Flying Knee"],"picked":"PiercingWail","floor":7},{"not_picked":["Terror","Backstab"],"picked":"Poisoned Stab","floor":8},{"not_picked":["Heel Hook","Escape Plan"],"picked":"Skewer","floor":10},{"not_picked":["A Thousand Cuts","Storm of Steel"],"picked":"Doppelganger","floor":16},{"not_picked":["Underhanded Strike+1","Cloak And Dagger+1"],"picked":"Sucker Punch+1","floor":18},{"not_picked":["Dodge and Roll","Terror+1"],"picked":"Backflip","floor":22},{"not_picked":["Wraith Form v2","Outmaneuver+1"],"picked":"Tactician+1","floor":23},{"not_picked":["Caltrops","Cloak And Dagger","Choke"],"picked":"SKIP","floor":25},{"not_picked":["Reflex","Sucker Punch","Accuracy"],"picked":"SKIP","floor":30},{"not_picked":["Cloak And Dagger","Dodge and Roll","Prepared"],"picked":"SKIP","floor":31}],"player_experience":23567,"relics_obtained":[{"floor":2,"key":"Whetstone"},{"floor":7,"key":"Oddly Smooth Stone"},{"floor":8,"key":"Vajra"},{"floor":9,"key":"Tiny Chest"},{"floor":14,"key":"Paper Crane"},{"floor":20,"key":"Necronomicon"},{"floor":23,"key":"Happy Flower"},{"floor":26,"key":"InkBottle"}],"event_choices":[{"damage_healed":0,"gold_gain":0,"player_choice":"Searched \u00271\u0027 times","damage_taken":0,"max_hp_gain":0,"max_hp_loss":0,"event_name":"Dead Adventurer","floor":8,"gold_loss":0},{"damage_healed":0,"gold_gain":0,"player_choice":"Left Gold","damage_taken":0,"max_hp_gain":0,"max_hp_loss":0,"event_name":"World of Goop","floor":11,"gold_loss":31},{"damage_healed":0,"gold_gain":0,"player_choice":"Grow","damage_taken":0,"max_hp_gain":0,"max_hp_loss":0,"event_name":"Living Wall","floor":12,"gold_loss":0,"cards_upgraded":["Skewer"]},{"damage_healed":0,"gold_gain":0,"player_choice":"Shed Blood","damage_taken":18,"max_hp_gain":5,"max_hp_loss":0,"event_name":"Forgotten Altar","floor":19,"gold_loss":0},{"damage_healed":0,"gold_gain":0,"player_choice":"Obtained Book","damage_taken":16,"max_hp_gain":0,"max_hp_loss":0,"event_name":"Cursed Tome","floor":20,"gold_loss":0},{"damage_healed":25,"gold_gain":0,"player_choice":"Heal","damage_taken":0,"max_hp_gain":0,"max_hp_loss":0,"event_name":"The Library","floor":21,"gold_loss":0}],"is_beta":false,"boss_relics":[{"not_picked":["SacredBark","WristBlade"],"picked":"Astrolabe"}],"items_purged_floors":[],"is_endless":false,"potions_floor_spawned":[4,7,22,25,30],"killed_by":"Collector","ascension_level":0}}