{"host":"7iv10lxbxedtd0qh","time":1612059601,"event":{"mods":["BaseMod","Colored Map","Colored Powertips","Downfall","Minty Spire (QoL Compilation)","StSLib"],"gold_per_floor":[99,109,119,269,269,302,302,333,346,357,370,405,423,423,443,443,443,443],"floor_reached":16,"language":"ENG","playtime":1263,"items_purged":[],"score":130,"play_id":"9415ae50-fe35-4694-9772-9e864aa68287","local_time":"20210131032001","is_ascension_mode":true,"campfire_choices":[{"data":"champ:Taunt","floor":1.0,"key":"SMITH"}],"circlet_count":0,"master_deck":["champ:Strike","champ:Strike","champ:Strike","champ:Defend","champ:Defend","champ:Defend","champ:Defend","champ:Execute","champ:Taunt+1","champ:TornadoPunch","champ:Circumvent","downfall:Icky","champ:VampiricStrike","champ:SetATrap","champ:ShieldSlam","champ:Circumvent","champ:Parry","champ:ShieldWall","champ:FocusedDefense"],"relics":["champ:ChampionCrown","Omamori","HornCleat","CaptainsWheel","Bag of Marbles"],"acts_visited":["Exordium"],"potions_floor_usage":[16],"damage_taken":[{"damage":30.0,"enemies":"Cultist","floor":2.0,"turns":4.0},{"damage":10.0,"enemies":"Jaw Worm","floor":3.0,"turns":5.0},{"damage":35.0,"enemies":"Gremlin Nob","floor":6.0,"turns":6.0},{"damage":27.0,"enemies":"Lagavulin","floor":8.0,"turns":10.0},{"damage":2.0,"enemies":"2 Louse","floor":9.0,"turns":2.0},{"damage":0.0,"enemies":"Blue Slaver","floor":10.0,"turns":5.0},{"damage":5.0,"enemies":"Exordium Thugs","floor":11.0,"turns":5.0},{"damage":20.0,"enemies":"3 Sentries","floor":12.0,"turns":10.0},{"damage":1.0,"enemies":"Large Slime","floor":13.0,"turns":8.0},{"damage":0.0,"enemies":"Blue Slaver","floor":15.0,"turns":4.0},{"damage":68,"enemies":"DF_ARCHETYPE_STREAMLINE","floor":16,"turns":14}],"seed_played":"-441376254656484201","potions_obtained":[{"floor":2.0,"key":"SpeedPotion"},{"floor":8.0,"key":"champ:UltimateStancePotion"},{"floor":15.0,"key":"champ:OpenerPotion"}],"is_trial":false,"path_per_floor":["R","M","M","?","?","E","T","E","M","M","M","E","M","?","M","B"],"character_chosen":"THE_CHAMP","items_purchased":[],"campfire_rested":0,"item_purchase_floors":[],"current_hp_per_floor":[90,80,80,80,80,45,45,28,26,26,21,12,11,11,11,0,0,0],"gold":443,"neow_bonus":"THREE_CARDS","is_daily":false,"chose_seed":false,"campfire_upgraded":1,"win_rate":0.0,"timestamp":1612059601,"path_taken":["R","M","M","?","?","E","T","E","?","M","M","E","M","?","M","BOSS"],"items_purchased_type":[],"build_version":"2020-12-22","purchased_purges":0,"victory":false,"max_hp_per_floor":[90,90,90,90,90,90,90,90,90,90,90,90,90,90,90,90,90,90],"card_choices":[{"not_picked":["champ:Shatter","champ:AdrenalArmor"],"picked":"champ:TornadoPunch","floor":0.0},{"not_picked":["champ:GladiatorStyle","champ:CalledShot"],"picked":"champ:Circumvent","floor":2.0},{"not_picked":["champ:StanceDance","champ:Backstep","champ:DeathBlow"],"picked":"SKIP","floor":3.0},{"not_picked":["champ:CrownThrow","champ:DefensiveStyle"],"picked":"champ:SetATrap","floor":6.0},{"not_picked":["champ:BerserkersShout","champ:AdrenalArmor"],"picked":"champ:ShieldSlam","floor":8.0},{"not_picked":["champ:StanceDance","champ:GladiatorStyle"],"picked":"champ:Circumvent","floor":9.0},{"not_picked":["champ:DeathBlow","champ:CrookedStrike"],"picked":"champ:Parry","floor":10.0},{"not_picked":["champ:AdrenalArmor","champ:StanceDance","champ:Shatter"],"picked":"SKIP","floor":11.0},{"not_picked":["champ:CrownThrow","champ:AdrenalArmor","champ:EndlessRage"],"picked":"SKIP","floor":12.0},{"not_picked":["champ:CrownThrow","champ:FlashCut"],"picked":"champ:ShieldWall","floor":13.0},{"not_picked":["champ:BladeFlurry","champ:FancyFootwork"],"picked":"champ:FocusedDefense","floor":15.0}],"player_experience":760348,"relics_obtained":[{"floor":6.0,"key":"Omamori"},{"floor":7.0,"key":"HornCleat"},{"floor":8.0,"key":"CaptainsWheel"},{"floor":12.0,"key":"Bag of Marbles"}],"event_choices":[],"is_beta":false,"boss_relics":[],"items_purged_floors":[],"is_endless":false,"potions_floor_spawned":[2,8,15],"killed_by":"DF_ARCHETYPE_STREAMLINE","ascension_level":1}}