{"host":"4kmvpqjeiacgn1pr","time":1612137084,"event":{"mods":["AchievementEnabler","BaseMod","Better Altar","Better Match","Better Note","Better Sensory Stone","Better Skull","Better Third Choice","Colored Map","Colored Powertips","Curses Come First","Downfall","Highlight Path","Infinite Spire","Minty Spire (QoL Compilation)","Permanent Neow","Quick Restart","Rare Cards Sparkle","Replay The Spire","Shop Mod","Spicy Shops","Spikes Relics","StSLib","Waifu the Spire"],"gold_per_floor":[114,64,24,42,42,42,71,414,414,429,1,1,21,59,59,59,59],"floor_reached":16,"language":"ENG","playtime":748,"items_purged":[],"score":200,"play_id":"35bc80fa-86b6-471d-8452-46a111d78a18","local_time":"20210131185124","is_ascension_mode":true,"campfire_choices":[{"data":"After Image","floor":6,"key":"SMITH"},{"data":"Mayhem","floor":15,"key":"SMITH"}],"circlet_count":0,"master_deck":["AscendersBane","Strike_G","Strike_G","Strike_G","Defend_G","Defend_G","Defend_G","Defend_G","Survivor","Neutralize","Heel Hook","After Image+1","ReplayTheSpireMod:Speed Training","Deadly Poison","Sucker Punch","Fluid Movement","Deadly Poison","Mayhem+1","Leg Sweep","ReplayTheSpireMod:Tripwire"],"relics":["Ring of the Snake","ReplayTheSpireMod:TigerMarble","Pet Ghost","Blood Vial","Byrd Skull","Bronze Scales","HornCleat","CeramicFish"],"acts_visited":["Exordium"],"potions_floor_usage":[7,16,16],"damage_taken":[{"damage":1,"enemies":"Jaw Worm","floor":1,"turns":4},{"damage":0,"enemies":"Small Slimes","floor":4,"turns":5},{"damage":12,"enemies":"3 Sentries","floor":7,"turns":12},{"damage":0,"enemies":"Cultist","floor":10,"turns":3},{"damage":0,"enemies":"3 Louse","floor":13,"turns":3},{"damage":0,"enemies":"Gremlin Nob","floor":14,"turns":4},{"damage":19,"enemies":"Fading Forest","floor":16,"turns":7}],"seed_played":"8105981867329010212","potions_obtained":[{"floor":3,"key":"Elixir"},{"floor":3,"key":"hexamod:SoulburnPotion"},{"floor":3,"key":"Energy Potion"},{"floor":10,"key":"CunningPotion"}],"is_trial":false,"path_per_floor":["M","?","?","M","$","R","E","?","T","M","$","?","M","E","R","B"],"character_chosen":"THE_SILENT","items_purchased":["Bronze Scales","Deadly Poison","HornCleat"],"campfire_rested":0,"item_purchase_floors":[11,11,11],"current_hp_per_floor":[62,62,62,62,62,62,50,3,3,5,5,5,7,9,9,0,0],"gold":59,"neow_bonus":"TRANSFORM_TWO_CARDS","is_daily":false,"chose_seed":false,"campfire_upgraded":2,"win_rate":0.0,"timestamp":1612137084,"path_taken":["M","?","?","?","$","R","E","?","T","?","$","?","M","E","R","BOSS"],"items_purchased_type":["Relic","Card","Relic"],"build_version":"2020-12-22","purchased_purges":0,"victory":false,"max_hp_per_floor":[63,63,63,63,63,63,63,63,63,63,63,63,63,63,63,63,63],"card_choices":[{"not_picked":["Dodge and Roll","Flying Knee"],"picked":"ReplayTheSpireMod:Speed Training","floor":1},{"not_picked":["Hidden Blade","Flying Knee"],"picked":"Deadly Poison","floor":4},{"not_picked":["Prepared","Concentrate"],"picked":"Sucker Punch","floor":7},{"not_picked":["Bane","Dodge and Roll"],"picked":"Fluid Movement","floor":10},{"not_picked":["Dark Shackles","Replay:Sssssssssshield"],"picked":"Mayhem","floor":12},{"not_picked":["Hidden Blade","Deflect"],"picked":"Leg Sweep","floor":13},{"not_picked":["Dagger Spray","Hidden Blade"],"picked":"ReplayTheSpireMod:Tripwire","floor":14}],"player_experience":405021,"relics_obtained":[{"floor":7,"key":"ReplayTheSpireMod:TigerMarble"},{"floor":9,"key":"Byrd Skull"},{"floor":14,"key":"CeramicFish"}],"event_choices":[{"cards_removed":["Strike_G"],"damage_healed":0,"gold_gain":0,"player_choice":"Card Removal","damage_taken":0,"max_hp_gain":0,"max_hp_loss":0,"event_name":"The Cleric","floor":2,"gold_loss":50},{"damage_healed":0,"gold_gain":0,"player_choice":"Bought 3 Potions","damage_taken":0,"max_hp_gain":0,"max_hp_loss":0,"event_name":"The Woman in Blue","floor":3,"gold_loss":0},{"damage_healed":0,"gold_gain":343,"player_choice":"RE RE GO GO GO ","damage_taken":54,"relics_obtained":["Pet Ghost","Blood Vial"],"max_hp_gain":0,"max_hp_loss":0,"event_name":"betterSkull:BetterSkull","floor":8,"gold_loss":0,"cards_upgraded":[]},{"damage_healed":0,"gold_gain":1,"player_choice":"1","damage_taken":0,"max_hp_gain":0,"max_hp_loss":0,"event_name":"betterStone:BetterStone","floor":12,"gold_loss":0}],"is_beta":false,"boss_relics":[],"items_purged_floors":[],"is_endless":false,"potions_floor_spawned":[10,13],"killed_by":"Fading Forest","ascension_level":10}}