{"host":"v4tuy5ykrbdcm9o9","time":1612125320,"event":{"mods":["BaseMod","Duelist Mod","Minty Spire (QoL Compilation)","Replay The Spire","StSLib"],"gold_per_floor":[19,19,19,19,32,50,84,101,101,101,131,131,159,179,179,275,275,295,306,40,54,54,90,90,117,143,26,69,96,137,137,137,245,245,270,270,281,300,221,255,215,235,235,269,269,303,303,376,376,422,422,422,68,135,165],"floor_reached":56,"language":"ENG","playtime":6749,"items_purged":[],"score":1999,"play_id":"01bdf7af-7367-4bdf-9da0-c48ba436262b","local_time":"20210131153520","is_ascension_mode":true,"campfire_choices":[{"floor":10,"key":"RECALL"},{"floor":12,"key":"REST"},{"floor":15,"key":"REST"},{"data":"ReplayTheSpireMod:Scrap Shanks","floor":24,"key":"SMITH"},{"data":"Accuracy","floor":32,"key":"SMITH"},{"data":"ReplayTheSpireMod:The Works","floor":45,"key":"SMITH"},{"data":"Accuracy","floor":47,"key":"SMITH"},{"data":"Cloak And Dagger","floor":49,"key":"SMITH"},{"floor":52,"key":"REST"}],"circlet_count":0,"master_deck":["Strike_G","Strike_G","Strike_G","Strike_G","Strike_G","Defend_G","Defend_G","Defend_G","Defend_G","Defend_G","Survivor+1","Neutralize+1","Flying Knee","Dagger Throw","Cloak And Dagger+1","Toxin Wave","ReplayTheSpireMod:The Works+1","Quick Slash","Dagger Throw","Adrenaline","Terror+1","Acrobatics+1","ReplayTheSpireMod:Scrap Shanks+1","Slice","Escape Plan","Underhanded Strike","Concentrate+1","Accuracy+1","Blade Dance","Underhanded Strike","Choke+1","Burst","Cloak And Dagger","Dagger Throw","ReplayTheSpireMod:Scrap Shanks","Slice+1","Accuracy+1","Underhanded Strike+1","Reflex+1"],"relics":["Ring of the Snake","Unceasing Top","Vajra","Nunchaku","Letter Opener","Centennial Puzzle","Replay:Grab Bag","ReplayTheSpireMod:Onyx Gauntlets","Painkiller Herb","SacredBark","PreservedInsect","MutagenicStrength","CeramicFish","Akabeko","Bag of Preparation","Busted Crown","Darkstone Periapt","Golden Egg","Shuriken","Replay:Bandana","Ice Cream","CaptainsWheel"],"acts_visited":["Exordium","TheCity","TheBeyond","TheEnding"],"potions_floor_usage":[5,7,7,11,11,16,23,38,40,48,50,55,55,55],"damage_taken":[{"damage":0,"enemies":"Jaw Worm","floor":1,"turns":7},{"damage":0,"enemies":"Small Slimes","floor":5,"turns":3},{"damage":0,"enemies":"Cultist","floor":6,"turns":4},{"damage":2,"enemies":"Gremlin Nob","floor":7,"turns":4},{"damage":16,"enemies":"Large Slime","floor":8,"turns":5},{"damage":22,"enemies":"3 Sentries","floor":11,"turns":7},{"damage":31,"enemies":"Replay:BlueRogue","floor":13,"turns":5},{"damage":0,"enemies":"2 Fungi Beasts","floor":14,"turns":2},{"damage":60,"enemies":"The Guardian","floor":16,"turns":14},{"damage":0,"enemies":"Shell Parasite","floor":18,"turns":2},{"damage":6,"enemies":"Spheric Guardian","floor":19,"turns":3},{"damage":5,"enemies":"Shelled Parasite and Fungi","floor":21,"turns":3},{"damage":0,"enemies":"theDuelist:KaibaA2","floor":23,"turns":2},{"damage":2,"enemies":"Cultist and Chosen","floor":25,"turns":3},{"damage":0,"enemies":"Book of Stabbing","floor":28,"turns":1},{"damage":0,"enemies":"3 Cultists","floor":29,"turns":2},{"damage":0,"enemies":"theDuelist:KaibaA2","floor":30,"turns":1},{"damage":0,"enemies":"Automaton","floor":33,"turns":1},{"damage":0,"enemies":"3 Shapes","floor":35,"turns":2},{"damage":0,"enemies":"Orb Walker","floor":37,"turns":1},{"damage":13,"enemies":"Maw","floor":38,"turns":3},{"damage":0,"enemies":"Nemesis","floor":40,"turns":1},{"damage":0,"enemies":"3 Darklings","floor":42,"turns":2},{"damage":0,"enemies":"Reptomancer","floor":44,"turns":1},{"damage":0,"enemies":"R_Hoarder","floor":46,"turns":2},{"damage":0,"enemies":"Transient","floor":48,"turns":4},{"damage":55,"enemies":"Awakened One","floor":50,"turns":6},{"damage":0,"enemies":"Shield and Spear","floor":54,"turns":1},{"damage":31,"enemies":"The Heart","floor":55,"turns":5}],"seed_played":"5174511988246763956","potions_obtained":[{"floor":3,"key":"CunningPotion"},{"floor":3,"key":"Explosive Potion"},{"floor":3,"key":"Energy Potion"},{"floor":7,"key":"FairyPotion"},{"floor":8,"key":"Strength Potion"},{"floor":11,"key":"Fruit Juice"},{"floor":13,"key":"Toxic Potion"},{"floor":16,"key":"Explosive Potion"},{"floor":18,"key":"Toxic Potion"},{"floor":21,"key":"PowerPotion"},{"floor":28,"key":"Flashbang"},{"floor":38,"key":"Energy Potion"},{"floor":44,"key":"Energy Potion"},{"floor":48,"key":"Ancient Potion"},{"floor":54,"key":"GhostInAJar"}],"is_trial":false,"path_per_floor":["M","?","?","$","M","M","E","M","T","R","E","R","E","M","R","B",null,"?","?","T","?","?","E","T","?","T","T","E","?","E","?","T","B",null,"?","?","?","?","T","E","?","?","T","E","T","E","T","?","T","B",null,"T","T","E","B",null],"character_chosen":"THE_SILENT","items_purchased":["PreservedInsect","ReplayTheSpireMod:Scrap Shanks","AttackPotion","Concentrate+1","Accuracy","Dagger Throw","ReplayTheSpireMod:Scrap Shanks","Ice Cream","SkillPotion"],"campfire_rested":3,"item_purchase_floors":[20,20,20,27,27,39,39,53,53],"current_hp_per_floor":[63,68,68,68,68,68,66,50,50,50,33,57,26,26,50,14,64,64,58,58,53,53,53,53,51,51,51,51,51,51,77,77,77,79,79,90,90,77,77,77,77,77,77,77,77,77,77,77,77,22,73,90,90,90,59],"gold":165,"neow_bonus":"ONE_RARE_RELIC","is_daily":false,"chose_seed":false,"campfire_upgraded":5,"win_rate":0.0,"timestamp":1612125320,"path_taken":["M","?","?","$","?","M","E","M","T","R","E","R","E","M","R","BOSS","?","?","T","?","?","E","T","?","T","T","E","?","E","?","T","BOSS","?","?","?","?","T","E","?","?","T","E","T","E","T","?","T","BOSS","T","T","E","BOSS"],"items_purchased_type":["Relic","Card","Potion","Card","Card","Card","Card","Relic","Potion"],"build_version":"2020-12-22","purchased_purges":0,"victory":true,"max_hp_per_floor":[70,75,75,75,75,75,75,75,75,75,80,80,80,80,80,80,80,80,80,80,80,80,80,80,80,80,80,80,80,80,80,80,80,80,80,90,90,90,90,90,90,90,90,90,90,90,90,90,90,90,90,90,90,90,90],"card_choices":[{"not_picked":["Hidden Blade","Skewer"],"picked":"Flying Knee","floor":1},{"not_picked":["Fluid Movement","Sucker Punch"],"picked":"Dagger Throw","floor":5},{"not_picked":["Hidden Blade","PiercingWail"],"picked":"Cloak And Dagger","floor":6},{"not_picked":["Draining Mist","Predator"],"picked":"Toxin Wave","floor":7},{"not_picked":["Prepared","Deadly Poison"],"picked":"ReplayTheSpireMod:The Works","floor":8},{"not_picked":["Heel Hook","ReplayTheSpireMod:The Works"],"picked":"Die Die Die","floor":11},{"not_picked":["Atom Bomb","Dash"],"picked":"Quick Slash","floor":13},{"not_picked":["Deadly Poison","PiercingWail"],"picked":"Dagger Throw","floor":14},{"not_picked":["Burst","Envenom"],"picked":"Adrenaline","floor":16},{"not_picked":["Bane+1","Expertise"],"picked":"Terror+1","floor":18},{"not_picked":["Dagger Spray","ReplayTheSpireMod:Speed Training+1"],"picked":"Acrobatics+1","floor":19},{"not_picked":["Toxin Wave+1","Infinite Blades"],"picked":"Slice","floor":21},{"not_picked":["Quick Slash","Dodge and Roll"],"picked":"Escape Plan","floor":23},{"not_picked":["Backflip","ReplayTheSpireMod:Speed Training"],"picked":"Underhanded Strike","floor":25},{"not_picked":["Footwork","Sucker Punch"],"picked":"Blade Dance","floor":28},{"not_picked":["Glass Knife","Heel Hook"],"picked":"Underhanded Strike","floor":29},{"not_picked":["All Out Attack","Wraith Form v2"],"picked":"Choke+1","floor":30},{"not_picked":["Bullet Time","Wraith Form v2"],"picked":"Burst","floor":33},{"not_picked":[],"picked":"Cloak And Dagger","floor":35},{"not_picked":["Fluid Movement"],"picked":"SKIP","floor":37},{"not_picked":["Poisoned Stab"],"picked":"SKIP","floor":38},{"not_picked":[],"picked":"Slice+1","floor":40},{"not_picked":["Skewer"],"picked":"SKIP","floor":42},{"not_picked":["Setup"],"picked":"SKIP","floor":44},{"not_picked":[],"picked":"Accuracy","floor":46},{"not_picked":[],"picked":"Underhanded Strike+1","floor":48},{"not_picked":[],"picked":"Reflex+1","floor":54}],"player_experience":706717,"relics_obtained":[{"floor":7,"key":"Vajra"},{"floor":9,"key":"Nunchaku"},{"floor":11,"key":"Letter Opener"},{"floor":13,"key":"Centennial Puzzle"},{"floor":23,"key":"CeramicFish"},{"floor":28,"key":"Akabeko"},{"floor":30,"key":"Bag of Preparation"},{"floor":40,"key":"Darkstone Periapt"},{"floor":43,"key":"Golden Egg"},{"floor":44,"key":"Shuriken"},{"floor":46,"key":"Replay:Bandana"},{"floor":54,"key":"CaptainsWheel"}],"event_choices":[{"damage_healed":0,"gold_gain":0,"player_choice":"Donut","damage_taken":0,"max_hp_gain":5,"max_hp_loss":0,"event_name":"Big Fish","floor":2,"gold_loss":0},{"damage_healed":0,"gold_gain":0,"player_choice":"Got Potions","damage_taken":0,"max_hp_gain":0,"max_hp_loss":0,"event_name":"Lab","floor":3,"gold_loss":0},{"damage_healed":0,"gold_gain":0,"player_choice":"Inject Mutagens","damage_taken":0,"relics_obtained":["MutagenicStrength"],"max_hp_gain":0,"max_hp_loss":0,"event_name":"Drug Dealer","floor":22,"gold_loss":0},{"damage_healed":26,"gold_gain":0,"player_choice":"Heal","damage_taken":0,"max_hp_gain":0,"max_hp_loss":0,"event_name":"The Library","floor":31,"gold_loss":0},{"cards_removed":["Die Die Die"],"damage_healed":1,"gold_gain":0,"player_choice":"Offered Rare","damage_taken":0,"max_hp_gain":10,"max_hp_loss":0,"event_name":"Bonfire Elementals","floor":36,"gold_loss":0},{"damage_healed":0,"gold_gain":0,"player_choice":"Upgraded Two","damage_taken":0,"max_hp_gain":0,"max_hp_loss":0,"event_name":"Designer","floor":41,"gold_loss":40,"cards_upgraded":["Neutralize","Survivor"]}],"is_beta":false,"boss_relics":[{"not_picked":["WristBlade","Honey Jar"],"picked":"Replay:Grab Bag"},{"not_picked":["Philosopher\u0027s Stone","Replay:Bronze Core"],"picked":"ReplayTheSpireMod:Onyx Gauntlets"},{"not_picked":["Runic Dome","Fusion Hammer"],"picked":"Painkiller Herb"},{"not_picked":["Kintsugi","Runic Pyramid"],"picked":"SacredBark"},{"not_picked":["HoveringKite","Replay:Drink Me"],"picked":"Busted Crown"}],"items_purged_floors":[],"is_endless":false,"potions_floor_spawned":[7,8,11,13,16,18,21,28,30,38,44,48,54],"ascension_level":7}}