{"host":"pdsyh71gl8fwuuoe","time":1612076726,"event":{"mods":["AchievementEnabler","Ascension Unlocker","BaseMod","Bestiary","Colored Powertips","Curses Come First","Custom Start","Downfall","Highlight Path","Minty Spire (QoL Compilation)","Permanent Neow","Quick Restart","Relic Stats","StSLib"],"gold_per_floor":[99,113,129,129,142,142,142,142,158,174,207,207,107,121,139,239,239,239,252,271,271,271,271,271,271,289,289,308,308,308,308],"floor_reached":29,"language":"ENG","playtime":1196,"items_purged":[],"score":227,"play_id":"b31fea0b-486c-4059-82e4-0f3883294c54","local_time":"20210131020526","is_ascension_mode":false,"campfire_choices":[{"data":"bronze:Virus","floor":1.0,"key":"SMITH"},{"data":"bronze:Invalidate","floor":6.0,"key":"SMITH"},{"data":"bronze:Philosophize","floor":8.0,"key":"SMITH"},{"floor":13,"key":"REST"},{"data":"bronze:MaxOutput","floor":18,"key":"SMITH"},{"data":"bronze:Fortify","floor":27,"key":"SMITH"}],"circlet_count":0,"master_deck":["bronze:Strike","bronze:Strike","bronze:Strike","bronze:Defend","bronze:Defend","bronze:Defend","bronze:Defend","bronze:Replicate","bronze:Goto","bronze:Virus+1","bronze:Invalidate+1","bronze:Philosophize+1","bronze:OilSpill","bronze:OilSpill","bronze:Repulsor","bronze:Fortify+1","bronze:OilSpill","bronze:MaxOutput+1","bronze:Verify","bronze:Overheat","Pain","bronze:MaxOutput+1","bronze:Boost+1","bronze:Frontload"],"relics":["bronze:BronzeCore","Sundial","Darkstone Periapt","downfall:HeartBlessingGreen","Cursed Key","downfall:RedIOU","Mummified Hand"],"acts_visited":["Exordium","TheCity"],"potions_floor_usage":[16,16,20],"damage_taken":[{"damage":0.0,"enemies":"2 Louse","floor":2.0,"turns":2.0},{"damage":0.0,"enemies":"Cultist","floor":3.0,"turns":2.0},{"damage":6.0,"enemies":"Jaw Worm","floor":5.0,"turns":3.0},{"damage":6.0,"enemies":"Large Slime","floor":9.0,"turns":3.0},{"damage":16.0,"enemies":"Exordium Thugs","floor":10.0,"turns":3.0},{"damage":11.0,"enemies":"Lagavulin","floor":11.0,"turns":5.0},{"damage":22,"enemies":"Exordium Wildlife","floor":14,"turns":4},{"damage":0,"enemies":"2 Fungi Beasts","floor":15,"turns":2},{"damage":9,"enemies":"WA_ARCHETYPE_RETAIN","floor":16,"turns":4},{"damage":25,"enemies":"Shell Parasite","floor":19,"turns":3},{"damage":6,"enemies":"Chosen and Byrds","floor":20,"turns":4},{"damage":4,"enemies":"Snecko","floor":26,"turns":2},{"damage":15,"enemies":"Snake Plant","floor":28,"turns":3},{"damage":27,"enemies":"Slavers","floor":29,"turns":3}],"seed_played":"8710933681080859413","potions_obtained":[{"floor":10.0,"key":"SkillPotion"},{"floor":14,"key":"AttackPotion"},{"floor":15,"key":"LiquidBronze"},{"floor":16,"key":"sneckomod:MuddlingPotion"},{"floor":19,"key":"GamblersBrew"}],"is_trial":false,"path_per_floor":["R","M","M","?","M","R","T","R","M","M","E","?","R","M","M","B",null,"R","M","M","?","?","?","T","?","M","R","M","E"],"character_chosen":"THE_AUTOMATON","items_purchased":[],"campfire_rested":1,"item_purchase_floors":[],"current_hp_per_floor":[70,70,70,70,64,64,64,64,58,42,31,13,34,12,12,3,70,70,45,39,39,39,39,45,45,41,41,26,0,0,0],"gold":308,"neow_bonus":"ONE_RANDOM_RARE_CARD","is_daily":false,"chose_seed":false,"campfire_upgraded":5,"win_rate":0.0,"timestamp":1612076726,"path_taken":["R","M","M","?","M","R","T","R","M","?","E","?","R","M","M","BOSS","R","M","M","?","?","?","T","?","M","R","M","E"],"items_purchased_type":[],"build_version":"2020-12-22","purchased_purges":0,"victory":false,"max_hp_per_floor":[70,70,70,70,70,70,70,70,70,70,70,70,70,70,70,70,70,70,70,70,70,70,70,76,76,76,76,76,76,76,76],"relic_stats":{"Darkstone Periapt":6,"counters":[14,43],"Sundial":[2],"Mummified Hand":[12],"Cursed Key":1,"obtain_stats":[{"Darkstone Periapt":12,"bronze:BronzeCore":0,"Sundial":11,"Mummified Hand":24,"downfall:HeartBlessingGreen":13,"downfall:RedIOU":23,"Cursed Key":17,"Mercury Hourglass":7},{"Darkstone Periapt":6,"bronze:BronzeCore":0,"Sundial":6,"Mummified Hand":11,"downfall:HeartBlessingGreen":6,"downfall:RedIOU":11,"Cursed Key":9,"Mercury Hourglass":3},{"Darkstone Periapt":18,"bronze:BronzeCore":0,"Sundial":18,"Mummified Hand":35,"downfall:HeartBlessingGreen":18,"downfall:RedIOU":35,"Cursed Key":28,"Mercury Hourglass":7}]},"card_choices":[{"not_picked":["bronze:BitShift","bronze:CutThrough"],"picked":"bronze:Invalidate","floor":2.0},{"not_picked":["bronze:FineTuning","bronze:WildBeam"],"picked":"bronze:Philosophize","floor":3.0},{"not_picked":["bronze:Separator","bronze:WhirlingStrike"],"picked":"bronze:OilSpill","floor":5.0},{"not_picked":["bronze:Invalidate","bronze:Frontload"],"picked":"bronze:OilSpill","floor":9.0},{"not_picked":["bronze:Branch","bronze:Return"],"picked":"bronze:Repulsor","floor":10.0},{"not_picked":["bronze:OilSpill","bronze:Turbo"],"picked":"bronze:Fortify","floor":11.0},{"not_picked":["bronze:BugBarrage","bronze:ForLoop"],"picked":"bronze:OilSpill","floor":14},{"not_picked":["bronze:Frontload","bronze:WhirlingStrike"],"picked":"bronze:MaxOutput","floor":15},{"not_picked":["bronze:SpaghettiCode","bronze:Format"],"picked":"bronze:Verify","floor":16},{"not_picked":["bronze:Optimize","bronze:Separator"],"picked":"bronze:Overheat","floor":19},{"not_picked":["bronze:Repulsor","bronze:Optimize","bronze:DelayedGuard"],"picked":"SKIP","floor":20},{"not_picked":["bronze:Iterate","bronze:BitShift"],"picked":"bronze:Boost+1","floor":26},{"not_picked":["bronze:NullPointer+1","bronze:Backtrace+1"],"picked":"bronze:Frontload","floor":28}],"player_experience":581581,"relics_obtained":[{"floor":7.0,"key":"Mercury Hourglass"},{"floor":11.0,"key":"Sundial"},{"floor":24,"key":"Mummified Hand"}],"event_choices":[{"damage_healed":0.0,"max_hp_gain":0.0,"max_hp_loss":0.0,"gold_gain":0.0,"event_name":"Scrap Ooze","player_choice":"Success","floor":12.0,"gold_loss":0.0,"damage_taken":18.0,"relics_obtained":["Darkstone Periapt"]}],"is_beta":false,"boss_relics":[{"not_picked":["Empty Cage","Fusion Hammer"],"picked":"Cursed Key"}],"items_purged_floors":[],"is_endless":false,"potions_floor_spawned":[10,14,15,16,19],"killed_by":"Slavers","ascension_level":0}}