{"host":"h8cdlle7aepm4d8g","time":1612130431,"event":{"mods":["AchievementEnabler","BaseMod","Colored Powertips","Downfall","Minty Spire (QoL Compilation)","Quick Restart","Relic Stats","StSLib"],"gold_per_floor":[99,119,139,139,239,265,265,296,296,296,322,338,366,366,379,474,474,474,486,486,586,343,243,243,257,267,296,312,323,323,348,362,463,463,463,476,500,500,231,231,231,131,105,138,138,167,167,194,207,207],"floor_reached":51,"language":"ENG","playtime":2666,"items_purged":["downfall:Malfunctioning","Decay","Pain"],"score":924,"play_id":"ab8cdf4c-7a74-4226-9d7d-d7fe0f3cbae7","local_time":"20210131140031","is_ascension_mode":false,"campfire_choices":[{"data":"Guardian:TwinSlam","floor":1,"key":"SMITH"},{"data":"Guardian:RefractedBeam","floor":9,"key":"SMITH"},{"data":"Guardian:AncientConstruct","floor":18,"key":"SMITH"},{"data":"Guardian:ShieldSpikes","floor":23,"key":"SMITH"},{"data":"Guardian:RefractedBeam+1","floor":30,"key":"SMITH"},{"data":"Guardian:RefractedBeam+2","floor":35,"key":"SMITH"},{"data":"Guardian:RefractedBeam+3","floor":42,"key":"SMITH"},{"data":"Guardian:RefractedBeam+4","floor":45,"key":"SMITH"},{"data":"Guardian:TimeSifter","floor":47,"key":"SMITH"}],"circlet_count":0,"master_deck":["Guardian:Strike_Guardian+1","Guardian:Strike_Guardian+1","Guardian:Strike_Guardian+1","Guardian:Strike_Guardian+1","Guardian:Defend_Guardian","Guardian:Defend_Guardian+1","Guardian:Defend_Guardian","Guardian:Defend_Guardian","Guardian:CurlUp","Guardian:TwinSlam+1","Guardian:RefractedBeam+5","Guardian:ArmoredProtocol","Guardian:PiercingHide","Guardian:PrimingBeam","Guardian:SpikerProtocol","Guardian:AncientConstruct+1","Guardian:ShieldSpikes+1","Guardian:VentSteam","Guardian:FloatingOrbs","Guardian:AncientConstruct","Dramatic Entrance+1","Guardian:BronzeOrb+1","Parasite","Guardian:GuardianWhirl+1","Guardian:SentryBeam+1","Guardian:ShieldSpikes+1","Guardian:SentryBeam+1","Guardian:DonusPower","Guardian:TimeSifter+1","Guardian:TimeCapacitor","Parasite","Guardian:BodySlam+1","Guardian:Planning","Guardian:ShieldCharger","Guardian:SpikerProtocol+1"],"relics":["Guardian:ModeShifter","Meat on the Bone","Toy Ornithopter","Bird Faced Urn","Nunchaku","Molten Egg 2","Whetstone","Cursed Key","downfall:GremlinSack","Sling","downfall:HeartBlessingGreen","Darkstone Periapt","Centennial Puzzle","Matryoshka","SacredBark","Shuriken","Vajra","Bronze Scales","downfall:HeartBlessingBlue","Bag of Preparation","CaptainsWheel","Question Card","Dream Catcher"],"acts_visited":["Exordium","TheCity","TheBeyond"],"potions_floor_usage":[6,16,21,29,33,33,43,50,50,50],"damage_taken":[{"damage":4,"enemies":"2 Louse","floor":2,"turns":4},{"damage":0,"enemies":"Small Slimes","floor":3,"turns":3},{"damage":15,"enemies":"3 Sentries","floor":6,"turns":11},{"damage":20,"enemies":"Gremlin Nob","floor":8,"turns":6},{"damage":10,"enemies":"Lagavulin","floor":11,"turns":8},{"damage":6,"enemies":"Cultist","floor":12,"turns":3},{"damage":6,"enemies":"Gremlin Nob","floor":13,"turns":4},{"damage":8,"enemies":"3 Louse","floor":15,"turns":3},{"damage":9,"enemies":"IC_STATUS_ARCHETYPE","floor":16,"turns":6},{"damage":10,"enemies":"3 Byrds","floor":19,"turns":5},{"damage":0,"enemies":"3 Byrds","floor":21,"turns":5},{"damage":0,"enemies":"downfall:FleeingMerchant","floor":22,"turns":4},{"damage":12,"enemies":"Shell Parasite","floor":25,"turns":5},{"damage":9,"enemies":"Snecko","floor":26,"turns":8},{"damage":8,"enemies":"Gremlin Leader","floor":27,"turns":5},{"damage":6,"enemies":"Cultist and Chosen","floor":28,"turns":3},{"damage":14,"enemies":"Centurion and Healer","floor":29,"turns":6},{"damage":4,"enemies":"Book of Stabbing","floor":31,"turns":4},{"damage":5,"enemies":"Snake Plant","floor":32,"turns":5},{"damage":40,"enemies":"DF_ARCHETYPE_CLAW","floor":33,"turns":6},{"damage":0,"enemies":"3 Shapes","floor":36,"turns":3},{"damage":4,"enemies":"downfall:FleeingMerchant","floor":39,"turns":4},{"damage":9,"enemies":"downfall:FleeingMerchant","floor":43,"turns":4},{"damage":25,"enemies":"Giant Head","floor":44,"turns":6},{"damage":4,"enemies":"Nemesis","floor":46,"turns":3},{"damage":16,"enemies":"Reptomancer","floor":48,"turns":4},{"damage":0,"enemies":"3 Darklings","floor":49,"turns":4},{"damage":32,"enemies":"SI_POISON_ARCHETYPE","floor":50,"turns":5}],"seed_played":"5077132009238721705","potions_obtained":[{"floor":3,"key":"Dexterity Potion"},{"floor":12,"key":"hexamod:SoulburnPotion"},{"floor":13,"key":"BlessingOfTheForge"},{"floor":19,"key":"Energy Potion"},{"floor":20,"key":"CultistPotion"},{"floor":26,"key":"Block Potion"},{"floor":29,"key":"Fire Potion"},{"floor":33,"key":"DuplicationPotion"},{"floor":46,"key":"SpeedPotion"}],"is_trial":false,"path_per_floor":["R","M","M","?","?","E","T","E","R","?","E","M","E","T","M","B",null,"R","M","?","?","$","R","T","M","M","E","M","M","R","E","M","B",null,"R","M","?","?","$","?","T","R","$","E","R","E","R","E","M","B",null],"character_chosen":"GUARDIAN","items_purchased":["Sling","Vajra","bronze:BurnAndBuffPotion","Bag of Preparation"],"campfire_rested":0,"item_purchase_floors":[22,39,43,43],"current_hp_per_floor":[88,84,84,84,84,69,69,49,49,49,53,49,45,45,51,51,88,88,82,82,88,88,88,88,76,75,71,67,64,64,66,69,55,88,88,88,94,94,94,94,100,110,110,88,88,92,92,80,90,82],"gold":207,"neow_bonus":"TEN_PERCENT_HP_BONUS","is_daily":false,"chose_seed":false,"campfire_upgraded":9,"win_rate":0.0,"timestamp":1612130431,"path_taken":["R","M","M","?","?","E","T","E","R","?","E","M","E","?","M","BOSS","R","M","?","?","$","R","T","?","M","E","M","M","R","E","M","BOSS","R","M","?","?","$","?","T","R","$","E","R","E","R","E","M","BOSS"],"items_purchased_type":["Relic","Relic","Potion","Relic"],"build_version":"2020-12-22","purchased_purges":3,"victory":true,"max_hp_per_floor":[88,88,88,88,88,88,88,88,88,88,88,88,88,88,88,88,88,88,88,88,88,88,88,88,88,88,88,88,88,88,88,88,88,88,88,88,94,94,94,94,100,110,110,110,110,110,110,110,110,110],"relic_stats":{"Darkstone Periapt":12,"counters":[28,137],"Bag of Preparation":[10],"Whetstone":["Guardian:Strike_Guardian","Guardian:Strike_Guardian"],"Cursed Key":3,"Question Card":2,"Nunchaku":[23],"Centennial Puzzle":[33],"Dream Catcher":0,"Shuriken":[19],"Bird Faced Urn":[97],"Bronze Scales":[60],"obtain_stats":[{"Darkstone Periapt":24,"SacredBark":34,"Guardian:ModeShifter":0,"Vajra":39,"downfall:HeartBlessingGreen":23,"Bag of Preparation":43,"Whetstone":14,"Cursed Key":17,"Sling":22,"Question Card":46,"Nunchaku":11,"Centennial Puzzle":27,"CaptainsWheel":44,"Dream Catcher":48,"Matryoshka":31,"downfall:GremlinSack":21,"Shuriken":37,"downfall:HeartBlessingBlue":42,"Bird Faced Urn":8,"Bronze Scales":41,"Molten Egg 2":13,"Toy Ornithopter":7,"Meat on the Bone":6},{"Darkstone Periapt":12,"SacredBark":20,"Guardian:ModeShifter":0,"Vajra":22,"downfall:HeartBlessingGreen":12,"Bag of Preparation":23,"Whetstone":7,"Cursed Key":9,"Sling":12,"Question Card":25,"Nunchaku":5,"Centennial Puzzle":15,"CaptainsWheel":24,"Dream Catcher":26,"Matryoshka":18,"downfall:GremlinSack":11,"Shuriken":21,"downfall:HeartBlessingBlue":22,"Bird Faced Urn":4,"Bronze Scales":22,"Molten Egg 2":7,"Toy Ornithopter":3,"Meat on the Bone":3},{"Darkstone Periapt":62,"SacredBark":104,"Guardian:ModeShifter":0,"Vajra":111,"downfall:HeartBlessingGreen":62,"Bag of Preparation":115,"Whetstone":39,"Cursed Key":48,"Sling":62,"Question Card":124,"Nunchaku":32,"Centennial Puzzle":80,"CaptainsWheel":121,"Dream Catcher":128,"Matryoshka":93,"downfall:GremlinSack":58,"Shuriken":107,"downfall:HeartBlessingBlue":111,"Bird Faced Urn":24,"Bronze Scales":111,"Molten Egg 2":39,"Toy Ornithopter":18,"Meat on the Bone":18}],"Toy Ornithopter":45,"Meat on the Bone":36},"card_choices":[{"not_picked":["Guardian:Suspension","Guardian:TemporalShield"],"picked":"Guardian:Gem_Crimson","floor":2},{"not_picked":["Guardian:Gem_Yellow","Guardian:CrystalBeam"],"picked":"Guardian:RefractedBeam","floor":3},{"not_picked":["Guardian:WalkerClaw","Guardian:TemporalShield"],"picked":"Guardian:ArmoredProtocol","floor":6},{"not_picked":["Guardian:MultiBeam","Guardian:Recover"],"picked":"Guardian:PiercingHide","floor":8},{"not_picked":["Guardian:PiercingHide","Guardian:CrystalBeam"],"picked":"Guardian:PrimingBeam","floor":11},{"not_picked":["Guardian:TemporalShield","Guardian:StasisField"],"picked":"Guardian:SpikerProtocol","floor":12},{"not_picked":["Guardian:TimeSifter","Guardian:Emergency"],"picked":"Guardian:Gem_Crimson","floor":13},{"not_picked":["Guardian:VentSteam","Guardian:TemporalStrike+1","Guardian:Gem_Blue"],"picked":"SKIP","floor":15},{"not_picked":["Guardian:ExploitGems","Guardian:StasisStrike+1"],"picked":"Guardian:AncientConstruct","floor":16},{"not_picked":["Guardian:Emergency","Guardian:ChargeCore+1"],"picked":"Guardian:ShieldSpikes","floor":19},{"not_picked":["Guardian:Gem_Lightblue","Guardian:Emergency+1"],"picked":"Guardian:BronzeOrb+1","floor":22},{"not_picked":["Guardian:ArmoredProtocol","Guardian:BronzeOrb+1"],"picked":"Guardian:GuardianWhirl+1","floor":25},{"not_picked":["Guardian:WalkerClaw+1","Guardian:TemporalStrike+1"],"picked":"Guardian:SentryBeam+1","floor":26},{"not_picked":["Guardian:BronzeOrb+1","Guardian:PiercingHide"],"picked":"Guardian:Gem_Orange","floor":27},{"not_picked":["Guardian:Preprogram+1","Guardian:WalkerClaw+1"],"picked":"Guardian:Gem_Red","floor":28},{"not_picked":["Guardian:Emergency+1","Guardian:TemporalShield"],"picked":"Guardian:ShieldSpikes+1","floor":29},{"not_picked":["Guardian:Suspension+1","Guardian:PiercingHide"],"picked":"Guardian:SentryBeam+1","floor":31},{"not_picked":["Guardian:PolyBeam+1","Guardian:BronzeOrb+1"],"picked":"Guardian:DonusPower","floor":32},{"not_picked":["Guardian:ExploitGems","Guardian:StasisField"],"picked":"Guardian:TimeSifter","floor":33},{"not_picked":["Guardian:PiercingHide+1","Guardian:WalkerClaw+1"],"picked":"Guardian:TimeCapacitor","floor":36},{"not_picked":["Guardian:SpikerProtocol","Guardian:WalkerClaw+1","Guardian:RefractedBeam+1"],"picked":"SKIP","floor":39},{"not_picked":["Guardian:PiercingHide","Guardian:WalkerClaw+1"],"picked":"Guardian:BodySlam+1","floor":43},{"not_picked":["Guardian:RefractedBeam+1","Guardian:Gem_Fragmented"],"picked":"Guardian:Gem_Red","floor":44},{"not_picked":["Guardian:PiercingHide+1","Guardian:AncientConstruct"],"picked":"Guardian:Planning","floor":46},{"not_picked":["Guardian:ArmoredProtocol+1","Guardian:Recover+1","Guardian:Gem_Blue"],"picked":"Guardian:ShieldCharger","floor":48},{"not_picked":["Guardian:TemporalShield","Guardian:Suspension","Guardian:Gem_Green"],"picked":"Guardian:SpikerProtocol+1","floor":49}],"player_experience":68586,"relics_obtained":[{"floor":6,"key":"Meat on the Bone"},{"floor":7,"key":"Toy Ornithopter"},{"floor":8,"key":"Bird Faced Urn"},{"floor":11,"key":"Nunchaku"},{"floor":13,"key":"Molten Egg 2"},{"floor":14,"key":"Whetstone"},{"floor":21,"key":"downfall:GremlinSack"},{"floor":24,"key":"Darkstone Periapt"},{"floor":27,"key":"Centennial Puzzle"},{"floor":31,"key":"Matryoshka"},{"floor":37,"key":"Shuriken"},{"floor":41,"key":"Bronze Scales"},{"floor":44,"key":"CaptainsWheel"},{"floor":46,"key":"Question Card"},{"floor":48,"key":"Dream Catcher"}],"event_choices":[],"is_beta":false,"boss_relics":[{"not_picked":["Busted Crown","Runic Pyramid"],"picked":"Cursed Key"},{"not_picked":["Black Star","Tiny House"],"picked":"SacredBark"}],"items_purged_floors":[22,39,43],"is_endless":false,"potions_floor_spawned":[3,12,13,19,26,27,29,33,46,48],"ascension_level":0}}