{"host":"hl2lcm3kcu0x5jvn","time":1612071718,"event":{"mods":["AchievementEnabler","BaseMod","Conspire","Downfall","Friendly Minions","Highlight Path","Hubris","Infinite Spire","Lobotomy","Minty Spire (QoL Compilation)","Replay The Spire","Shop Mod","StSLib","everything is the same but u backflip on backflip"],"gold_per_floor":[113,124,138,149,249,275,97,97,97,116,116,116,126,139,139,242,242,262,272,291,307,307,307],"floor_reached":22,"language":"ENG","playtime":1962,"items_purged":[],"score":242,"play_id":"8af1a131-c74d-4cd9-a56e-4db4a988eb00","local_time":"20210131124158","is_ascension_mode":false,"campfire_choices":[],"circlet_count":0,"master_deck":["SpecialBullet","SpecialBullet","SpecialBullet","SpecialBullet","SpecialBullet","SpecialBullet","SpecialBullet","SpecialBullet","InformationCode","SecurityCode","TrainingCode","Twilight","BearPaw","Bloodbath","MagicBullet","TodaysExpression","WristCuter","UniverseFragment","Penitence","Apotheosis","PunishingBird","RapturousDream","ControlCode","hubris:DuctTapeCard","SpiderBud","FrostShard","Wellcheers","Noise","CENSORED_ego","Horn+1","ShyLook","GreedKing","FourthMatchFlame","OSAHOGD","ScreamingWedge+1","MeatLantern","Logging"],"relics":["CogitoBucket","infinitespire:Lucky Rock","infinitespire:Satchel","LuminousBracelet","hubris:DuctTape","conspire:RoyalGoblet","HellTrain"],"acts_visited":["Exordium","TheCity"],"potions_floor_usage":[10,16,16,16],"damage_taken":[{"damage":11,"enemies":"Jaw Worm","floor":1,"turns":2},{"damage":10,"enemies":"conspire:RoseBush","floor":2,"turns":3},{"damage":8,"enemies":"Small Slimes","floor":3,"turns":3},{"damage":12,"enemies":"Looter","floor":4,"turns":3},{"damage":18,"enemies":"3 Sentries","floor":6,"turns":4},{"damage":9,"enemies":"3 Louse","floor":10,"turns":2},{"damage":14,"enemies":"conspire:2 RoseBushes","floor":13,"turns":2},{"damage":28,"enemies":"Large Slime","floor":14,"turns":7},{"damage":68,"enemies":"Fading Forest","floor":16,"turns":11},{"damage":34,"enemies":"conspire:FuzzyDice","floor":18,"turns":6},{"damage":63,"enemies":"Shell Parasite","floor":19,"turns":8},{"damage":21,"enemies":"conspire:HollyBat","floor":20,"turns":9},{"damage":21,"enemies":"Snake Plant","floor":21,"turns":4},{"damage":100,"enemies":"Shelled Parasite and Fungi","floor":22,"turns":5}],"seed_played":"609177055432343091","potions_obtained":[{"floor":4,"key":"Ancient Potion"},{"floor":6,"key":"EssenceOfSteel"},{"floor":10,"key":"Toxic Potion"},{"floor":13,"key":"SpeedPotion"},{"floor":20,"key":"DuplicationPotion"}],"is_trial":false,"path_per_floor":["M","M","M","M","?","E","$","R","T","M","R","?","M","M","R","B",null,"M","M","M","M","M"],"character_chosen":"Angela","items_purchased":["Apotheosis"],"campfire_rested":0,"item_purchase_floors":[7],"current_hp_per_floor":[67,65,66,63,63,57,57,57,57,80,80,80,84,79,79,55,85,80,64,66,72,0,0],"gold":307,"neow_bonus":"ONE_RANDOM_RARE_CARD","is_daily":false,"chose_seed":false,"campfire_upgraded":0,"win_rate":0.0,"timestamp":1612071718,"path_taken":["M","M","M","M","?","E","$","R","T","M","R","?","M","?","R","BOSS","M","M","M","M","M"],"items_purchased_type":["Card"],"build_version":"2020-12-22","purchased_purges":0,"victory":false,"max_hp_per_floor":[70,70,70,70,70,70,70,70,70,85,85,85,85,85,85,85,85,85,85,85,85,85,85],"card_choices":[{"not_picked":["Diffraction"],"picked":"BearPaw","floor":1},{"not_picked":["SpiderBud","CherryBlossoms"],"picked":"Bloodbath","floor":2},{"not_picked":["FeatherOfHonor"],"picked":"MagicBullet","floor":2},{"not_picked":["Logging"],"picked":"TodaysExpression","floor":3},{"not_picked":["FieryBird","FairyFestival"],"picked":"Scorched","floor":3},{"not_picked":["TheSmile"],"picked":"WristCuter","floor":4},{"not_picked":["Yin","Murderer"],"picked":"UniverseFragment","floor":4},{"not_picked":["TodaysExpression"],"picked":"Penitence","floor":6},{"not_picked":["WhitesApple","BeautyBeast"],"picked":"OldLady","floor":6},{"not_picked":["ShyLook","Murderer"],"picked":"PunishingBird","floor":10},{"not_picked":["TodaysExpression"],"picked":"RapturousDream","floor":10},{"not_picked":["CherryBlossoms","DespairKnight"],"picked":"SpiderBud","floor":13},{"not_picked":["Loneliness"],"picked":"FrostShard","floor":13},{"not_picked":["MHz","CherryBlossoms"],"picked":"Wellcheers","floor":14},{"not_picked":["CherryBlossom"],"picked":"Noise","floor":14},{"not_picked":["Mimicry"],"picked":"CENSORED_ego","floor":16},{"not_picked":["Pleasure"],"picked":"Horn+1","floor":18},{"not_picked":["LongBird","QueenOfHatred"],"picked":"ShyLook","floor":18},{"not_picked":["BigBird","MeltingLove"],"picked":"GreedKing","floor":19},{"not_picked":["Noise+1"],"picked":"FourthMatchFlame","floor":19},{"not_picked":["HeroicMonk","Rudolta"],"picked":"OSAHOGD","floor":20},{"not_picked":["FourthMatchFlame+1"],"picked":"ScreamingWedge+1","floor":20},{"not_picked":["DespairKnight","LaLuna"],"picked":"MeatLantern","floor":21},{"not_picked":["Wingbeat"],"picked":"Logging","floor":21}],"player_experience":118159,"relics_obtained":[{"floor":6,"key":"infinitespire:Lucky Rock"},{"floor":9,"key":"infinitespire:Satchel"},{"floor":12,"key":"hubris:DuctTape"}],"event_choices":[{"damage_healed":0,"gold_gain":100,"player_choice":"Pray","damage_taken":0,"max_hp_gain":0,"max_hp_loss":0,"event_name":"Golden Shrine","floor":5,"gold_loss":0}],"is_beta":false,"boss_relics":[{"not_picked":["Ring of Chaos","Kintsugi"],"picked":"conspire:RoyalGoblet"}],"items_purged_floors":[],"is_endless":false,"potions_floor_spawned":[4,6,10,13,20],"killed_by":"Shelled Parasite and Fungi","ascension_level":0}}