{"host":"k7udt7atmcuzf6l0","time":1612095657,"event":{"mods":["AchievementEnabler","BaseMod","BetterRewards","Colored Map","Colored Powertips","Highlight Path","Minty Spire (QoL Compilation)","Quick Restart","Rare Cards Sparkle","Relic Stats","StSLib","UnlockEverythingMod"],"gold_per_floor":[115,135,84,98,98,98,111,111,111,142,156,156,168,185,185,286,286,296,95,113,129,140,140,172,172,172,172,172],"floor_reached":27,"language":"ZHS","playtime":548,"items_purged":[],"score":237,"play_id":"877ef832-fae7-4938-8524-6c58897954fd","local_time":"20210131202057","is_ascension_mode":false,"campfire_choices":[{"data":"Flex","floor":6,"key":"SMITH"},{"data":"Cleave","floor":8,"key":"SMITH"},{"data":"Spot Weakness","floor":12,"key":"SMITH"},{"data":"Limit Break","floor":15,"key":"SMITH"},{"floor":23,"key":"REST"},{"data":"Heavy Blade","floor":25,"key":"SMITH"}],"circlet_count":0,"master_deck":["Strike_R","Strike_R","Strike_R","Strike_R","Strike_R","Defend_R","Defend_R","Defend_R","Bash","Cleave+1","Flex+1","Headbutt","Dropkick","Spot Weakness+1","Limit Break+1","Sword Boomerang","Brutality","Seeing Red","Twin Strike","Warcry+1","Ghostly Armor+1","Heavy Blade+1"],"relics":["Burning Blood","NeowsBlessing","Ancient Tea Set","Mummified Hand","Black Star","Bag of Preparation","Kunai","PreservedInsect","StrikeDummy"],"acts_visited":["Exordium","TheCity"],"potions_floor_usage":[10,14,20,24,27],"damage_taken":[{"damage":0,"enemies":"Cultist","floor":1,"turns":1},{"damage":0,"enemies":"2 Louse","floor":2,"turns":1},{"damage":0,"enemies":"Jaw Worm","floor":4,"turns":1},{"damage":14,"enemies":"Exordium Thugs","floor":7,"turns":4},{"damage":35,"enemies":"Gremlin Nob","floor":10,"turns":4},{"damage":7,"enemies":"Blue Slaver","floor":11,"turns":2},{"damage":8,"enemies":"2 Fungi Beasts","floor":13,"turns":3},{"damage":13,"enemies":"Lots of Slimes","floor":14,"turns":4},{"damage":31,"enemies":"The Guardian","floor":16,"turns":8},{"damage":10,"enemies":"Chosen","floor":18,"turns":3},{"damage":12,"enemies":"Spheric Guardian","floor":20,"turns":3},{"damage":19,"enemies":"Snecko","floor":21,"turns":4},{"damage":48,"enemies":"Chosen and Byrds","floor":22,"turns":5},{"damage":31,"enemies":"Book of Stabbing","floor":24,"turns":3},{"damage":20,"enemies":"Slavers","floor":27,"turns":1}],"seed_played":"7852159119664403239","potions_obtained":[{"floor":1,"key":"ColorlessPotion"},{"floor":13,"key":"HeartOfIron"},{"floor":16,"key":"Swift Potion"},{"floor":21,"key":"Swift Potion"},{"floor":24,"key":"Dexterity Potion"}],"is_trial":false,"path_per_floor":["M","M","$","M","?","R","M","R","T","E","M","R","M","M","R","B",null,"M","$","M","M","M","R","E","R","T","E"],"character_chosen":"IRONCLAD","items_purchased":["Flex","Bag of Preparation","Twin Strike"],"campfire_rested":1,"item_purchase_floors":[3,19,19],"current_hp_per_floor":[80,80,80,80,80,80,72,72,72,43,42,42,40,33,33,8,80,76,76,70,57,15,39,14,14,14,0,0],"gold":172,"neow_bonus":"THREE_ENEMY_KILL","is_daily":false,"chose_seed":false,"campfire_upgraded":5,"win_rate":0.0,"timestamp":1612095657,"path_taken":["M","M","$","M","?","R","M","R","T","E","M","R","M","M","R","BOSS","M","$","M","M","?","R","E","R","T","E"],"items_purchased_type":["Card","Relic","Card"],"build_version":"2020-12-22","purchased_purges":0,"victory":false,"max_hp_per_floor":[80,80,80,80,80,80,80,80,80,80,80,80,80,80,80,80,80,80,80,80,80,80,80,80,80,80,80,80],"relic_stats":{"counters":[15,47],"Mummified Hand":[4],"PreservedInsect":39,"Black Star":1,"Bag of Preparation":[10],"Kunai":[1],"obtain_stats":[{"NeowsBlessing":0,"Mummified Hand":10,"PreservedInsect":24,"Black Star":17,"Bag of Preparation":19,"Kunai":24,"Ancient Tea Set":9,"StrikeDummy":26,"Burning Blood":0},{"NeowsBlessing":0,"Mummified Hand":5,"PreservedInsect":14,"Black Star":9,"Bag of Preparation":10,"Kunai":14,"Ancient Tea Set":4,"StrikeDummy":14,"Burning Blood":0},{"NeowsBlessing":0,"Mummified Hand":11,"PreservedInsect":46,"Black Star":28,"Bag of Preparation":31,"Kunai":46,"Ancient Tea Set":7,"StrikeDummy":46,"Burning Blood":0}],"Burning Blood":66},"card_choices":[{"not_picked":["Disarm","Blood for Blood","Havoc"],"picked":"SKIP","floor":1},{"not_picked":["Fire Breathing","Rampage"],"picked":"Cleave","floor":2},{"not_picked":["Entrench","True Grit"],"picked":"Headbutt","floor":4},{"not_picked":["Flex","Wild Strike","Ghostly Armor"],"picked":"SKIP","floor":7},{"not_picked":["Heavy Blade","Second Wind"],"picked":"Dropkick","floor":10},{"not_picked":["Clothesline","Heavy Blade"],"picked":"Spot Weakness","floor":11},{"not_picked":["Thunderclap","Metallicize"],"picked":"Limit Break","floor":13},{"not_picked":["Armaments","True Grit"],"picked":"Sword Boomerang","floor":14},{"not_picked":["Barricade","Feed"],"picked":"Brutality","floor":16},{"not_picked":["Anger","Entrench+1"],"picked":"Seeing Red","floor":18},{"not_picked":["Sword Boomerang","Havoc"],"picked":"Warcry+1","floor":20},{"not_picked":["Metallicize","Cleave","True Grit+1"],"picked":"SKIP","floor":21},{"not_picked":["Bludgeon","Pommel Strike"],"picked":"Ghostly Armor+1","floor":22},{"not_picked":["True Grit+1","Rampage"],"picked":"Heavy Blade","floor":24}],"player_experience":19527,"relics_obtained":[{"floor":9,"key":"Ancient Tea Set"},{"floor":10,"key":"Mummified Hand"},{"floor":24,"key":"Kunai"},{"floor":24,"key":"PreservedInsect"},{"floor":26,"key":"StrikeDummy"}],"event_choices":[{"cards_removed":["Defend_R"],"damage_healed":0,"gold_gain":0,"player_choice":"Purged","damage_taken":0,"max_hp_gain":0,"max_hp_loss":0,"event_name":"Purifier","floor":5,"gold_loss":0}],"is_beta":false,"boss_relics":[{"not_picked":["Runic Pyramid","Busted Crown"],"picked":"Black Star"}],"items_purged_floors":[],"is_endless":false,"potions_floor_spawned":[1,13,16,21,24],"killed_by":"Slavers","ascension_level":0}}