{"host":"ekyl8r8j8fco3zlk","time":1612100913,"event":{"mods":["ATMod(∞¢Ë™Mod)","Act Like it!","Arknights","BaseMod","CapriCore","Decade(Õı–°√˜)","Dota2Spire","Friendly Minions","Gensokyo","Marisa£®ÏF”Í°°ƒß¿Ì…≥£©","Minty Spire (QoL Compilation)","READ ME - Guardian Mod","Rare Cards Sparkle","Reimu£®≤©¿ˆ¡È√Œ£©","StSLib","The Alterego","The Immortal","The Jungle","The Senshi","TheWitcher","Waifu the Spire","WarShipGirlsR/’ΩΩ¢…Ÿ≈ÆR mod","Yakumo Yukari mod","°æ“≈ŒÔø®≈∆°øREMEMod"],"gold_per_floor":[115,132,132,7,26,26,39,39,39,39,68,82,82,82,82,183,183,163,163],"floor_reached":18,"language":"ZHS","playtime":904,"items_purged":[],"score":162,"play_id":"38666f54-4cf7-45eb-ab0f-b090f3ebce24","local_time":"20210131214833","is_ascension_mode":false,"campfire_choices":[{"data":"alterego_mod:Punishment","floor":6,"key":"SMITH"},{"data":"alterego_mod:Impale","floor":8,"key":"SMITH"},{"data":"alterego_mod:BrynhildrsRune","floor":10,"key":"SMITH"},{"data":"alterego_mod:GoddessCore","floor":13,"key":"SMITH"},{"data":"alterego_mod:BustOut","floor":15,"key":"SMITH"}],"circlet_count":0,"master_deck":["alterego_mod:Strike","alterego_mod:Strike","alterego_mod:Strike","alterego_mod:Defend","alterego_mod:Defend","alterego_mod:Defend","alterego_mod:Defend","alterego_mod:Impale+1","alterego_mod:BigMeatyClaws","alterego_mod:BrynhildrsRune+1","Good Instincts","AT_ShadowStep","alterego_mod:Lingerie","alterego_mod:Undulate","alterego_mod:BusterCard","alterego_mod:Punishment+1","alterego_mod:BiFurious","alterego_mod:BustOut+1","alterego_mod:GoddessCore+1","alterego_mod:Smother","alterego_mod:Schoolgirl","alterego_mod:Stockings","alterego_mod:Cycle","alterego_mod:Santa","alterego_mod:STier"],"relics":["alterego_mod:MasochisticConstitution","AT_ATBox","REME_ComplimentaryCards","InkBottle","PureWhite:ReiMu","SlaversCollar"],"acts_visited":["Exordium","TheCity"],"potions_floor_usage":[12,16],"damage_taken":[{"damage":1,"enemies":"Jaw Worm","floor":1,"turns":8},{"damage":13,"enemies":"Cultist","floor":2,"turns":4},{"damage":0,"enemies":"Small Slimes","floor":5,"turns":3},{"damage":16,"enemies":"3 Louse","floor":7,"turns":3},{"damage":21,"enemies":"Lagavulin","floor":11,"turns":4},{"damage":3,"enemies":"Exordium Thugs","floor":12,"turns":7},{"damage":59,"enemies":"Hexaghost","floor":16,"turns":10},{"damage":52,"enemies":"2 Thieves","floor":18,"turns":6}],"seed_played":"6349562124320700129","potions_obtained":[{"floor":1,"key":"Dota2Spire:HealingSalve"},{"floor":5,"key":"LiquidBronze"},{"floor":11,"key":"SmokeBomb"}],"is_trial":false,"path_per_floor":["M","M","?","$","M","R","M","R","T","R","E","M","R","?","R","B",null,"M"],"character_chosen":"The_Alterego","items_purchased":["alterego_mod:BusterCard","alterego_mod:Punishment"],"campfire_rested":0,"item_purchase_floors":[4,4],"current_hp_per_floor":[70,65,65,65,65,65,50,50,50,50,30,53,53,53,53,2,76,25,25],"gold":163,"neow_bonus":"REMOVE_CARD","is_daily":false,"chose_seed":false,"campfire_upgraded":5,"win_rate":0.0,"timestamp":1612100913,"path_taken":["M","M","?","?","M","R","M","R","T","R","E","?","R","?","R","BOSS","M"],"items_purchased_type":["Card","Card"],"build_version":"2020-12-22","purchased_purges":0,"victory":false,"max_hp_per_floor":[71,72,72,72,72,72,73,73,73,73,74,75,75,75,75,76,76,77,77],"card_choices":[{"not_picked":["alterego_mod:PerceptionDisorder","alterego_mod:1TonWallop"],"picked":"alterego_mod:Lingerie","floor":1},{"not_picked":["alterego_mod:Pet","alterego_mod:Bunnysuit"],"picked":"alterego_mod:Undulate","floor":2},{"not_picked":["alterego_mod:Swimsuit","alterego_mod:RidiculouslyBig","alterego_mod:Bunnysuit"],"picked":"SKIP","floor":5},{"not_picked":["alterego_mod:Belts","alterego_mod:DeftHands"],"picked":"alterego_mod:BiFurious","floor":7},{"not_picked":["alterego_mod:BiFurious","alterego_mod:Punishment"],"picked":"alterego_mod:BustOut","floor":11},{"not_picked":["alterego_mod:Jiggle","alterego_mod:RocketPunch"],"picked":"alterego_mod:GoddessCore","floor":12},{"not_picked":["alterego_mod:Vow","alterego_mod:InsideBaseball"],"picked":"alterego_mod:STier","floor":16}],"player_experience":585673,"relics_obtained":[{"floor":9,"key":"InkBottle"},{"floor":11,"key":"PureWhite:ReiMu"}],"event_choices":[{"damage_healed":0,"gold_gain":0,"player_choice":"Ignored","damage_taken":0,"max_hp_gain":0,"max_hp_loss":0,"event_name":"NoteForYourself","floor":3,"gold_loss":0}],"is_beta":false,"boss_relics":[{"not_picked":["Runic Dome","Ectoplasm"],"picked":"SlaversCollar"}],"items_purged_floors":[],"is_endless":false,"potions_floor_spawned":[1,5,11],"killed_by":"2 Thieves","ascension_level":0}}