{"host":"zyv4qd6no272sqjf","time":1612058872,"event":{"mods":["AchievementEnabler","BaseMod","Colored Map","Downfall","Minty Spire (QoL Compilation)","Relic Stats","Slay the Relics Exporter","StSLib","everything is the same but u backflip on backflip"],"gold_per_floor":[99,117,117,134,149,149,149,166,185,200,200,213,115,115,133,238,288,288,288,288,298,298,298,298,330,330,53,85,100,115,47,63,63,63,63],"floor_reached":33,"language":"ENG","playtime":2249,"items_purged":[],"score":329,"play_id":"d175a9c0-1f5d-4627-a307-b2ef455e9013","local_time":"20210131120752","is_ascension_mode":false,"campfire_choices":[{"data":"Slimebound:Tackle","floor":1,"key":"SMITH"},{"data":"Slimebound:LivingWall","floor":6,"key":"SMITH"},{"floor":18,"key":"DIG"},{"floor":23,"key":"DIG"}],"circlet_count":0,"master_deck":["Slimebound:Tackle+1","Slimebound:Defend_Slimebound+1","Slimebound:Defend_Slimebound+1","Slimebound:Defend_Slimebound+1","Slimebound:Split","Slimebound:CorrosiveSpit","Slimebound:GoopSpray","Slimebound:Repurpose","Slimebound:LivingWall+1","Slimebound:SamplingLick","Slimebound:GrowthPunch+1","Slimebound:Prepare","Slimebound:Equalize+1","Slimebound:LeechLife","Slimebound:Grow","Slimebound:LeechingTouch","Slimebound:Dissolve","Slimebound:RallyTheTroops+1","Slimebound:LivingWall","downfall:Bewildered","Slimebound:Tackle+1","Slimebound:Tackle+1","Slimebound:Tackle+1","Slimebound:HauntingLick","Slimebound:SplitMire","RitualDagger","Slimebound:SamplingLick","Slimebound:SplitBruiser+1","Slimebound:SpikyOuterGoop","Slimebound:SamplingLick+1","Slimebound:SlimeTap+1","Slimebound:SamplingLick+1","Slimebound:SplitMire+1"],"relics":["Slimebound:AbsorbEndCombat","StrikeDummy","Shovel","Tiny House","Orichalcum","sneckomod:BabySnecko","Potion Belt","Art of War","Ancient Tea Set","Toxic Egg 2","Whetstone"],"acts_visited":["Exordium","TheCity"],"potions_floor_usage":[25,25,28,28,33],"damage_taken":[{"damage":18,"enemies":"Jaw Worm","floor":2,"turns":4},{"damage":0,"enemies":"Cultist","floor":4,"turns":4},{"damage":0,"enemies":"Small Slimes","floor":5,"turns":3},{"damage":16,"enemies":"Exordium Wildlife","floor":8,"turns":5},{"damage":0,"enemies":"3 Louse","floor":9,"turns":3},{"damage":0,"enemies":"Large Slime","floor":10,"turns":4},{"damage":3,"enemies":"2 Fungi Beasts","floor":12,"turns":4},{"damage":0,"enemies":"downfall:FleeingMerchant","floor":13,"turns":4},{"damage":0,"enemies":"Exordium Wildlife","floor":15,"turns":3},{"damage":2,"enemies":"SI_SHIV_ARCHETYPE","floor":16,"turns":10},{"damage":8,"enemies":"Shell Parasite","floor":21,"turns":5},{"damage":54,"enemies":"Book of Stabbing","floor":25,"turns":8},{"damage":2,"enemies":"downfall:FleeingMerchant","floor":27,"turns":4},{"damage":37,"enemies":"Gremlin Leader","floor":28,"turns":5},{"damage":9,"enemies":"Spheric Guardian","floor":29,"turns":4},{"damage":14,"enemies":"Snake Plant","floor":30,"turns":3},{"damage":8,"enemies":"downfall:FleeingMerchant","floor":31,"turns":4},{"damage":12,"enemies":"Centurion and Healer","floor":32,"turns":5},{"damage":82,"enemies":"DF_ARCHETYPE_CLAW","floor":33,"turns":8}],"seed_played":"6633154670944478681","potions_obtained":[{"floor":4,"key":"ColorlessPotion"},{"floor":9,"key":"SpeedPotion"},{"floor":10,"key":"hexamod:SoulburnPotion"},{"floor":16,"key":"Block Potion"},{"floor":21,"key":"Slimebound:SlimyTonguePotion"},{"floor":25,"key":"Strength Potion"},{"floor":28,"key":"Guardian:BlockOnCardUsePotion"},{"floor":32,"key":"SpeedPotion"}],"is_trial":false,"path_per_floor":["R","M","?","M","M","R","T","M","M","M","?","M","$","?","M","B",null,"R","?","?","M","?","R","T","E","?","$","E","M","M","$","M","B"],"character_chosen":"SLIMEBOUND","items_purchased":["Slimebound:Grow","Slimebound:LeechingTouch","Toxic Egg 2","Slimebound:SamplingLick+1"],"campfire_rested":0,"item_purchase_floors":[13,13,27,31],"current_hp_per_floor":[71,55,55,59,63,63,63,53,59,65,70,73,76,73,76,76,81,81,81,81,75,75,75,75,33,27,31,28,35,33,57,51,0,0,0],"gold":63,"neow_bonus":"TEN_PERCENT_HP_BONUS","is_daily":false,"chose_seed":false,"campfire_upgraded":2,"win_rate":0.0,"timestamp":1612058872,"path_taken":["R","M","?","?","M","R","T","M","M","M","?","M","$","?","M","BOSS","R","?","?","M","?","R","T","E","?","$","E","?","M","?","M","BOSS"],"items_purchased_type":["Card","Card","Relic","Card"],"build_version":"2020-12-22","purchased_purges":0,"victory":false,"max_hp_per_floor":[71,71,71,71,71,71,71,71,71,71,76,76,76,76,76,76,81,81,81,81,81,81,81,81,81,81,81,81,81,81,81,81,81,81,81],"relic_stats":{"Shovel":2,"counters":[19,89],"Art of War":[14],"Whetstone":["Slimebound:RallyTheTroops","Slimebound:GrowthPunch"],"Orichalcum":[30],"obtain_stats":[{"Potion Belt":23,"sneckomod:BabySnecko":19,"Shovel":14,"Tiny House":17,"Slimebound:AbsorbEndCombat":0,"Art of War":24,"Whetstone":28,"Orichalcum":18,"Toxic Egg 2":27,"StrikeDummy":7,"Ancient Tea Set":25},{"Potion Belt":11,"sneckomod:BabySnecko":10,"Shovel":8,"Tiny House":10,"Slimebound:AbsorbEndCombat":0,"Art of War":11,"Whetstone":14,"Orichalcum":10,"Toxic Egg 2":13,"StrikeDummy":3,"Ancient Tea Set":12},{"Potion Belt":49,"sneckomod:BabySnecko":44,"Shovel":31,"Tiny House":44,"Slimebound:AbsorbEndCombat":0,"Art of War":49,"Whetstone":65,"Orichalcum":44,"Toxic Egg 2":60,"StrikeDummy":11,"Ancient Tea Set":56}]},"card_choices":[{"not_picked":["Slimebound:Grow","Slimebound:GoopTackle"],"picked":"Slimebound:GoopSpray","floor":2},{"not_picked":["Slimebound:HauntingLick","Slimebound:FlameTackle"],"picked":"Slimebound:Repurpose","floor":4},{"not_picked":["Slimebound:SplitAcid","Slimebound:Prepare"],"picked":"Slimebound:LivingWall","floor":5},{"not_picked":["Slimebound:SplitMire","Slimebound:LevelUp"],"picked":"Slimebound:SamplingLick","floor":8},{"not_picked":["Slimebound:RallyTheTroops","Slimebound:SplitMire"],"picked":"Slimebound:GrowthPunch","floor":9},{"not_picked":["Slimebound:LeechingTouch","Slimebound:ItLooksTasty"],"picked":"Slimebound:Prepare","floor":10},{"not_picked":["Slimebound:RainOfGoop","Slimebound:GoopTackle"],"picked":"Slimebound:Equalize","floor":12},{"not_picked":["Slimebound:LivingWall","Slimebound:ComboTackle"],"picked":"Slimebound:LeechLife","floor":13},{"not_picked":["Slimebound:SplitBruiser","Slimebound:ComboTackle"],"picked":"Slimebound:Dissolve","floor":15},{"not_picked":["Slimebound:LeechLife","Slimebound:DuplicatedForm"],"picked":"Slimebound:RallyTheTroops","floor":16},{"not_picked":["Slimebound:Grow","Slimebound:Chomp"],"picked":"Slimebound:LivingWall","floor":17},{"not_picked":["Slimebound:ForwardTackle","Slimebound:ComboTackle"],"picked":"Slimebound:HauntingLick","floor":21},{"not_picked":["Slimebound:SlimeTap","Slimebound:AcidTongue"],"picked":"Slimebound:SplitMire","floor":25},{"not_picked":["Slimebound:Prepare","Slimebound:Schlurp"],"picked":"Slimebound:SamplingLick","floor":27},{"not_picked":["Slimebound:LeechLife","Slimebound:FinishingTackle"],"picked":"Slimebound:SplitBruiser+1","floor":28},{"not_picked":["Slimebound:LeechingTouch","Slimebound:Grow"],"picked":"Slimebound:SpikyOuterGoop","floor":29},{"not_picked":["Slimebound:Prepare+1","Slimebound:RollThrough"],"picked":"Slimebound:SamplingLick+1","floor":30},{"not_picked":["Slimebound:LeechingTouch","Slimebound:SlimeSpikes+1"],"picked":"Slimebound:SlimeTap+1","floor":31},{"not_picked":["Slimebound:Nibble","Slimebound:RejuvenatingLick+1"],"picked":"Slimebound:SplitMire+1","floor":32}],"player_experience":404675,"relics_obtained":[{"floor":7,"key":"StrikeDummy"},{"floor":18,"key":"Orichalcum"},{"floor":23,"key":"Potion Belt"},{"floor":24,"key":"Art of War"},{"floor":25,"key":"Ancient Tea Set"},{"floor":28,"key":"Whetstone"}],"event_choices":[{"damage_healed":0,"gold_gain":0,"player_choice":"Donut","damage_taken":0,"max_hp_gain":5,"max_hp_loss":0,"event_name":"Big Fish","floor":11,"gold_loss":0},{"damage_healed":0,"gold_gain":0,"player_choice":"Success","damage_taken":3,"relics_obtained":["Shovel"],"max_hp_gain":0,"max_hp_loss":0,"event_name":"Scrap Ooze","floor":14,"gold_loss":0}],"is_beta":false,"boss_relics":[{"not_picked":["Pandora\u0027s Box","Velvet Choker"],"picked":"Tiny House"}],"items_purged_floors":[],"is_endless":false,"potions_floor_spawned":[4,9,10,12,16,21,25,28,32],"killed_by":"DF_ARCHETYPE_CLAW","ascension_level":0}}