{"host":"dbo0lztt1pyfwysk","time":1612123187,"event":{"mods":["Act Like it!","BaseMod","Conspire","Downfall","Gensokyo","GifTheSpireLib","Hubris","Infinite Spire","KinomotoSakuraMod(????)","Koishi","Luminous","Marisa????????","Minty Spire (QoL Compilation)","Prisma Mod","Remilia??????","Replay The Spire","Shade Mod","Shop Mod","StSLib","The Druid"],"gold_per_floor":[119,129,9,9,26,26,4,21,21,21,48,63,82,99,99,196,196,214,230,230,130,45,45,59,76,76,88,88,88,104,55,55,55,55],"floor_reached":33,"language":"ENG","playtime":35949,"items_purged":["Strike_G","Strike_G"],"score":442,"play_id":"cba16687-e0fc-4e10-a098-9012db9b0320","local_time":"20210131205947","is_ascension_mode":true,"campfire_choices":[{"data":"Catalyst","floor":15,"key":"SMITH"},{"data":"Corpse Explosion","floor":23,"key":"SMITH"},{"floor":32,"key":"REST"}],"circlet_count":0,"master_deck":["AscendersBane","Strike_G","Strike_G","Strike_G","Defend_G","Defend_G+1","Defend_G","Defend_G","Defend_G","Survivor","Neutralize+1","Fluid Movement","Poisoned Stab+1","Bane","Bane","Dagger Spray","Catalyst+1","Corpse Explosion+1","Poisoned Stab","Poisoned Stab"],"relics":["Sizzling Blood","Omamori","infinitespire:EmpoweringShard","Replay:Rubber Ducky","Runic Pyramid","Singing Bowl","hubris:SphereOfDissonance"],"acts_visited":["Exordium","TheCity"],"potions_floor_usage":[8,12,16,18,25,25,27],"damage_taken":[{"damage":2,"enemies":"Jaw Worm","floor":1,"turns":8},{"damage":0,"enemies":"Small Slimes","floor":2,"turns":5},{"damage":0,"enemies":"Cultist","floor":5,"turns":5},{"damage":13,"enemies":"Exordium Thugs","floor":8,"turns":6},{"damage":10,"enemies":"Lagavulin","floor":11,"turns":7},{"damage":7,"enemies":"3 Louse","floor":12,"turns":4},{"damage":3,"enemies":"Looter","floor":13,"turns":4},{"damage":3,"enemies":"Blue Slaver","floor":14,"turns":3},{"damage":27,"enemies":"The Guardian","floor":16,"turns":13},{"damage":20,"enemies":"2 Thieves","floor":18,"turns":5},{"damage":10,"enemies":"Shell Parasite","floor":19,"turns":5},{"damage":25,"enemies":"Shelled Parasite and Fungi","floor":24,"turns":4},{"damage":3,"enemies":"Centurion and Healer","floor":25,"turns":4},{"damage":16,"enemies":"3 Cultists","floor":27,"turns":4},{"damage":17,"enemies":"Colosseum Slavers","floor":29,"turns":2},{"damage":15,"enemies":"Snecko","floor":30,"turns":4},{"damage":51,"enemies":"conspire:MysteriousRune","floor":33,"turns":9}],"seed_played":"6186843529122141262","potions_obtained":[{"floor":1,"key":"sneckomod:MuddlingPotion"},{"floor":8,"key":"sneckomod:MuddlingPotion"},{"floor":13,"key":"DuplicationPotion"},{"floor":16,"key":"Adrenaline Potion"},{"floor":18,"key":"Ancient Potion"},{"floor":24,"key":"Energy Potion"},{"floor":25,"key":"Weak Potion"}],"is_trial":false,"path_per_floor":["M","M","$","?","M","?","$","M","T","T","E","M","M","M","R","B",null,"M","M","?","$","?","R","M","M","T","M","?","?","M","$","R","B"],"character_chosen":"THE_SILENT","items_purchased":["Poisoned Stab","Bane","Poisoned Stab"],"campfire_rested":1,"item_purchase_floors":[3,7,31],"current_hp_per_floor":[61,61,61,47,47,51,51,42,42,42,36,33,34,35,35,12,59,43,37,37,37,37,37,18,19,19,9,35,22,13,13,37,0,0],"gold":55,"neow_bonus":"UPGRADE_CARD","is_daily":false,"chose_seed":false,"campfire_upgraded":2,"win_rate":0.0,"timestamp":1612123187,"path_taken":["M","M","$","?","M","?","?","?","T","?","E","M","M","M","R","BOSS","M","M","?","$","?","R","M","M","T","M","?","?","M","?","R","BOSS"],"items_purchased_type":["Card","Card","Card"],"build_version":"2020-12-22","purchased_purges":2,"victory":false,"max_hp_per_floor":[70,70,70,70,70,74,74,74,74,74,74,74,74,74,74,74,74,74,74,74,74,74,74,76,76,76,78,78,78,80,80,80,80,80],"card_choices":[{"not_picked":["Deflect","Cloak And Dagger"],"picked":"Fluid Movement","floor":1},{"not_picked":["hubris:Counter","Flying Knee","Sucker Punch"],"picked":"SKIP","floor":2},{"not_picked":["PiercingWail","Accuracy"],"picked":"Bane","floor":5},{"not_picked":["Predator","conspire:PoisonWeapons","Quick Slash"],"picked":"SKIP","floor":8},{"not_picked":["Dodge and Roll","Prepared"],"picked":"Dagger Spray","floor":11},{"not_picked":["Endless Agony","Dagger Throw","Bane"],"picked":"SKIP","floor":12},{"not_picked":["ReplayTheSpireMod:Tripwire","Flying Knee","ReplayTheSpireMod:From All Sides"],"picked":"SKIP","floor":13},{"not_picked":["Sneak Up","Bane"],"picked":"Catalyst","floor":14},{"not_picked":["Grand Finale","Bullet Time"],"picked":"Corpse Explosion","floor":16},{"not_picked":["Dagger Throw","conspire:PoisonWeapons","Blade Dance"],"picked":"SKIP","floor":18},{"not_picked":["Backflip","Underhanded Strike","Expertise"],"picked":"SKIP","floor":19},{"not_picked":["Hidden Blade","Flying Knee","Underhanded Strike"],"picked":"Singing Bowl","floor":24},{"not_picked":["Deflect","Grand Finale"],"picked":"Poisoned Stab","floor":25},{"not_picked":["Dagger Spray","Dagger Throw","Quick Slash"],"picked":"Singing Bowl","floor":27},{"not_picked":["Quick Slash","Deflect","Infinite Blades"],"picked":"Singing Bowl","floor":30}],"player_experience":665391,"relics_obtained":[{"floor":9,"key":"Omamori"},{"floor":10,"key":"infinitespire:EmpoweringShard"},{"floor":11,"key":"Replay:Rubber Ducky"},{"floor":26,"key":"hubris:SphereOfDissonance"}],"event_choices":[{"damage_healed":0,"gold_gain":0,"player_choice":"Entered Light","damage_taken":14,"max_hp_gain":0,"max_hp_loss":0,"event_name":"Shining Light","floor":4,"gold_loss":0,"cards_upgraded":["Defend_G","Poisoned Stab"]},{"damage_healed":0,"gold_gain":0,"player_choice":"Ignored","damage_taken":0,"max_hp_gain":0,"max_hp_loss":0,"event_name":"Vampires","floor":20,"gold_loss":0},{"damage_healed":0,"gold_gain":0,"player_choice":"Obtained Relic","damage_taken":0,"relics_obtained":["Singing Bowl"],"max_hp_gain":0,"max_hp_loss":0,"event_name":"Addict","floor":22,"gold_loss":85},{"damage_healed":26,"gold_gain":0,"player_choice":"Heal","damage_taken":0,"max_hp_gain":0,"max_hp_loss":0,"event_name":"The Library","floor":28,"gold_loss":0},{"damage_healed":0,"gold_gain":0,"player_choice":"Fight","damage_taken":0,"max_hp_gain":0,"max_hp_loss":0,"event_name":"Colosseum","floor":29,"gold_loss":0},{"damage_healed":0,"gold_gain":0,"player_choice":"Fled From Nobs","damage_taken":0,"max_hp_gain":0,"max_hp_loss":0,"event_name":"Colosseum","floor":29,"gold_loss":0}],"is_beta":false,"boss_relics":[{"not_picked":["hubris:GrandSneckoEye","Abe\u0027s Treasure"],"picked":"Runic Pyramid"}],"items_purged_floors":[3,21],"is_endless":false,"potions_floor_spawned":[1,8,13,16,18,24,25,29],"killed_by":"conspire:MysteriousRune","ascension_level":12}}