{"host":"e5u7qs1emxzejr12","time":1612103860,"event":{"mods":["100% Spire Juice","2.2 Compatiblity","Act Like it!","Arknights","Ascension Unlocker","Bard","BaseMod","CapriCore","Card Forge","Colored Powertips","Custom Start","GifTheSpireLib","GungeonMod","Highlight Path","Marisa（F雨　魔理沙）","Minty Spire (QoL Compilation)","MostiFishMod","Pale of the Ancients","Prisma Mod","Quick Restart","Relic Filter Mod","Reliquary","Replay The Spire","StSLib","SuperFastMode","The Blackbeard","WarShipGirlsR/战舰少女R mod","篝火指南"],"gold_per_floor":[116,127,138,138,149,99,99,174,174,197,215,261,288,334,334,422,422,447,367,367,412,412,468,468,506,506,531,564,593,593,629,629,731,731,746,759,776,451,726,105,119,154,231,231,231,231,231,261,281,346,346,346,346,361,376,376,376,376,386,121,121,121,121],"floor_reached":61,"language":"ZHS","playtime":2820,"items_purged":[],"score":2449,"play_id":"3e1c5ed7-00c3-4292-be40-1321175d3262","local_time":"20210131223740","is_ascension_mode":true,"campfire_choices":[{"floor":7.0,"key":"RECALL"},{"floor":15.0,"key":"REST"},{"floor":30.0,"key":"DIG"},{"floor":32.0,"key":"DIG"},{"floor":45.0,"key":"DIG"},{"floor":51.0,"key":"DIG"},{"floor":58.0,"key":"DIG"}],"circlet_count":0,"master_deck":["AscendersBane","blackbeard:Cutlass+1","blackbeard:PowerHungry+1","blackbeard:Sword+1","blackbeard:BlindAttacks+1","blackbeard:SwordDance+1","blackbeard:PiratesWill+1","blackbeard:BlindAttacks+1","blackbeard:Scrap+1","blackbeard:Salvager+1","blackbeard:WeaponMastery+1","blackbeard:Sharpening+1","Secret Technique+1","blackbeard:Rum+1","blackbeard:PirateEarring+1","blackbeard:Upgrade+1"],"relics":["blackbeard:LoadTheCannons","Hammer of Thor","Seething Fire","Anvil of the Gods","DaveBox","MetatronsCube","NeowsBlessing","SynthV:TestCard","WarpedTongs","Replay:Accelerometer","Prayer Wheel","DemoMod:GlassGuonStoneRelic","FeatherPendant","HornCleat","DemoMod:Orange","Shovel","ImprovedEquipment","blackbeard:Penknife","reliquary:RedPaperclip","Bag of Preparation","Ying","Replay:Baseball","reliquary:PurpleTingedLeaf","Bag of Marbles","Bottled Lightning","DemoMod:Metronome","Replay:Bottled Eggs","reliquary:ExpiredCoupon","paleoftheancients:Timepiece","paleoftheancients:KeyRelic","Meat on the Bone","Gremlin Horn","paleoftheancients:SoulOfTheCollector","reliquary:Aerogel","reliquary:OuijaBoard","Blue Candle","reliquary:FeatherDuster"],"acts_visited":["Exordium","TheCity","TheBeyond","TheBeyond"],"potions_floor_usage":[],"damage_taken":[{"damage":0.0,"enemies":"Small Slimes","floor":1.0,"turns":1.0},{"damage":0.0,"enemies":"Cultist","floor":2.0,"turns":1.0},{"damage":0.0,"enemies":"2 Louse","floor":3.0,"turns":1.0},{"damage":0.0,"enemies":"Looter","floor":5.0,"turns":3.0},{"damage":4.0,"enemies":"Blue Slaver","floor":11.0,"turns":2.0},{"damage":20.0,"enemies":"Lagavulin","floor":12.0,"turns":4.0},{"damage":0.0,"enemies":"2 Fungi Beasts","floor":13.0,"turns":2.0},{"damage":21.0,"enemies":"3 Sentries","floor":14.0,"turns":5.0},{"damage":0.0,"enemies":"Slime Boss","floor":16.0,"turns":5.0},{"damage":0.0,"enemies":"Spheric Guardian","floor":18.0,"turns":1.0},{"damage":0.0,"enemies":"3 Byrds","floor":21.0,"turns":3.0},{"damage":0.0,"enemies":"Book of Stabbing","floor":23.0,"turns":2.0},{"damage":0.0,"enemies":"3 Cultists","floor":25.0,"turns":2.0},{"damage":0.0,"enemies":"Centurion and Healer","floor":27.0,"turns":2.0},{"damage":0.0,"enemies":"Chosen and Byrds","floor":28.0,"turns":2.0},{"damage":0.0,"enemies":"Cultist and Chosen","floor":29.0,"turns":2.0},{"damage":0.0,"enemies":"Snake Plant","floor":31.0,"turns":1.0},{"damage":0.0,"enemies":"Champ","floor":33.0,"turns":1.0},{"damage":0.0,"enemies":"3 Darklings","floor":35.0,"turns":2.0},{"damage":0.0,"enemies":"Orb Walker","floor":36.0,"turns":2.0},{"damage":0.0,"enemies":"Sphere and 2 Shapes","floor":37.0,"turns":2.0},{"damage":0.0,"enemies":"Maw","floor":41.0,"turns":1.0},{"damage":0.0,"enemies":"R_Hoarder","floor":42.0,"turns":2.0},{"damage":0.0,"enemies":"Giant Head","floor":48.0,"turns":1.0},{"damage":0.0,"enemies":"Transient","floor":49.0,"turns":1.0},{"damage":0.0,"enemies":"R_Hoarder","floor":50.0,"turns":3.0},{"damage":0.0,"enemies":"Donu and Deca","floor":52.0,"turns":1.0},{"damage":0.0,"enemies":"Replay:Hell Engine","floor":53.0,"turns":1.0},{"damage":0.0,"enemies":"Replay:Hell Engine","floor":54.0,"turns":1.0},{"damage":0.0,"enemies":"Replay:Hell Engine","floor":55.0,"turns":1.0},{"damage":0.0,"enemies":"Replay:Hell Engine","floor":59.0,"turns":1.0}],"seed_played":"3870907637118531972","potions_obtained":[{"floor":2.0,"key":"DemoMod:LeadSkinPotion"},{"floor":3.0,"key":"LiquidBronze"}],"is_trial":false,"path_per_floor":["M","M","M","?","M","?","R","?","T","T","M","E","M","E","R","B",null,"M","?","?","M","T","E","R","M","T","M","M","M","R","M","R","B",null,"M","M","M","$","?","R","M","E","T","$","R","PTL","PTL","E","M","E","R","B","B","M","M","?","T","R","M","R","T"],"character_chosen":"BLACKBEARD_CLASS","items_purchased":["Bag of Preparation","Ying","Secret Technique","Replay:Baseball","reliquary:PurpleTingedLeaf","Blue Candle"],"campfire_rested":1,"item_purchase_floors":[38,38,40,40,40,60],"current_hp_per_floor":[64,64,64,64,64,64,64,53,53,53,49,29,29,8,29,29,61,61,61,54,54,54,66,66,66,66,66,66,66,66,66,66,66,79,79,79,79,79,79,79,80,80,80,80,80,80,80,80,83,83,83,83,83,83,83,83,83,83,83,83,83,83,83],"gold":121,"neow_bonus":"THREE_ENEMY_KILL","is_daily":false,"chose_seed":false,"campfire_upgraded":0,"win_rate":0.0,"timestamp":1612103860,"path_taken":["M","M","M","?","?","?","R","?","T","?","M","E","M","E","R","BOSS","M","?","?","M","?","E","R","M","T","M","?","M","R","M","R","BOSS","M","?","M","$","?","R","M","E","T","$","R","PTL","PTL","E","M","E","R","BOSS","BOSS","M","M","?","T","R","M","R","T"],"items_purchased_type":["Relic","Relic","Card","Relic","Relic","Relic"],"build_version":"2020-12-22","purchased_purges":0,"victory":false,"max_hp_per_floor":[71,71,71,71,71,71,71,71,71,71,71,71,71,71,71,71,71,71,71,71,71,71,83,83,83,83,83,83,83,83,83,83,83,83,83,83,83,83,83,83,83,83,83,83,83,83,83,83,83,83,83,83,83,83,83,83,83,83,83,83,83,83,83],"card_choices":[{"not_picked":["blackbeard:RemoveScurvy","blackbeard:TacticalRetreat"],"picked":"blackbeard:DeadlyArsenal","floor":1.0},{"not_picked":["blackbeard:Fencing","blackbeard:WiseDefense","blackbeard:Shrapnel","blackbeard:FieryDefense"],"picked":"blackbeard:RearmingStrike","floor":2.0},{"not_picked":["blackbeard:CloakAndCannonball","blackbeard:FieryDefense","blackbeard:Bandana","blackbeard:WiseDefense"],"picked":"blackbeard:PowerHungry","floor":3.0},{"not_picked":["blackbeard:DeadlyArsenal","blackbeard:Anchor","blackbeard:Upgrade","blackbeard:GoldenStrike"],"picked":"blackbeard:Fencing","floor":5.0},{"not_picked":["blackbeard:Provisioning","blackbeard:WiseDefense","blackbeard:TerrorOfTheSeas","blackbeard:BlindAttacks"],"picked":"blackbeard:Sword","floor":11.0},{"not_picked":["blackbeard:PirateStrength","blackbeard:FieryDefense","blackbeard:CannonballSupply","blackbeard:Sword"],"picked":"blackbeard:BlindAttacks","floor":12.0},{"not_picked":["blackbeard:ArmorUp","blackbeard:GoldenDefense","blackbeard:CloakAndCannonball","blackbeard:Sharpening"],"picked":"blackbeard:SwordDance","floor":13.0},{"not_picked":["blackbeard:Eyepatch","blackbeard:TerrorOfTheSeas","blackbeard:Shrapnel","blackbeard:GoldenStrike","blackbeard:Sharpening"],"picked":"SKIP","floor":14.0},{"not_picked":["blackbeard:PowerHungry","blackbeard:GoldenGuillotine","blackbeard:CaptainsHat","blackbeard:ReapersScythe"],"picked":"blackbeard:Intoxication","floor":16.0},{"not_picked":["blackbeard:Toast","blackbeard:GhostInTheRum+1","blackbeard:RearmingStrike","blackbeard:Sword"],"picked":"blackbeard:WiseDefense","floor":18.0},{"not_picked":["blackbeard:Dagger","blackbeard:Shrapnel+1","blackbeard:GoldenStrike","blackbeard:GoldenRain"],"picked":"blackbeard:DeadlyArsenal","floor":18.0},{"not_picked":["blackbeard:SmithingHammer","blackbeard:Bandana","blackbeard:Provisioning","blackbeard:Dagger"],"picked":"blackbeard:PiratesWill","floor":21.0},{"not_picked":["blackbeard:VengefulSpirit","blackbeard:RemoveScurvy","blackbeard:GoldenStrike","blackbeard:CloakAndCannonball"],"picked":"blackbeard:DeadlyArsenal","floor":21.0},{"not_picked":["blackbeard:GoldenDefense","blackbeard:Shrapnel+1","blackbeard:PowerHungry","blackbeard:Sharpening","blackbeard:VengefulSpirit+1"],"picked":"SKIP","floor":23.0},{"not_picked":["blackbeard:Toast","blackbeard:SwordDance","blackbeard:Dagger","blackbeard:Fencing"],"picked":"blackbeard:PiratesWill","floor":25.0},{"not_picked":["blackbeard:Recklessness","blackbeard:BeatUp","blackbeard:Toast","blackbeard:TacticalRetreat","blackbeard:SmithingHammer"],"picked":"SKIP","floor":25.0},{"not_picked":["blackbeard:PirateEarring","blackbeard:CloakAndCannonball","blackbeard:FieryDefense","blackbeard:GoldenCannonball","blackbeard:RearmingStrike"],"picked":"SKIP","floor":27.0},{"not_picked":["blackbeard:GoldenStrike","blackbeard:SwordDance","blackbeard:DeadlyArsenal","blackbeard:BlindAttacks","blackbeard:CloakAndCannonball"],"picked":"SKIP","floor":27.0},{"not_picked":["blackbeard:BlindAttacks","blackbeard:Sword+1","blackbeard:Recklessness","blackbeard:TacticalRetreat"],"picked":"blackbeard:PiratesWill","floor":28.0},{"not_picked":["blackbeard:RearmingStrike","blackbeard:ChaoticDefense","blackbeard:CloakAndCannonball","blackbeard:GoldenCannonball","blackbeard:GoldenDefense"],"picked":"SKIP","floor":28.0},{"not_picked":["blackbeard:TheDrunkenSailor","blackbeard:SwordDance","blackbeard:GoldenCannonball","blackbeard:InfiniteBarrage"],"picked":"blackbeard:BlindAttacks+1","floor":29.0},{"not_picked":["blackbeard:RemoveScurvy+1","blackbeard:PirateHook","blackbeard:Revenge","blackbeard:Toast"],"picked":"blackbeard:Scrap","floor":29.0},{"not_picked":["blackbeard:BrownPants","blackbeard:DelayedPain","blackbeard:Fencing","blackbeard:Shrapnel"],"picked":"blackbeard:Salvager","floor":31.0},{"not_picked":["blackbeard:Anchor","blackbeard:GoldenStrike","blackbeard:FieryDefense","blackbeard:TacticalRetreat","blackbeard:PirateHook"],"picked":"SKIP","floor":31.0},{"not_picked":["blackbeard:FinalBarrage","blackbeard:Salvager","blackbeard:GoldenRain","blackbeard:BountyHunter"],"picked":"blackbeard:WeaponMastery","floor":33.0},{"not_picked":["blackbeard:BlindAttacks+1","blackbeard:CannonBarrage","blackbeard:Shrapnel+1","blackbeard:SmithingHammer"],"picked":"blackbeard:Sharpening","floor":35.0},{"not_picked":["blackbeard:Dagger+1","blackbeard:PiratesWill","blackbeard:Boarding+1","blackbeard:RearmingStrike","blackbeard:Scrap"],"picked":"SKIP","floor":35.0},{"not_picked":["blackbeard:Shrapnel","blackbeard:BlindAttacks","blackbeard:Recklessness+1","blackbeard:Toast","blackbeard:RemoveScurvy"],"picked":"SKIP","floor":36.0},{"not_picked":["blackbeard:BeatUp","blackbeard:VengefulSpirit","blackbeard:WeaponProficiency","blackbeard:SwordDance","blackbeard:BuriedTreasure"],"picked":"SKIP","floor":36.0},{"not_picked":["blackbeard:Spear+1","blackbeard:BlindAttacks","blackbeard:WiseDefense+1","blackbeard:GhostInTheRum","blackbeard:Shrapnel+1"],"picked":"SKIP","floor":37.0},{"not_picked":["blackbeard:BlindAttacks","blackbeard:DeadlyArsenal","blackbeard:PowerHungry","blackbeard:Toast","blackbeard:Spear"],"picked":"SKIP","floor":37.0},{"not_picked":["blackbeard:GoldenStrike","blackbeard:Eyepatch","blackbeard:UndeadForm","blackbeard:Spear"],"picked":"blackbeard:PiratesWill","floor":41.0},{"not_picked":["blackbeard:FieryDefense+1","blackbeard:WiseDefense","blackbeard:PirateEarring","blackbeard:GoldenCannonball","blackbeard:RearmingStrike"],"picked":"SKIP","floor":41.0},{"not_picked":["blackbeard:Toast","blackbeard:GhostInTheRum+1","blackbeard:Sharpening+1","blackbeard:Recklessness","blackbeard:WiseDefense"],"picked":"SKIP","floor":42.0},{"not_picked":["blackbeard:Shrapnel+1","blackbeard:Sword","blackbeard:PirateEarring","blackbeard:Intoxication"],"picked":"blackbeard:Rum+1","floor":48.0},{"not_picked":["blackbeard:Dagger","blackbeard:JollyRoger","blackbeard:GoldenDefense","blackbeard:Eyepatch"],"picked":"blackbeard:PirateEarring+1","floor":49.0},{"not_picked":["blackbeard:GoldenGuillotine","blackbeard:RearmingStrike","blackbeard:Sharpening","blackbeard:CaptainsCabin","blackbeard:WiseDefense"],"picked":"SKIP","floor":49.0},{"not_picked":["blackbeard:SwordDance+1","blackbeard:DeadlyArsenal+1","blackbeard:Shrapnel","blackbeard:Toast+1","blackbeard:TacticalRetreat"],"picked":"SKIP","floor":50.0},{"not_picked":["blackbeard:Shrapnel","blackbeard:Spear","blackbeard:Salvager","blackbeard:DangerousBlow+1","blackbeard:Fencing+1"],"picked":"SKIP","floor":54.0},{"not_picked":["blackbeard:BlindAttacks+1","blackbeard:DoubleCannonball","blackbeard:BeatUp","blackbeard:WiseDefense","blackbeard:PiratesWill"],"picked":"SKIP","floor":54.0},{"not_picked":["blackbeard:BeatUp+1","blackbeard:JollyRoger","blackbeard:PirateStrength","blackbeard:DoubleCannonball","blackbeard:DangerousBlow+1"],"picked":"SKIP","floor":55.0},{"not_picked":["blackbeard:Toast+1","blackbeard:GoldenStrike","blackbeard:Dagger","blackbeard:Fencing","blackbeard:CloakAndCannonball"],"picked":"SKIP","floor":55.0},{"not_picked":["blackbeard:DoubleCannonball+1","blackbeard:FieryDefense","blackbeard:DoubleBottom+1","blackbeard:BeatUp"],"picked":"blackbeard:Upgrade","floor":59.0},{"not_picked":["blackbeard:DeadlyArsenal","blackbeard:GoldenDefense+1","blackbeard:Shrapnel+1","blackbeard:Boarding+1","blackbeard:RearmingStrike"],"picked":"SKIP","floor":59.0}],"player_experience":76235,"relics_obtained":[{"floor":1.0,"key":"SynthV:TestCard"},{"floor":9.0,"key":"Replay:Accelerometer"},{"floor":10.0,"key":"Replay:Bandana"},{"floor":12.0,"key":"Blue Doll"},{"floor":14.0,"key":"Prayer Wheel"},{"floor":23.0,"key":"DemoMod:Orange"},{"floor":26.0,"key":"Shovel"},{"floor":30.0,"key":"ImprovedEquipment"},{"floor":32.0,"key":"blackbeard:Penknife"},{"floor":42.0,"key":"Bag of Marbles"},{"floor":43.0,"key":"Bottled Lightning"},{"floor":45.0,"key":"DemoMod:Metronome"},{"floor":50.0,"key":"Replay:Bottled Eggs"},{"floor":51.0,"key":"reliquary:ExpiredCoupon"},{"floor":54.0,"key":"paleoftheancients:SoulOfTheCollector"},{"floor":55.0,"key":"paleoftheancients:SoulOfTheGuardian"},{"floor":57.0,"key":"reliquary:Aerogel"},{"floor":58.0,"key":"reliquary:OuijaBoard"},{"floor":59.0,"key":"paleoftheancients:SoulOfTheVixen"},{"floor":61,"key":"reliquary:FeatherDuster"}],"event_choices":[{"damage_healed":0.0,"max_hp_gain":0.0,"max_hp_loss":0.0,"gold_gain":0.0,"event_name":"Accursed Blacksmith","player_choice":"Rummage","floor":4.0,"gold_loss":0.0,"damage_taken":0.0,"relics_obtained":["WarpedTongs"],"cards_obtained":["Pain"]},{"damage_healed":0.0,"max_hp_gain":0.0,"max_hp_loss":0.0,"gold_gain":0.0,"event_name":"blackbeard:GoldsmithEvent","player_choice":"blackbeard:GoldenDefense","floor":6.0,"gold_loss":0.0,"damage_taken":0.0,"cards_obtained":["blackbeard:GoldenDefense"]},{"damage_healed":0.0,"max_hp_gain":0.0,"max_hp_loss":0.0,"gold_gain":75.0,"event_name":"World of Goop","player_choice":"Gather Gold","floor":8.0,"gold_loss":0.0,"damage_taken":11.0},{"damage_healed":0.0,"max_hp_gain":0.0,"max_hp_loss":0.0,"gold_gain":0.0,"event_name":"blackbeard:ShipwreckEvent","player_choice":"HornCleat","floor":20.0,"gold_loss":0.0,"damage_taken":0.0,"relics_obtained":["HornCleat"]},{"damage_healed":0.0,"max_hp_gain":0.0,"max_hp_loss":0.0,"gold_gain":275.0,"event_name":"Golden Shrine","player_choice":"Desecrate","floor":39.0,"gold_loss":0.0,"damage_taken":0.0,"cards_obtained":["Regret"]},{"cards_removed":["blackbeard:PiratesWill"],"damage_healed":0.0,"max_hp_gain":0.0,"max_hp_loss":0.0,"gold_gain":0.0,"event_name":"Purifier","player_choice":"Purged","floor":56.0,"gold_loss":0.0,"damage_taken":0.0}],"is_beta":false,"boss_relics":[{"not_picked":["Coffee Dripper","Astrolabe"],"picked":"FeatherPendant"},{"not_picked":["SacredBark","FixedStarFall"],"picked":"reliquary:RedPaperclip"}],"items_purged_floors":[],"is_endless":false,"potions_floor_spawned":[2,3,5,21,23,25,27,35,42,48],"ascension_level":20}}