{"host":"49pjgf1q9ev52n8z","time":1612065185,"event":{"mods":["BaseMod","Bestiary","Colored Map","Minty Spire (QoL Compilation)","Relic Stats","StSLib"],"gold_per_floor":[20,20,44,57,22,22,58,87,87,8,48,62,62,62,62,62,62],"floor_reached":16,"language":"ENG","playtime":1359,"items_purged":[],"score":211,"play_id":"4a0cc7c1-83c8-48a7-9229-5934c4e7b8f2","local_time":"20210130195305","is_ascension_mode":true,"campfire_choices":[{"data":"Corpse Explosion","floor":6,"key":"SMITH"},{"floor":13,"key":"REST"},{"data":"Footwork","floor":15,"key":"SMITH"}],"circlet_count":0,"master_deck":["AscendersBane","Strike_G","Strike_G","Strike_G","Strike_G","Strike_G","Defend_G","Defend_G","Defend_G","Defend_G","Defend_G","Survivor","Neutralize","Corpse Explosion+1","Dagger Throw","Deadly Poison","Bane","Footwork+1","Poisoned Stab","Caltrops"],"relics":["Ring of the Snake","Golden Idol","Bottled Flame","Odd Mushroom","InkBottle","Bag of Preparation","Tiny Chest"],"acts_visited":["Exordium"],"potions_floor_usage":[8,11,16],"damage_taken":[{"damage":4,"enemies":"Jaw Worm","floor":1,"turns":5},{"damage":1,"enemies":"Small Slimes","floor":3,"turns":4},{"damage":0,"enemies":"2 Louse","floor":4,"turns":3},{"damage":22,"enemies":"Lagavulin","floor":7,"turns":5},{"damage":2,"enemies":"The Mushroom Lair","floor":8,"turns":2},{"damage":10,"enemies":"3 Sentries","floor":11,"turns":2},{"damage":11,"enemies":"Lots of Slimes","floor":12,"turns":3},{"damage":31,"enemies":"The Guardian","floor":16,"turns":9}],"seed_played":"4682498300654219433","potions_obtained":[{"floor":7,"key":"Fire Potion"},{"floor":12,"key":"SneckoOil"}],"is_trial":false,"path_per_floor":["M","?","M","M","?","R","E","?","T","$","E","M","R","T","R","B"],"character_chosen":"THE_SILENT","items_purchased":["Regen Potion"],"campfire_rested":1,"item_purchase_floors":[10],"current_hp_per_floor":[55,32,31,31,47,47,25,23,23,23,22,11,30,30,30,0,0],"gold":62,"neow_bonus":"THREE_RARE_CARDS","is_daily":false,"chose_seed":false,"campfire_upgraded":2,"win_rate":0.0,"timestamp":1612065185,"path_taken":["M","?","M","M","?","R","E","?","T","?","E","M","R","?","R","BOSS"],"items_purchased_type":["Potion"],"build_version":"2020-12-22","purchased_purges":0,"victory":false,"max_hp_per_floor":[66,66,66,66,66,66,66,66,66,66,66,66,66,66,66,66,66],"relic_stats":{"counters":[8,33],"Golden Idol":32,"Tiny Chest":0,"Bag of Preparation":[4],"obtain_stats":[{"Bottled Flame":7,"Golden Idol":2,"Tiny Chest":14,"Bag of Preparation":11,"Odd Mushroom":8,"InkBottle":9,"Ring of the Snake":0},{"Bottled Flame":4,"Golden Idol":1,"Tiny Chest":7,"Bag of Preparation":6,"Odd Mushroom":5,"InkBottle":5,"Ring of the Snake":0},{"Bottled Flame":17,"Golden Idol":5,"Tiny Chest":24,"Bag of Preparation":21,"Odd Mushroom":19,"InkBottle":19,"Ring of the Snake":0}],"InkBottle":[3],"Ring of the Snake":[16]},"card_choices":[{"not_picked":["Phantasmal Killer","Glass Knife"],"picked":"Corpse Explosion","floor":0},{"not_picked":["Dagger Spray","Reflex"],"picked":"Dagger Throw","floor":1},{"not_picked":["PiercingWail","Acrobatics"],"picked":"Deadly Poison","floor":3},{"not_picked":["Acrobatics","Quick Slash"],"picked":"Bane","floor":4},{"not_picked":["PiercingWail","Slice"],"picked":"Footwork","floor":7},{"not_picked":["Riddle With Holes","Outmaneuver"],"picked":"Poisoned Stab","floor":8},{"not_picked":["Eviscerate","Dagger Spray"],"picked":"Caltrops","floor":11},{"not_picked":["Slice","Quick Slash","Terror"],"picked":"SKIP","floor":12}],"player_experience":655439,"relics_obtained":[{"floor":7,"key":"Bottled Flame"},{"floor":8,"key":"Odd Mushroom"},{"floor":9,"key":"InkBottle"},{"floor":11,"key":"Bag of Preparation"},{"floor":14,"key":"Tiny Chest"}],"event_choices":[{"damage_healed":0,"gold_gain":0,"player_choice":"Take Damage","damage_taken":23,"relics_obtained":["Golden Idol"],"max_hp_gain":0,"max_hp_loss":0,"event_name":"Golden Idol","floor":2,"gold_loss":0},{"damage_healed":16,"gold_gain":0,"player_choice":"Healed","damage_taken":0,"max_hp_gain":0,"max_hp_loss":0,"event_name":"The Cleric","floor":5,"gold_loss":35},{"damage_healed":0,"gold_gain":0,"player_choice":"Fought Mushrooms","damage_taken":0,"max_hp_gain":0,"max_hp_loss":0,"event_name":"Mushrooms","floor":8,"gold_loss":0}],"is_beta":false,"boss_relics":[],"items_purged_floors":[],"is_endless":false,"potions_floor_spawned":[7,12],"killed_by":"The Guardian","ascension_level":19}}