{"host":"kvo7eymyd21g9abd","time":1612130889,"event":{"mods":["AchievementEnabler","BaseMod","Bestiary","Colored Map","Minty Spire (QoL Compilation)","StSLib"],"gold_per_floor":[114,129,106,106,122,122,150,150,173,186,186,199,219,253,253,253,253],"floor_reached":16,"language":"ENG","playtime":833,"items_purged":[],"score":140,"play_id":"550f2bd7-c825-48c0-ac8e-183be88d5618","local_time":"20210131170809","is_ascension_mode":true,"campfire_choices":[{"floor":6,"key":"RECALL"},{"floor":8,"key":"REST"},{"floor":11,"key":"REST"},{"floor":15,"key":"REST"}],"circlet_count":0,"master_deck":["Strike_G","Strike_G","Strike_G","Strike_G","Defend_G","Defend_G","Defend_G","Defend_G","Defend_G","Survivor","Neutralize","Reflex","Backflip","Prepared","Dodge and Roll","Dagger Spray","Underhanded Strike","Adrenaline"],"relics":["HoveringKite","Regal Pillow","Ornamental Fan"],"acts_visited":["Exordium"],"potions_floor_usage":[7,14,14,14,16],"damage_taken":[{"damage":5,"enemies":"Jaw Worm","floor":1,"turns":6},{"damage":0,"enemies":"Cultist","floor":2,"turns":4},{"damage":1,"enemies":"Small Slimes","floor":5,"turns":6},{"damage":57,"enemies":"3 Sentries","floor":7,"turns":17},{"damage":0,"enemies":"Blue Slaver","floor":10,"turns":7},{"damage":26,"enemies":"Large Slime","floor":12,"turns":8},{"damage":15,"enemies":"Looter","floor":13,"turns":4},{"damage":17,"enemies":"Lagavulin","floor":14,"turns":8},{"damage":51,"enemies":"Hexaghost","floor":16,"turns":12}],"seed_played":"-4558367925169677354","potions_obtained":[{"floor":1,"key":"ColorlessPotion"},{"floor":7,"key":"EssenceOfSteel"},{"floor":12,"key":"GamblersBrew"},{"floor":13,"key":"Fire Potion"},{"floor":14,"key":"SteroidPotion"}],"is_trial":false,"path_per_floor":["M","M","$","?","M","R","E","R","T","M","R","M","M","E","R","B"],"character_chosen":"THE_SILENT","items_purchased":["Backflip"],"campfire_rested":3,"item_purchase_floors":[3],"current_hp_per_floor":[65,65,65,65,64,64,7,43,43,43,70,44,29,12,48,0,0],"gold":253,"neow_bonus":"BOSS_RELIC","is_daily":false,"chose_seed":false,"campfire_upgraded":0,"win_rate":0.0,"timestamp":1612130889,"path_taken":["M","M","$","?","?","R","E","R","T","M","R","M","M","E","R","BOSS"],"items_purchased_type":["Card"],"build_version":"2020-12-22","purchased_purges":0,"victory":false,"max_hp_per_floor":[70,70,70,70,70,70,70,70,70,70,70,70,70,70,70,70,70],"card_choices":[{"not_picked":["Choke","Poisoned Stab","Bouncing Flask"],"picked":"SKIP","floor":1},{"not_picked":["Endless Agony","Flying Knee"],"picked":"Reflex","floor":2},{"not_picked":["Dodge and Roll","Blade Dance"],"picked":"Prepared","floor":5},{"not_picked":["Envenom","Outmaneuver"],"picked":"Dodge and Roll","floor":7},{"not_picked":["Deflect","Predator"],"picked":"Dagger Spray","floor":10},{"not_picked":["Bane","Dagger Spray"],"picked":"Underhanded Strike","floor":12},{"not_picked":["Slice","Outmaneuver","Bane"],"picked":"SKIP","floor":13},{"not_picked":["Escape Plan","Bullet Time"],"picked":"Adrenaline","floor":14}],"player_experience":441588,"relics_obtained":[{"floor":7,"key":"Regal Pillow"},{"floor":14,"key":"Ornamental Fan"}],"event_choices":[{"cards_removed":["Strike_G"],"damage_healed":0,"gold_gain":0,"player_choice":"Offered Basic","damage_taken":0,"max_hp_gain":0,"max_hp_loss":0,"event_name":"Bonfire Elementals","floor":4,"gold_loss":0}],"is_beta":false,"boss_relics":[],"items_purged_floors":[],"is_endless":false,"potions_floor_spawned":[1,7,12,13,14],"killed_by":"Hexaghost","ascension_level":5}}