{"host":"8fnghcq8tvbg6z9e","time":1612092643,"event":{"mods":["BaseMod","Conspire","Downfall","Minty Spire (QoL Compilation)","Quick Restart","StSLib"],"gold_per_floor":[99,99,99,99,116,133,211,222,244,344,380,380,398,416,431,431,431,431],"floor_reached":16,"language":"ZHS","playtime":944,"items_purged":[],"score":92,"play_id":"7f4b13a2-289b-473a-bf28-083d5cd52317","local_time":"20210131193043","is_ascension_mode":false,"campfire_choices":[{"data":"Slimebound:CorrosiveSpit","floor":1.0,"key":"SMITH"}],"circlet_count":0,"master_deck":["Slimebound:Strike_Slimebound","Slimebound:Strike_Slimebound+1","Slimebound:Strike_Slimebound","Slimebound:Defend_Slimebound+1","Slimebound:Defend_Slimebound","Slimebound:Defend_Slimebound","Slimebound:Split","Slimebound:CorrosiveSpit+1","Slimebound:LivingWall","Slimebound:MegaLick+1","Slimebound:Grow+1","Slimebound:ViciousTackle","Slimebound:RainOfGoop","Slimebound:Gluttony","Slimebound:OneTwoCombo","Slimebound:ItLooksTasty","downfall:Malfunctioning","Slimebound:AcidTongue"],"relics":["Slimebound:AbsorbEndCombat","downfall:HeartsMalice","White Beast Statue","Odd Mushroom","Vajra"],"acts_visited":["Exordium"],"potions_floor_usage":[9,10,11,13,14,16],"damage_taken":[{"damage":0.0,"enemies":"Small Slimes","floor":2.0,"turns":1.0},{"damage":0.0,"enemies":"2 Louse","floor":3.0,"turns":1.0},{"damage":0.0,"enemies":"Jaw Worm","floor":4.0,"turns":1.0},{"damage":1,"enemies":"Blue Slaver","floor":5,"turns":4},{"damage":19,"enemies":"Large Slime","floor":6,"turns":6},{"damage":0,"enemies":"3 Louse","floor":8,"turns":4},{"damage":12,"enemies":"The Mushroom Lair","floor":9,"turns":5},{"damage":36,"enemies":"downfall:Heads","floor":10,"turns":5},{"damage":9,"enemies":"conspire:MimicChest","floor":11,"turns":6},{"damage":8,"enemies":"Exordium Thugs","floor":13,"turns":4},{"damage":0,"enemies":"Lots of Slimes","floor":14,"turns":3},{"damage":0,"enemies":"2 Fungi Beasts","floor":15,"turns":2},{"damage":50,"enemies":"WA_ARCHETYPE_RETAIN","floor":16,"turns":7}],"seed_played":"-3745182284787019952","potions_obtained":[{"floor":5,"key":"bronze:BurnAndBuffPotion"},{"floor":8,"key":"PowerPotion"},{"floor":9,"key":"SteroidPotion"},{"floor":10,"key":"Guardian:BlockOnCardUsePotion"},{"floor":11,"key":"Block Potion"},{"floor":13,"key":"DistilledChaos"},{"floor":14,"key":"DistilledChaos"},{"floor":15,"key":"champ:CounterPotion"}],"is_trial":false,"path_per_floor":["R","M","M","M","M","M","T","M","?","?","?","?","M","M","M","B"],"character_chosen":"SLIMEBOUND","items_purchased":[],"campfire_rested":0,"item_purchase_floors":[],"current_hp_per_floor":[65,65,65,65,65,54,54,60,54,26,25,25,25,33,39,0,0,0],"gold":431,"neow_bonus":"THREE_ENEMY_KILL","is_daily":false,"chose_seed":false,"campfire_upgraded":1,"win_rate":0.0,"timestamp":1612092643,"path_taken":["R","M","M","M","M","M","T","M","?","?","?","?","M","?","M","BOSS"],"items_purchased_type":[],"build_version":"2020-12-22","purchased_purges":0,"victory":false,"max_hp_per_floor":[65,65,65,65,65,65,65,65,65,65,65,65,65,65,65,65,65,65],"card_choices":[{"not_picked":["Slimebound:PressTheAttack","Slimebound:RollThrough"],"picked":"Slimebound:LivingWall","floor":2.0},{"not_picked":["Slimebound:PressTheAttack","Slimebound:SamplingLick"],"picked":"Slimebound:MegaLick","floor":3.0},{"not_picked":["Slimebound:GoopTackle","Slimebound:DivideAndConquer"],"picked":"Slimebound:Grow","floor":4.0},{"not_picked":["Slimebound:Overexert","Slimebound:FinishingTackle"],"picked":"Slimebound:ViciousTackle","floor":5},{"not_picked":["Slimebound:FormOfPuddle","Slimebound:FinishingTackle"],"picked":"Slimebound:RainOfGoop","floor":6},{"not_picked":["Slimebound:Prepare","Slimebound:SlimeSpikes","Slimebound:LivingWall"],"picked":"SKIP","floor":8},{"not_picked":["Slimebound:SamplingLick","Slimebound:LivingWall"],"picked":"Slimebound:Gluttony","floor":9},{"not_picked":["Slimebound:SlimeSpikes","Slimebound:SelfFormingGoo"],"picked":"Slimebound:ItLooksTasty","floor":11},{"not_picked":["Slimebound:RollThrough","Slimebound:PressTheAttack"],"picked":"Slimebound:AcidTongue","floor":13},{"not_picked":["Slimebound:SplitAcid","Slimebound:SplitBruiser","Slimebound:MegaLick"],"picked":"SKIP","floor":14},{"not_picked":["Slimebound:SplitSpecialist","Slimebound:SplitMire","Slimebound:Prepare"],"picked":"SKIP","floor":15}],"player_experience":208878,"relics_obtained":[{"floor":7,"key":"White Beast Statue"},{"floor":9,"key":"Odd Mushroom"},{"floor":11,"key":"Vajra"}],"event_choices":[{"damage_healed":0,"gold_gain":0,"player_choice":"Fought Mushrooms","damage_taken":0,"max_hp_gain":0,"max_hp_loss":0,"event_name":"Mushrooms","floor":9,"gold_loss":0}],"is_beta":false,"boss_relics":[],"items_purged_floors":[],"is_endless":false,"potions_floor_spawned":[5,8,9,10,11,13,14,15],"killed_by":"WA_ARCHETYPE_RETAIN","ascension_level":0}}