{"host":"y76x98twjnyyxs83","time":1612127206,"event":{"mods":["BaseMod","Colored Powertips","Minty Spire (QoL Compilation)","Permanent Neow","Quick Restart","Rare Cards Sparkle","Relic Stats","StSLib"],"gold_per_floor":[216,226,226,176,191,219,219,253,280,298,298,298],"floor_reached":11,"language":"ENG","playtime":393,"items_purged":[],"score":166,"play_id":"066d364a-b9f0-4285-849e-08759425445d","local_time":"20210201050646","is_ascension_mode":true,"campfire_choices":[{"data":"FollowUp","floor":7,"key":"SMITH"}],"circlet_count":0,"master_deck":["AscendersBane","Strike_P","Strike_P","Strike_P","Defend_P","Defend_P","Defend_P","Defend_P","Eruption","Vigilance","CutThroughFate","BowlingBash","Crescendo","FollowUp+1","Halt","Adaptation"],"relics":["PureWater","Centennial Puzzle","MealTicket","Lantern"],"acts_visited":["Exordium"],"potions_floor_usage":[8,11],"damage_taken":[{"damage":0,"enemies":"Cultist","floor":1,"turns":3},{"damage":0,"enemies":"2 Louse","floor":2,"turns":5},{"damage":7,"enemies":"Small Slimes","floor":5,"turns":2},{"damage":25,"enemies":"3 Sentries","floor":6,"turns":6},{"damage":20,"enemies":"Gremlin Nob","floor":8,"turns":3},{"damage":0,"enemies":"Blue Slaver","floor":10,"turns":2},{"damage":12,"enemies":"3 Sentries","floor":11,"turns":4}],"seed_played":"-1978871698851548166","potions_obtained":[{"floor":1,"key":"PowerPotion"},{"floor":8,"key":"DuplicationPotion"}],"is_trial":false,"path_per_floor":["M","M","?","$","M","E","R","E","T","M","E"],"character_chosen":"WATCHER","items_purchased":["BowlingBash"],"campfire_rested":0,"item_purchase_floors":[4],"current_hp_per_floor":[61,61,61,61,54,29,29,9,9,9,0,0],"gold":298,"neow_bonus":"HUNDRED_GOLD","is_daily":false,"chose_seed":false,"campfire_upgraded":1,"win_rate":0.0,"timestamp":1612127206,"path_taken":["M","M","?","$","M","E","R","E","T","M","E"],"items_purchased_type":["Card"],"build_version":"2020-12-22","purchased_purges":0,"victory":false,"max_hp_per_floor":[68,68,68,68,68,68,68,68,68,68,68,68],"relic_stats":{"Centennial Puzzle":[6],"counters":[7,25],"MealTicket":0,"obtain_stats":[{"Centennial Puzzle":6,"Lantern":9,"MealTicket":8,"PureWater":0},{"Centennial Puzzle":4,"Lantern":5,"MealTicket":5,"PureWater":0},{"Centennial Puzzle":16,"Lantern":19,"MealTicket":19,"PureWater":0}]},"card_choices":[{"not_picked":["Collect","EmptyMind","PathToVictory"],"picked":"SKIP","floor":1},{"not_picked":["Crescendo","FlurryOfBlows"],"picked":"CutThroughFate","floor":2},{"not_picked":["Pray","ForeignInfluence"],"picked":"Crescendo","floor":5},{"not_picked":["ThirdEye","Pray"],"picked":"FollowUp","floor":6},{"not_picked":["ForeignInfluence","BowlingBash"],"picked":"Halt","floor":8},{"not_picked":["WaveOfTheHand","FlurryOfBlows"],"picked":"Adaptation","floor":10}],"player_experience":1182281,"relics_obtained":[{"floor":6,"key":"Centennial Puzzle"},{"floor":8,"key":"MealTicket"},{"floor":9,"key":"Lantern"}],"event_choices":[{"cards_removed":["Strike_P"],"damage_healed":0,"gold_gain":0,"player_choice":"Purged","damage_taken":0,"max_hp_gain":0,"max_hp_loss":0,"event_name":"Purifier","floor":3,"gold_loss":0}],"is_beta":false,"boss_relics":[],"items_purged_floors":[],"is_endless":false,"potions_floor_spawned":[1,8],"killed_by":"3 Sentries","ascension_level":20}}