{"host":"aw6ta4ll26ap9lu8","time":1612109262,"event":{"mods":["AchievementEnabler","AlwaysNeverKeys","BaseMod","Bestiary","Block Reminder","Colored Map","Colored Powertips","Dark Map","DeckTracker","Highlight Path","Minty Spire (QoL Compilation)","Permanent Neow","Quick Restart","Relic Stats","StSLib"],"gold_per_floor":[111,123,198,123,23,23,57,68,68,94,94,109,124,141,141,242,242,258,258,275,275,275,275,290,319,319,85,97,97,130,145,145,243,243,256,256,611,73,86,86,117,77,155,5,25,42,42,76,76,76,76,76,24,58,58,58],"floor_reached":55,"language":"ENG","playtime":2297,"items_purged":["Strike_P","Defend_P","Strike_P","Defend_P"],"score":1678,"play_id":"a8c6ee77-e4ec-4454-9f09-17ffef2aaaed","local_time":"20210131110742","is_ascension_mode":true,"campfire_choices":[{"data":"Eruption","floor":6.0,"key":"SMITH"},{"data":"Fasting2","floor":15.0,"key":"SMITH"},{"data":"DeusExMachina","floor":23.0,"key":"SMITH"},{"floor":32.0,"key":"REST"},{"data":"Adaptation","floor":40.0,"key":"SMITH"},{"data":"Adaptation","floor":49.0,"key":"SMITH"},{"data":"Consecrate","floor":52.0,"key":"SMITH"}],"circlet_count":0,"master_deck":["AscendersBane","Strike_P","Defend_P","Eruption+1","Vigilance+1","Consecrate+1","FollowUp","DeusExMachina+1","Fasting2+1","DevaForm","RitualDagger+1","Sanctity+1","CutThroughFate","CutThroughFate+1","FearNoEvil+1","Adaptation+1","Adaptation+1","Ghostly","Ghostly+1","Ghostly","Ghostly","Ghostly","Halt","Violence","FearNoEvil+1","FlyingSleeves+1","Adaptation+1"],"relics":["PureWater","Akabeko","Bag of Preparation","Pear","Boot","Bag of Marbles","Empty Cage","Molten Egg 2","Ancient Tea Set","Orichalcum","Runic Pyramid","Old Coin","Strange Spoon","FossilizedHelix","Bronze Scales","InkBottle","Vajra","Centennial Puzzle"],"acts_visited":["Exordium","TheCity","TheBeyond","TheEnding"],"potions_floor_usage":[55,55],"damage_taken":[{"damage":0.0,"enemies":"Small Slimes","floor":1.0,"turns":2.0},{"damage":4.0,"enemies":"Jaw Worm","floor":2.0,"turns":3.0},{"damage":0.0,"enemies":"Lagavulin","floor":7.0,"turns":3.0},{"damage":0.0,"enemies":"2 Louse","floor":8.0,"turns":1.0},{"damage":15.0,"enemies":"3 Sentries","floor":10.0,"turns":5.0},{"damage":2.0,"enemies":"Lots of Slimes","floor":12.0,"turns":2.0},{"damage":0.0,"enemies":"2 Fungi Beasts","floor":13.0,"turns":1.0},{"damage":0.0,"enemies":"3 Louse","floor":14.0,"turns":1.0},{"damage":0.0,"enemies":"Slime Boss","floor":16.0,"turns":5.0},{"damage":0.0,"enemies":"2 Thieves","floor":18.0,"turns":1.0},{"damage":12.0,"enemies":"3 Byrds","floor":20.0,"turns":3.0},{"damage":12.0,"enemies":"Centurion and Healer","floor":24.0,"turns":3.0},{"damage":7.0,"enemies":"Book of Stabbing","floor":25.0,"turns":3.0},{"damage":13.0,"enemies":"Sentry and Sphere","floor":28.0,"turns":4.0},{"damage":2.0,"enemies":"Slavers","floor":30.0,"turns":4.0},{"damage":0.0,"enemies":"Snake Plant","floor":31.0,"turns":4.0},{"damage":0.0,"enemies":"Champ","floor":33.0,"turns":5.0},{"damage":0.0,"enemies":"3 Darklings","floor":35.0,"turns":4.0},{"damage":0.0,"enemies":"2 Orb Walkers","floor":37.0,"turns":5.0},{"damage":0.0,"enemies":"3 Shapes","floor":39.0,"turns":2.0},{"damage":0.0,"enemies":"Giant Head","floor":41.0,"turns":6.0},{"damage":0.0,"enemies":"Spire Growth","floor":45.0,"turns":3.0},{"damage":0.0,"enemies":"3 Darklings","floor":46.0,"turns":2.0},{"damage":0.0,"enemies":"Nemesis","floor":48.0,"turns":3.0},{"damage":0.0,"enemies":"Time Eater","floor":50.0,"turns":5.0},{"damage":0.0,"enemies":"Shield and Spear","floor":54.0,"turns":3.0},{"damage":60,"enemies":"The Heart","floor":55,"turns":6}],"seed_played":"9096424646702583348","potions_obtained":[{"floor":2.0,"key":"AttackPotion"},{"floor":7.0,"key":"Regen Potion"},{"floor":10.0,"key":"StancePotion"},{"floor":12.0,"key":"PowerPotion"},{"floor":16.0,"key":"PowerPotion"},{"floor":24.0,"key":"FearPotion"},{"floor":30.0,"key":"Explosive Potion"},{"floor":41.0,"key":"DistilledChaos"},{"floor":46.0,"key":"Regen Potion"},{"floor":54.0,"key":"GamblersBrew"}],"is_trial":false,"path_per_floor":["M","M","?","$","$","R","E","M","T","E","?","M","M","M","R","B",null,"M","?","M","?","?","R","M","E","T","$","M","?","E","M","R","B",null,"M","?","?","$","M","R","E","?","T","$","M","M","?","E","R","B",null,"R","$","E","B"],"character_chosen":"WATCHER","items_purchased":["FearNoEvil+1","Adaptation","Strange Spoon","FossilizedHelix","FearNoEvil+1","SkillPotion"],"campfire_rested":1,"item_purchase_floors":[27,27,38,38,38,53],"current_hp_per_floor":[65,61,50,50,50,50,50,50,60,59,59,57,57,57,57,57,76,76,70,58,42,42,42,30,23,23,23,10,10,8,8,20,20,37,37,37,37,37,37,37,37,37,37,37,37,37,37,37,37,41,41,41,41,41,0,0],"gold":58,"neow_bonus":"RANDOM_COMMON_RELIC","is_daily":false,"chose_seed":false,"campfire_upgraded":6,"win_rate":0.0,"timestamp":1612109262,"path_taken":["M","M","?","?","$","R","E","M","T","E","?","?","M","M","R","BOSS","M","?","M","?","?","R","M","E","T","$","?","?","E","M","R","BOSS","M","?","?","$","M","R","E","?","T","$","M","?","?","E","R","BOSS","R","$","E","BOSS"],"items_purchased_type":["Card","Card","Relic","Relic","Card","Potion"],"build_version":"2020-12-22","purchased_purges":4,"victory":false,"max_hp_per_floor":[72,72,72,72,72,72,72,72,82,82,82,82,82,82,82,82,82,82,82,82,87,87,87,87,87,87,87,87,43,43,43,43,43,43,43,43,43,43,43,43,43,43,43,43,43,43,41,41,41,41,41,41,41,41,41,41],"relic_stats":{"Strange Spoon":[23],"Centennial Puzzle":[4],"counters":[27,89],"Bronze Scales":[120],"Bag of Preparation":[51],"Orichalcum":[96],"Boot":[22],"obtain_stats":[{"Pear":9,"Vajra":48,"Bag of Preparation":7,"Orichalcum":30,"Boot":10,"Empty Cage":17,"Ancient Tea Set":26,"Akabeko":0,"Old Coin":37,"Strange Spoon":38,"Centennial Puzzle":54,"Bronze Scales":41,"Molten Egg 2":25,"Bag of Marbles":11,"PureWater":0,"FossilizedHelix":38,"InkBottle":43,"Runic Pyramid":34},{"Pear":4,"Vajra":24,"Bag of Preparation":3,"Orichalcum":15,"Boot":5,"Empty Cage":9,"Ancient Tea Set":13,"Akabeko":0,"Old Coin":19,"Strange Spoon":19,"Centennial Puzzle":26,"Bronze Scales":21,"Molten Egg 2":13,"Bag of Marbles":5,"PureWater":0,"FossilizedHelix":19,"InkBottle":21,"Runic Pyramid":17},{"Pear":9,"Vajra":75,"Bag of Preparation":8,"Orichalcum":41,"Boot":14,"Empty Cage":23,"Ancient Tea Set":33,"Akabeko":0,"Old Coin":59,"Strange Spoon":59,"Centennial Puzzle":83,"Bronze Scales":67,"Molten Egg 2":33,"Bag of Marbles":14,"PureWater":0,"FossilizedHelix":59,"InkBottle":67,"Runic Pyramid":50}],"InkBottle":[13]},"card_choices":[{"not_picked":["JustLucky","BowlingBash"],"picked":"LikeWater","floor":1.0},{"not_picked":["WheelKick","EmptyBody"],"picked":"Consecrate","floor":2.0},{"not_picked":["CrushJoints","Consecrate"],"picked":"FollowUp","floor":7.0},{"not_picked":["Halt","Fasting2"],"picked":"DeusExMachina","floor":8.0},{"not_picked":["EmptyFist","LessonLearned","JustLucky"],"picked":"SKIP","floor":10.0},{"not_picked":["FlurryOfBlows","BowlingBash","WreathOfFlame"],"picked":"SKIP","floor":12.0},{"not_picked":["ForeignInfluence","PathToVictory"],"picked":"Fasting2","floor":13.0},{"not_picked":["FlurryOfBlows","Consecrate","EmptyFist"],"picked":"SKIP","floor":14.0},{"not_picked":["Scrawl","Alpha"],"picked":"DevaForm","floor":16.0},{"not_picked":["Swivel","Vengeance","FollowUp"],"picked":"SKIP","floor":18.0},{"not_picked":["Evaluate","FlurryOfBlows"],"picked":"Sanctity+1","floor":20.0},{"not_picked":["Conclude","SashWhip+1"],"picked":"CutThroughFate","floor":24.0},{"not_picked":["Nirvana+1","BowlingBash+1"],"picked":"CutThroughFate+1","floor":25.0},{"not_picked":["WheelKick+1","CutThroughFate+1"],"picked":"Adaptation","floor":28.0},{"not_picked":["CrushJoints+1","LessonLearned+1"],"picked":"Halt","floor":30.0},{"not_picked":["Consecrate+1","JustLucky+1","TalkToTheHand+1"],"picked":"SKIP","floor":31.0},{"not_picked":["WaveOfTheHand","Protect","FlurryOfBlows+1"],"picked":"SKIP","floor":35.0},{"not_picked":["Swift Strike+1","Enlightenment"],"picked":"Violence","floor":36.0},{"not_picked":["LikeWater","BowlingBash+1","Pray+1"],"picked":"SKIP","floor":39.0},{"not_picked":["Perseverance+1","Blasphemy","Crescendo+1"],"picked":"SKIP","floor":41.0},{"not_picked":["Indignation+1","Halt+1","Swivel"],"picked":"SKIP","floor":45.0},{"not_picked":["Sanctity","Meditate+1"],"picked":"FlyingSleeves+1","floor":46.0},{"not_picked":["Indignation+1","CutThroughFate+1","Consecrate+1"],"picked":"SKIP","floor":48.0},{"not_picked":["DeceiveReality+1","WheelKick+1"],"picked":"Adaptation+1","floor":54.0}],"player_experience":624738,"relics_obtained":[{"floor":7.0,"key":"Bag of Preparation"},{"floor":9.0,"key":"Pear"},{"floor":10.0,"key":"Boot"},{"floor":25.0,"key":"Molten Egg 2"},{"floor":26.0,"key":"Ancient Tea Set"},{"floor":30.0,"key":"Orichalcum"},{"floor":37.0,"key":"Old Coin"},{"floor":41.0,"key":"Bronze Scales"},{"floor":43.0,"key":"InkBottle"},{"floor":48.0,"key":"Vajra"},{"floor":54.0,"key":"Centennial Puzzle"}],"event_choices":[{"damage_healed":0.0,"max_hp_gain":0.0,"max_hp_loss":0.0,"gold_gain":75.0,"event_name":"World of Goop","player_choice":"Gather Gold","floor":3.0,"gold_loss":0.0,"damage_taken":11.0},{"cards_removed":["LikeWater"],"damage_healed":0.0,"max_hp_gain":0.0,"max_hp_loss":0.0,"gold_gain":0.0,"event_name":"WeMeetAgain","player_choice":"Gave Card","floor":11.0,"gold_loss":0.0,"damage_taken":0.0,"relics_obtained":["Bag of Marbles"]},{"damage_healed":0.0,"max_hp_gain":0.0,"max_hp_loss":0.0,"gold_gain":0.0,"event_name":"Nest","player_choice":"Joined the Cult","floor":19.0,"gold_loss":0.0,"damage_taken":6.0,"cards_obtained":["RitualDagger"]},{"damage_healed":0.0,"max_hp_gain":5.0,"max_hp_loss":0.0,"gold_gain":0.0,"event_name":"Forgotten Altar","player_choice":"Shed Blood","floor":21.0,"gold_loss":0.0,"damage_taken":21.0},{"damage_healed":0.0,"max_hp_gain":0.0,"max_hp_loss":0.0,"gold_gain":0.0,"event_name":"Upgrade Shrine","player_choice":"Upgraded","floor":22.0,"gold_loss":0.0,"damage_taken":0.0,"cards_upgraded":["RitualDagger"]},{"damage_healed":0.0,"max_hp_gain":0.0,"max_hp_loss":44.0,"gold_gain":0.0,"event_name":"Ghosts","player_choice":"Became a Ghost","floor":29.0,"gold_loss":0.0,"damage_taken":0.0,"cards_obtained":["Ghostly","Ghostly","Ghostly","Ghostly","Ghostly"]},{"damage_healed":0.0,"max_hp_gain":0.0,"max_hp_loss":0.0,"gold_gain":0.0,"event_name":"SensoryStone","player_choice":"Memory 1","floor":36.0,"gold_loss":0.0,"damage_taken":0.0},{"damage_healed":0.0,"max_hp_gain":0.0,"max_hp_loss":0.0,"gold_gain":0.0,"event_name":"Mysterious Sphere","player_choice":"Fight","floor":37.0,"gold_loss":0.0,"damage_taken":0.0},{"damage_healed":0.0,"max_hp_gain":0.0,"max_hp_loss":0.0,"gold_gain":0.0,"event_name":"Designer","player_choice":"Upgraded Two","floor":42.0,"gold_loss":40.0,"damage_taken":0.0,"cards_upgraded":["Ghostly","Vigilance"]},{"damage_healed":0.0,"max_hp_gain":0.0,"max_hp_loss":2.0,"gold_gain":0.0,"event_name":"Winding Halls","player_choice":"Max HP","floor":47.0,"gold_loss":0.0,"damage_taken":0.0}],"is_beta":false,"boss_relics":[{"not_picked":["Busted Crown","Snecko Eye"],"picked":"Empty Cage"},{"not_picked":["Pandora\u0027s Box","Black Star"],"picked":"Runic Pyramid"}],"items_purged_floors":[4,5,27,44],"is_endless":false,"potions_floor_spawned":[2,7,10,12,14,16,24,30,41,46,54],"killed_by":"The Heart","ascension_level":11}}