{"host":"0uumfqrc8aynrssa","time":1612086091,"event":{"mods":["AchievementEnabler","Act Like it!","Aspiration","Astrologer","BaseMod","Better Altar","Better Match","Better Note","Better Sensory Stone","Better Skull","Better Third Choice","Better Vampires","CapriCore","Colored Map","Colored Powertips","Conspire","Downfall","Energized Spire","Friendly Minions","Gensokyo","GifTheSpireLib","Hallownest","Hermit","Highlight Path","Hubris","Infinite Spire","Koishi","Marisa????????","Marked Mod","Minty Spire (QoL Compilation)","Pale of the Ancients","Permanent Neow","Potionbrewer","Random Character Button","Rare Cards Sparkle","Reimu??????","Relic Sorter","Reliquary","Remilia??????","Robot Space Explorer","Shop Mod","Somnambulant","Spicy Shops","Spikes Relics","Spire Arcade","StSLib","Stuff the Spire","The Animator","The Awakened One except there are too many feathers","The Bug Knight","The Cursed","The Hierophant","The Immortal","The Marked","The Problem Sleuth","The Runesmith","The Servant 0.9.4","TheBandit","TheFirefly","Trackpad","Wandering Minibosses","everything is the same but u backflip on backflip","slay the spire mod where everything is the same but ironclad has a cowboy hat"],"gold_per_floor":[116,116,116,116,5,32,32,49,49,68,68,86,96,96,96,200,200,212,227,227,243,243,243,256,256,280,293,293,313,313,89,89,184,184,204,224,240,252,252,252,152,152,152,152,152,162,173,173,173,173,173],"floor_reached":50,"language":"ENG","playtime":4378,"items_purged":["Strike_P","Writhe"],"score":570,"play_id":"82cd3c4d-2842-41de-8645-62ca4dc461e1","local_time":"20210131044131","is_ascension_mode":true,"campfire_choices":[{"data":"Fasting2","floor":11.0,"key":"SMITH"},{"floor":15.0,"key":"REST"},{"floor":23.0,"key":"REST"},{"floor":25.0,"key":"REST"},{"floor":32.0,"key":"REST"},{"floor":40.0,"key":"REST"},{"floor":42.0,"key":"REST"},{"data":"Protect","floor":45.0,"key":"SMITH"},{"data":"infinitespire:Punishment","floor":49.0,"key":"SMITH"}],"circlet_count":0,"master_deck":["Strike_P","Strike_P","Strike_P","Defend_P","Defend_P","Defend_P","Defend_P","Eruption","Vigilance","Collect","Fasting2+1","ReachHeaven","Sanctity","BattleHymn","Prostrate","Protect","Establishment+1","Protect","hubris:InfiniteBlow","Establishment+1","Protect+1","Protect","TalkToTheHand","DeceiveReality","Alpha","Collect","Parasite","Prostrate","infinitespire:Punishment+1"],"relics":["hubris:GrandSneckoEye"],"acts_visited":["Exordium","TheCity","TheBeyond"],"potions_floor_usage":[50],"damage_taken":[{"damage":4.0,"enemies":"Jaw Worm","floor":1.0,"turns":4.0},{"damage":0.0,"enemies":"Gremlin Nob","floor":6.0,"turns":2.0},{"damage":0.0,"enemies":"Small Slimes","floor":8.0,"turns":2.0},{"damage":0.0,"enemies":"2 Louse","floor":10.0,"turns":2.0},{"damage":9.0,"enemies":"2 Fungi Beasts","floor":12.0,"turns":3.0},{"damage":3.0,"enemies":"Lots of Slimes","floor":13.0,"turns":4.0},{"damage":14.0,"enemies":"Hexaghost","floor":16.0,"turns":6.0},{"damage":37.0,"enemies":"2 Thieves","floor":18.0,"turns":4.0},{"damage":10.0,"enemies":"Spheric Guardian","floor":19.0,"turns":5.0},{"damage":11.0,"enemies":"Centurion and Healer","floor":21.0,"turns":8.0},{"damage":11.0,"enemies":"Snake Plant","floor":24.0,"turns":4.0},{"damage":14.0,"enemies":"Chosen and Byrds","floor":27.0,"turns":8.0},{"damage":5.0,"enemies":"Centurion and Healer","floor":29.0,"turns":6.0},{"damage":47.0,"enemies":"hubris:MusketHawk","floor":33.0,"turns":10.0},{"damage":29.0,"enemies":"3 Darklings","floor":35.0,"turns":6.0},{"damage":9.0,"enemies":"Orb Walker","floor":36.0,"turns":4.0},{"damage":16.0,"enemies":"Jaw Worm Horde","floor":37.0,"turns":4.0},{"damage":17.0,"enemies":"3 Darklings","floor":38.0,"turns":5.0},{"damage":15.0,"enemies":"Writhing Mass","floor":46.0,"turns":8.0},{"damage":1.0,"enemies":"Maw","floor":47.0,"turns":10.0},{"damage":59,"enemies":"Time Eater","floor":50,"turns":12}],"seed_played":"-1146006486481819885","potions_obtained":[{"floor":6.0,"key":"FearPotion"},{"floor":8.0,"key":"potionbrewer:ToxicPotion"},{"floor":10.0,"key":"Explosive Potion"},{"floor":13.0,"key":"ZuzhouPotion:ReiMu"},{"floor":21.0,"key":"potionbrewer:DiscountPotion"},{"floor":24.0,"key":"potionbrewer:AcidPotion"},{"floor":27.0,"key":"potionbrewer:BlacksmithPotion"},{"floor":29.0,"key":"Block Potion"},{"floor":35.0,"key":"Fruit Juice"},{"floor":46.0,"key":"potionbrewer:EndurancePotion"},{"floor":47.0,"key":"GrandPatriotsElixir:ReiMu"}],"is_trial":false,"path_per_floor":["M","?","?","?","$","E","$","M","T","M","R","M","M","?","R","B",null,"M","M","AVR","M","?","R","M","R","T","M","?","M","?","$","R","B",null,"M","M","M","M","?","R","$","R","T","?","R","M","M","AVR","R","B"],"character_chosen":"WATCHER","items_purchased":["Fasting2","ReachHeaven","TalkToTheHand","DeceiveReality"],"campfire_rested":6,"item_purchase_floors":[5,5,31,31],"current_hp_per_floor":[68,68,68,68,68,68,68,68,68,68,68,59,56,56,72,58,72,35,25,25,14,14,35,24,45,45,31,31,26,33,33,54,7,72,48,39,23,6,25,48,48,71,71,71,71,56,55,55,55,0,0],"gold":173,"neow_bonus":"BOSS_RELIC","is_daily":false,"chose_seed":false,"campfire_upgraded":3,"win_rate":0.0,"timestamp":1612086091,"path_taken":["M","?","?","?","$","E","$","M","T","M","R","M","M","?","R","BOSS","M","?","AVR","M","?","R","M","R","T","M","?","M","?","$","R","BOSS","M","M","?","?","?","R","$","R","T","?","R","M","M","AVR","R","BOSS"],"items_purchased_type":["Card","Card","Card","Card"],"build_version":"2020-12-22","purchased_purges":2,"victory":false,"max_hp_per_floor":[72,72,72,72,72,72,72,72,72,72,72,72,72,72,72,72,72,72,72,72,72,72,72,72,72,72,72,72,72,72,72,72,72,72,77,77,77,77,77,77,77,77,77,77,77,77,77,77,77,77,77],"card_choices":[{"not_picked":["MarkedMod:FirstStrike","BowlingBash"],"picked":"Collect","floor":1.0},{"not_picked":["Crescendo","Halt"],"picked":"Sanctity","floor":6.0},{"not_picked":["Tantrum","JustLucky"],"picked":"BattleHymn","floor":8.0},{"not_picked":["ReachHeaven","FlyingSleeves"],"picked":"Prostrate","floor":10.0},{"not_picked":["FlurryOfBlows","SashWhip","EmptyFist"],"picked":"SKIP","floor":12.0},{"not_picked":["MarkedMod:Acupuncture","CrushJoints"],"picked":"Protect","floor":13.0},{"not_picked":["MarkedMod:NorthStar","LessonLearned"],"picked":"Establishment","floor":16.0},{"not_picked":["CarveReality+1","MentalFortress","MarkedMod:Acupuncture"],"picked":"SKIP","floor":18.0},{"not_picked":["ClearTheMind","Study"],"picked":"Protect","floor":19.0},{"not_picked":["FlurryOfBlows+1","Protect","Conclude+1"],"picked":"SKIP","floor":21.0},{"not_picked":["Wallop","Tantrum+1"],"picked":"Establishment","floor":24.0},{"not_picked":["MarkedMod:Acupuncture+1","Wallop"],"picked":"Protect","floor":27.0},{"not_picked":["FlyingSleeves","BattleHymn"],"picked":"Protect","floor":29.0},{"not_picked":["DeusExMachina","SpiritShield"],"picked":"Alpha","floor":33.0},{"not_picked":["Worship+1","PathToVictory+1"],"picked":"Collect","floor":35.0},{"not_picked":["MarkedMod:GentlePulse+1","InnerPeace","Meditate"],"picked":"SKIP","floor":36.0},{"not_picked":["Prostrate","ThirdEye+1","ClearTheMind"],"picked":"SKIP","floor":37.0},{"not_picked":["ThirdEye","Halt","WaveOfTheHand"],"picked":"SKIP","floor":38.0},{"not_picked":["EmptyMind","EmptyFist+1","MarkedMod:OneThousandNeedles"],"picked":"SKIP","floor":46.0},{"not_picked":["Adaptation","Halt"],"picked":"Prostrate","floor":47.0}],"player_experience":944560,"relics_obtained":[],"event_choices":[{"damage_healed":0.0,"max_hp_gain":0.0,"max_hp_loss":0.0,"gold_gain":0.0,"event_name":"Golden Idol","player_choice":"Ignored","floor":3.0,"gold_loss":0.0,"damage_taken":0.0},{"cards_removed":["Strike_P"],"damage_healed":0.0,"max_hp_gain":0.0,"max_hp_loss":0.0,"gold_gain":0.0,"event_name":"betterNote:BetterNote","player_choice":"Give","floor":14.0,"gold_loss":0.0,"damage_taken":0.0,"cards_obtained":["Defend_P"]},{"damage_healed":0.0,"max_hp_gain":0.0,"max_hp_loss":0.0,"gold_gain":0.0,"event_name":"Cursed Tome","player_choice":"Ignored","floor":22.0,"gold_loss":0.0,"damage_taken":0.0},{"damage_healed":19.0,"max_hp_gain":0.0,"max_hp_loss":0.0,"gold_gain":0.0,"event_name":"Winding Halls","player_choice":"Writhe","floor":39.0,"gold_loss":0.0,"damage_taken":0.0,"cards_obtained":["Writhe"]},{"damage_healed":0.0,"max_hp_gain":0.0,"max_hp_loss":0.0,"gold_gain":0.0,"event_name":"Upgrade Shrine","player_choice":"Upgraded","floor":44.0,"gold_loss":0.0,"damage_taken":0.0,"cards_upgraded":["Establishment"]}],"is_beta":false,"boss_relics":[{"not_picked":["Sozu","hubris:ScarierMask","hubris:TerracottaHorce"]},{"not_picked":["Sozu","hubris:ScarierMask","hubris:TerracottaHorce"]}],"items_purged_floors":[31,41],"is_endless":false,"potions_floor_spawned":[6,8,10,13,21,24,27,29,35,46,47],"killed_by":"Time Eater","ascension_level":1}}