{"host":"c6u7e77myxvw4d0m","time":1612116977,"event":{"mods":["AchievementEnabler","BaseMod","Bestiary","Colored Map","Colored Powertips","Minty Spire (QoL Compilation)","Rare Cards Sparkle","Relic Stats","everything is the same but u backflip on backflip"],"gold_per_floor":[114,114,130,20,36,36,67,82,82,102,134,134,184,21,21,95,95,107,157,157,157],"floor_reached":20,"language":"ENG","playtime":796,"items_purged":[],"score":337,"play_id":"785a4e73-6856-4c10-82e9-3364115f96e3","local_time":"20210131201617","is_ascension_mode":true,"campfire_choices":[{"data":"Fire Breathing","floor":6,"key":"SMITH"},{"data":"Shrug It Off","floor":12,"key":"SMITH"},{"floor":15,"key":"REST"}],"circlet_count":0,"master_deck":["AscendersBane","Strike_R","Strike_R","Strike_R","Strike_R","Strike_R","Defend_R","Defend_R","Defend_R","Defend_R","Bash","Spot Weakness","Twin Strike","Shrug It Off+1","Fire Breathing+1","Pummel","Juggernaut","Cleave","Flex","Spot Weakness","Limit Break"],"relics":["Burning Blood","Calipers","Darkstone Periapt","Dream Catcher","Gremlin Horn","Bottled Tornado","PreservedInsect","Busted Crown"],"acts_visited":["Exordium","TheCity"],"potions_floor_usage":[7,7,7,7,10,11],"damage_taken":[{"damage":13,"enemies":"Cultist","floor":1,"turns":5},{"damage":7,"enemies":"2 Louse","floor":3,"turns":4},{"damage":7,"enemies":"Jaw Worm","floor":5,"turns":5},{"damage":12,"enemies":"3 Sentries","floor":7,"turns":4},{"damage":1,"enemies":"Looter","floor":8,"turns":4},{"damage":0,"enemies":"Gremlin Gang","floor":10,"turns":2},{"damage":30,"enemies":"Gremlin Nob","floor":11,"turns":5},{"damage":41,"enemies":"Hexaghost","floor":16,"turns":8},{"damage":48,"enemies":"Shell Parasite","floor":18,"turns":5},{"damage":14,"enemies":"Chosen","floor":20,"turns":3}],"seed_played":"-8707619903472875978","potions_obtained":[{"floor":1,"key":"ElixirPotion"},{"floor":3,"key":"EntropicBrew"},{"floor":7,"key":"Block Potion"},{"floor":8,"key":"Energy Potion"}],"is_trial":false,"path_per_floor":["M","T","M","$","M","R","E","M","T","M","E","R","?","$","R","B",null,"M","?","M"],"character_chosen":"IRONCLAD","items_purchased":["Shrug It Off","Fire Breathing","PreservedInsect"],"campfire_rested":1,"item_purchase_floors":[4,4,14],"current_hp_per_floor":[61,61,60,60,59,59,53,58,58,64,40,40,34,34,54,19,56,14,14,0,0],"gold":157,"neow_bonus":"ONE_RARE_RELIC","is_daily":false,"chose_seed":false,"campfire_upgraded":2,"win_rate":0.0,"timestamp":1612116977,"path_taken":["M","?","M","$","M","R","E","M","T","M","E","R","?","$","R","BOSS","M","?","M"],"items_purchased_type":["Card","Card","Relic"],"build_version":"2020-12-22","purchased_purges":0,"victory":false,"max_hp_per_floor":[68,68,68,68,68,68,68,68,68,68,68,68,68,68,68,68,68,68,68,68,68],"relic_stats":{"Darkstone Periapt":0,"Dream Catcher":1,"Busted Crown":2,"Gremlin Horn":[3,3],"counters":[10,45],"PreservedInsect":0,"obtain_stats":[{"Darkstone Periapt":2,"Dream Catcher":7,"Calipers":0,"Busted Crown":17,"Gremlin Horn":9,"PreservedInsect":14,"Bottled Tornado":11,"Burning Blood":0},{"Darkstone Periapt":1,"Dream Catcher":4,"Calipers":0,"Busted Crown":8,"Gremlin Horn":5,"PreservedInsect":7,"Bottled Tornado":7,"Burning Blood":0},{"Darkstone Periapt":5,"Dream Catcher":18,"Calipers":0,"Busted Crown":37,"Gremlin Horn":22,"PreservedInsect":29,"Bottled Tornado":29,"Burning Blood":0}],"Burning Blood":54},"card_choices":[{"not_picked":["Clash","Sword Boomerang"],"picked":"Spot Weakness","floor":1},{"not_picked":["Shockwave","Burning Pact"],"picked":"Twin Strike","floor":3},{"not_picked":["Iron Wave","Battle Trance"],"picked":"Pummel","floor":5},{"not_picked":["Anger","Disarm"],"picked":"Juggernaut","floor":7},{"not_picked":["True Grit","Sword Boomerang"],"picked":"Cleave","floor":8},{"not_picked":["Thunderclap","Perfected Strike","Heavy Blade"],"picked":"SKIP","floor":10},{"not_picked":["Heavy Blade","Body Slam"],"picked":"Flex","floor":11},{"not_picked":["Fire Breathing","Thunderclap"],"picked":"Spot Weakness","floor":15},{"not_picked":["Double Tap","Berserk"],"picked":"Limit Break","floor":16},{"not_picked":["Hemokinesis"],"picked":"SKIP","floor":18}],"player_experience":577400,"relics_obtained":[{"floor":2,"key":"Darkstone Periapt"},{"floor":7,"key":"Dream Catcher"},{"floor":9,"key":"Gremlin Horn"},{"floor":11,"key":"Bottled Tornado"}],"event_choices":[{"damage_healed":0,"gold_gain":50,"player_choice":"Touch","damage_taken":6,"max_hp_gain":0,"max_hp_loss":0,"event_name":"FaceTrader","floor":13,"gold_loss":0},{"damage_healed":0,"gold_gain":50,"player_choice":"Pray","damage_taken":0,"max_hp_gain":0,"max_hp_loss":0,"event_name":"Golden Shrine","floor":19,"gold_loss":0}],"is_beta":false,"boss_relics":[{"not_picked":["Runic Cube","Calling Bell"],"picked":"Busted Crown"}],"items_purged_floors":[],"is_endless":false,"potions_floor_spawned":[1,3,7,8],"killed_by":"Chosen","ascension_level":17}}