{"host":"b9id4afcchnn1rfb","time":1612116687,"event":{"mods":["Act Like it!","BaseMod","Better Note","Colored Map","Colored Powertips","Hallownest","Hermit","Infinite Spire","Minty Spire (QoL Compilation)","StSLib","SuperFastMode","The Death Knight","The Necromancer"],"gold_per_floor":[113,131,145,165,185,185,212,212,212,224,224,224,224,254,254,254,254],"floor_reached":16,"language":"ENG","playtime":329,"items_purged":[],"score":153,"play_id":"5549577b-a447-4278-8f8b-9a41cf97f7e7","local_time":"20210131191127","is_ascension_mode":true,"campfire_choices":[{"floor":6,"key":"REST"},{"floor":8,"key":"REST"},{"floor":11,"key":"REST"},{"data":"Defragment","floor":13,"key":"SMITH"},{"data":"Zap","floor":15,"key":"SMITH"}],"circlet_count":0,"master_deck":["AscendersBane","Strike_B","Strike_B","Strike_B+1","Strike_B","Defend_B","Defend_B","Defend_B","Zap+1","Dualcast","Glacier","Blizzard+1","Leap","Force Field","Defragment+1","Skim"],"relics":["Cracked Core","Whetstone","Strawberry"],"acts_visited":["Exordium"],"potions_floor_usage":[],"damage_taken":[{"damage":9,"enemies":"infinitespire:Voidling","floor":1,"turns":3},{"damage":0,"enemies":"Small Slimes","floor":2,"turns":4},{"damage":7,"enemies":"Jaw Worm","floor":3,"turns":4},{"damage":6,"enemies":"Looter","floor":4,"turns":4},{"damage":40,"enemies":"Gremlin Gang","floor":5,"turns":7},{"damage":35,"enemies":"3 Sentries","floor":7,"turns":12},{"damage":10,"enemies":"3 Louse","floor":10,"turns":4},{"damage":20,"enemies":"Slime Boss","floor":16,"turns":6}],"seed_played":"-485684935086067461","potions_obtained":[{"floor":2,"key":"Ancient Potion"},{"floor":10,"key":"BlessingOfTheForge"}],"is_trial":false,"path_per_floor":["M","M","M","M","M","R","E","R","T","M","R","?","R","?","R","B"],"character_chosen":"DEFECT","items_purchased":[],"campfire_rested":3,"item_purchase_floors":[],"current_hp_per_floor":[66,66,59,53,13,37,2,26,26,16,40,33,33,40,40,20,20],"gold":254,"neow_bonus":"TEN_PERCENT_HP_BONUS","is_daily":false,"chose_seed":false,"campfire_upgraded":2,"win_rate":0.0,"timestamp":1612116687,"path_taken":["M","M","M","?","M","R","E","R","T","M","R","?","R","?","R","BOSS"],"items_purchased_type":[],"build_version":"2020-12-22","purchased_purges":0,"victory":false,"max_hp_per_floor":[82,82,82,82,82,82,82,82,82,82,82,82,82,89,89,89,89],"card_choices":[{"not_picked":["Loop","Redo"],"picked":"Glacier","floor":1},{"not_picked":["Auto Shields","Streamline","Ball Lightning"],"picked":"SKIP","floor":2},{"not_picked":["Turbo","Aggregate"],"picked":"Blizzard","floor":3},{"not_picked":["Compile Driver","Steam Power"],"picked":"Leap","floor":4},{"not_picked":["Gash","Darkness"],"picked":"Force Field","floor":5},{"not_picked":["Stack","Turbo"],"picked":"Defragment","floor":7},{"not_picked":["Cold Snap","Go for the Eyes"],"picked":"Skim","floor":10}],"player_experience":481527,"relics_obtained":[{"floor":7,"key":"Whetstone"}],"event_choices":[{"cards_removed":["Defend_B"],"damage_healed":0,"gold_gain":0,"player_choice":"Card Removal","damage_taken":7,"max_hp_gain":0,"max_hp_loss":0,"event_name":"Golden Wing","floor":12,"gold_loss":0},{"damage_healed":0,"gold_gain":30,"player_choice":"Searched \u00273\u0027 times","damage_taken":0,"relics_obtained":["Strawberry"],"max_hp_gain":0,"max_hp_loss":0,"event_name":"Dead Adventurer","floor":14,"gold_loss":0}],"is_beta":false,"boss_relics":[],"items_purged_floors":[],"is_endless":false,"potions_floor_spawned":[2,10],"killed_by":"Slime Boss","ascension_level":10}}