{"host":"2qyxu97h6u4ukicb","time":1612135969,"event":{"mods":["AchievementEnabler","BaseMod","BetterRewards","Colored Map","Colored Powertips","Minty Spire (QoL Compilation)","Replay The Spire","Shop Mod","StSLib"],"gold_per_floor":[111,128,128,128,139,166,166,180,180,180,200,200,216,216,216,336,336,322,356,356,373,373,373,392,110,110,110,134,134,149,164,177,177,177,280,330,341,341,354,354,404,404,404,404],"floor_reached":43,"language":"ENG","playtime":3194,"items_purged":[],"score":403,"play_id":"f5628ae4-970d-44ea-b378-767cdc754af8","local_time":"20210131173249","is_ascension_mode":false,"campfire_choices":[{"data":"FollowUp","floor":7,"key":"SMITH"},{"data":"Eruption","floor":10,"key":"SMITH"},{"floor":15,"key":"REST"},{"data":"Devotion","floor":23,"key":"SMITH"},{"data":"Replay:BluntJabs","floor":29,"key":"SMITH"},{"floor":42,"key":"REST"}],"circlet_count":0,"master_deck":["Strike_P","Strike_P","Strike_P","Strike_P","Defend_P","Defend_P","Defend_P","Defend_P","Eruption+1","Vigilance","FearNoEvil+1","FollowUp+1","Indignation","PathToVictory","Blasphemy+1","Devotion+1","Replay:BluntJabs+1","Alpha+1","SandsOfTime","Writhe"],"relics":["PureWater","NeowsBlessing","Lizard Tail","Ornamental Fan","Meat on the Bone","Bloody Idol","Busted Crown","Velvet Choker","Ring of Chaos","Red Mask","MerchantsRug","Toxic Egg 2","Blood Vial","Tiny House","Replay:Kaleidoscope"],"acts_visited":["Exordium","TheCity","TheBeyond"],"potions_floor_usage":[6,13,18,32,36,37],"damage_taken":[{"damage":0,"enemies":"Small Slimes","floor":1,"turns":1},{"damage":0,"enemies":"Jaw Worm","floor":2,"turns":1},{"damage":0,"enemies":"Cultist","floor":5,"turns":1},{"damage":8,"enemies":"3 Sentries","floor":6,"turns":7},{"damage":6,"enemies":"Blue Slaver","floor":8,"turns":3},{"damage":6,"enemies":"Exordium Wildlife","floor":11,"turns":3},{"damage":6,"enemies":"Large Slime","floor":13,"turns":4},{"damage":46,"enemies":"The Guardian","floor":16,"turns":15},{"damage":17,"enemies":"2 Thieves","floor":18,"turns":4},{"damage":39,"enemies":"Masked Bandits","floor":19,"turns":5},{"damage":0,"enemies":"Chosen","floor":21,"turns":4},{"damage":32,"enemies":"Centurion and Healer","floor":24,"turns":7},{"damage":10,"enemies":"Snecko","floor":30,"turns":3},{"damage":42,"enemies":"Shelled Parasite and Fungi","floor":31,"turns":5},{"damage":7,"enemies":"Cultist and Chosen","floor":32,"turns":4},{"damage":74,"enemies":"Automaton","floor":35,"turns":8},{"damage":32,"enemies":"3 Darklings","floor":37,"turns":5},{"damage":10,"enemies":"3 Shapes","floor":39,"turns":5},{"damage":27,"enemies":"Mind Bloom Boss Battle","floor":41,"turns":5},{"damage":83,"enemies":"Reptomancer","floor":43,"turns":2}],"seed_played":"-2802457896549037293","potions_obtained":[{"floor":1,"key":"BlessingOfTheForge"},{"floor":11,"key":"Swift Potion"},{"floor":16,"key":"SpeedPotion"},{"floor":30,"key":"Venom Potion"},{"floor":31,"key":"LiquidMemories"},{"floor":35,"key":"SpeedPotion"},{"floor":36,"key":"Fruit Juice"},{"floor":39,"key":"Toxic Potion"},{"floor":41,"key":"Explosive Potion"}],"is_trial":false,"path_per_floor":["M","M","?","?","M","E","R","M","T","R","M","$","M","?","R","B",null,"M","?","?","M","?","R","M","$","PTL","PTL","T","R","M","M","M","$","R_BF","B",null,"M","?","M","?","?","R","E"],"character_chosen":"WATCHER","items_purchased":["MerchantsRug","Toxic Egg 2"],"campfire_rested":2,"item_purchase_floors":[25,25],"current_hp_per_floor":[72,72,72,72,72,64,64,58,58,58,52,52,46,28,49,15,72,55,28,28,45,72,72,45,50,50,50,55,55,52,29,41,41,62,50,82,55,55,52,73,53,77,0,0],"gold":404,"neow_bonus":"THREE_ENEMY_KILL","is_daily":false,"chose_seed":false,"campfire_upgraded":4,"win_rate":0.0,"timestamp":1612135969,"path_taken":["M","M","?","?","M","E","R","M","T","R","?","$","M","?","R","BOSS","M","?","?","M","?","R","M","$","PTL","PTL","T","R","M","?","M","$","R_BF","BOSS","M","?","M","?","?","R","E"],"items_purchased_type":["Relic","Relic"],"build_version":"2020-12-22","purchased_purges":0,"victory":false,"max_hp_per_floor":[72,72,72,72,72,72,72,72,72,72,72,72,72,72,72,72,72,72,72,72,72,72,72,72,72,72,72,72,72,72,72,72,72,72,72,82,82,82,82,82,82,82,82,82],"card_choices":[{"not_picked":["LikeWater","Swivel","Replay:Cycle"],"picked":"SKIP","floor":1},{"not_picked":["Fasting2","Nirvana"],"picked":"FearNoEvil","floor":2},{"not_picked":["Crescendo","Weave","Meditate"],"picked":"SKIP","floor":5},{"not_picked":["TalkToTheHand","Prostrate"],"picked":"FollowUp","floor":6},{"not_picked":["SashWhip","Replay:AtTheReady"],"picked":"Indignation","floor":8},{"not_picked":["FearNoEvil","JustLucky"],"picked":"PathToVictory","floor":11},{"not_picked":["Protect","WreathOfFlame"],"picked":"Blasphemy","floor":13},{"not_picked":["Omniscience","Judgement"],"picked":"Devotion","floor":16},{"not_picked":["EmptyBody"],"picked":"SKIP","floor":18},{"not_picked":["Protect"],"picked":"SKIP","floor":21},{"not_picked":[],"picked":"Replay:BluntJabs","floor":24},{"not_picked":["CrushJoints"],"picked":"SKIP","floor":30},{"not_picked":[],"picked":"PathToVictory+1","floor":31},{"not_picked":["Protect+1"],"picked":"SKIP","floor":32},{"not_picked":[],"picked":"Alpha+1","floor":35},{"not_picked":[],"picked":"SandsOfTime","floor":36},{"not_picked":["EmptyBody+1"],"picked":"SKIP","floor":37},{"not_picked":["Crescendo+1"],"picked":"SKIP","floor":39}],"player_experience":768306,"relics_obtained":[{"floor":4,"key":"Lizard Tail"},{"floor":6,"key":"Ornamental Fan"},{"floor":9,"key":"Meat on the Bone"},{"floor":19,"key":"Red Mask"},{"floor":28,"key":"Blood Vial"},{"floor":41,"key":"Replay:Kaleidoscope"}],"event_choices":[{"damage_healed":0,"gold_gain":0,"player_choice":"Ignored","damage_taken":0,"max_hp_gain":0,"max_hp_loss":0,"event_name":"Golden Wing","floor":3,"gold_loss":0},{"damage_healed":0,"gold_gain":0,"player_choice":"Relic","damage_taken":0,"max_hp_gain":0,"max_hp_loss":0,"event_name":"Wheel of Change","floor":4,"gold_loss":0},{"damage_healed":0,"gold_gain":0,"player_choice":"Take Damage","damage_taken":18,"relics_obtained":["Golden Idol"],"max_hp_gain":0,"max_hp_loss":0,"event_name":"Golden Idol","floor":14,"gold_loss":0},{"damage_healed":0,"gold_gain":0,"player_choice":"Fought Bandits","damage_taken":0,"max_hp_gain":0,"max_hp_loss":0,"event_name":"Masked Bandits","floor":19,"gold_loss":0},{"damage_healed":0,"gold_gain":0,"player_choice":"Gave Idol","damage_taken":0,"relics_obtained":["Bloody Idol"],"max_hp_gain":0,"max_hp_loss":0,"event_name":"Forgotten Altar","floor":20,"relics_lost":["Golden Idol"],"gold_loss":0},{"damage_healed":27,"gold_gain":0,"player_choice":"Full Heal","damage_taken":0,"max_hp_gain":0,"max_hp_loss":0,"event_name":"Wheel of Change","floor":22,"gold_loss":0},{"cards_removed":["PathToVictory"],"damage_healed":0,"gold_gain":0,"player_choice":"Removed Skill","damage_taken":0,"max_hp_gain":0,"max_hp_loss":0,"event_name":"Falling","floor":38,"gold_loss":0},{"damage_healed":21,"gold_gain":0,"player_choice":"Writhe","damage_taken":0,"max_hp_gain":0,"max_hp_loss":0,"event_name":"Winding Halls","floor":40,"gold_loss":0,"cards_obtained":["Writhe"]},{"damage_healed":0,"gold_gain":0,"player_choice":"Fight","damage_taken":0,"max_hp_gain":0,"max_hp_loss":0,"event_name":"MindBloom","floor":41,"gold_loss":0}],"is_beta":false,"boss_relics":[{"not_picked":["HolyWater","Kintsugi"],"picked":"Replay:Grab Bag"},{"not_picked":["Fusion Hammer","Coffee Dripper"],"picked":"Busted Crown"},{"not_picked":["Painkiller Herb","ReplayTheSpireMod:Onyx Gauntlets"],"picked":"Velvet Choker"},{"not_picked":["Replay:Drink Me","Empty Cage"],"picked":"Ring of Chaos"},{"not_picked":["Pandora\u0027s Box","Astrolabe"],"picked":"Tiny House"}],"items_purged_floors":[],"is_endless":false,"potions_floor_spawned":[1,11,16,18,30,31,35,39,41],"killed_by":"Reptomancer","ascension_level":0}}