{"host":"xg4r5pv6chpuampg","time":1612091643,"event":{"mods":["AchievementEnabler","BaseMod","Googly Eyes","Minty Spire (QoL Compilation)"],"gold_per_floor":[115,290,305,305,72,105,105,130,156,156,174,192,209,237,237,341,341,356,356,371,371,391,391,409,441,441,451,18,18,35,35,35],"floor_reached":31,"language":"ENG","playtime":2940,"items_purged":["Doubt","Strike_G"],"score":302,"play_id":"e0c5462e-b185-4691-a041-53cf90e98e39","local_time":"20210131141403","is_ascension_mode":false,"campfire_choices":[{"data":"Burst","floor":7,"key":"SMITH"},{"data":"Predator","floor":10,"key":"SMITH"},{"data":"Catalyst","floor":15,"key":"SMITH"},{"floor":23,"key":"REST"}],"circlet_count":0,"master_deck":["Strike_G","Strike_G","Strike_G","Strike_G","Defend_G","Defend_G","Defend_G","Defend_G","Defend_G","Survivor","Neutralize","Predator+1","PiercingWail","Dagger Throw","Madness","Burst+1","Poisoned Stab","Poisoned Stab","Catalyst","Calculated Gamble","Catalyst+1","Well Laid Plans","Deadly Poison","Adrenaline","Riddle With Holes","Outmaneuver+1","PiercingWail","Underhanded Strike+1","Bane","Bane+1","Terror"],"relics":["Philosopher\u0027s Stone","Oddly Smooth Stone","Shuriken","Eternal Feather","Blood Vial","Matryoshka","HoveringKite","Tough Bandages","Bag of Marbles","Pantograph","Lantern"],"acts_visited":["Exordium","TheCity"],"potions_floor_usage":[16,16,24,31],"damage_taken":[{"damage":3,"enemies":"Jaw Worm","floor":1,"turns":5},{"damage":0,"enemies":"Cultist","floor":3,"turns":3},{"damage":15,"enemies":"3 Sentries","floor":6,"turns":8},{"damage":7,"enemies":"Lagavulin","floor":8,"turns":7},{"damage":0,"enemies":"Small Slimes","floor":11,"turns":3},{"damage":0,"enemies":"Red Slaver","floor":12,"turns":3},{"damage":5,"enemies":"Looter","floor":13,"turns":2},{"damage":22,"enemies":"Gremlin Nob","floor":14,"turns":4},{"damage":11,"enemies":"Hexaghost","floor":16,"turns":9},{"damage":8,"enemies":"Shell Parasite","floor":18,"turns":7},{"damage":22,"enemies":"2 Thieves","floor":20,"turns":5},{"damage":7,"enemies":"Snecko","floor":22,"turns":4},{"damage":4,"enemies":"Chosen and Byrds","floor":24,"turns":4},{"damage":31,"enemies":"Book of Stabbing","floor":25,"turns":3},{"damage":28,"enemies":"Snake Plant","floor":27,"turns":5},{"damage":5,"enemies":"Centurion and Healer","floor":30,"turns":7},{"damage":13,"enemies":"3 Cultists","floor":31,"turns":4}],"seed_played":"-1324468320109714626","potions_obtained":[{"floor":1,"key":"Strength Potion"},{"floor":3,"key":"Strength Potion"},{"floor":12,"key":"GhostInAJar"},{"floor":14,"key":"CunningPotion"},{"floor":16,"key":"SkillPotion"},{"floor":18,"key":"PowerPotion"},{"floor":20,"key":"PowerPotion"},{"floor":24,"key":"Fruit Juice"}],"is_trial":false,"path_per_floor":["M","?","M","?","$","E","R","E","T","R","M","M","M","E","R","B",null,"M","?","M","?","M","R","M","E","T","M","$","?","M","M"],"character_chosen":"THE_SILENT","items_purchased":["BlessingOfTheForge","Dagger Throw","Madness","Ancient Potion","Lantern","Bane","Terror"],"campfire_rested":1,"item_purchase_floors":[5,5,5,28,28,28,28],"current_hp_per_floor":[67,67,67,67,67,52,52,45,45,54,56,58,55,35,47,38,70,62,49,29,29,24,61,64,35,35,9,9,9,6,0,0],"gold":35,"neow_bonus":"BOSS_RELIC","is_daily":false,"chose_seed":false,"campfire_upgraded":3,"win_rate":0.0,"timestamp":1612091643,"path_taken":["M","?","M","?","$","E","R","E","T","R","M","M","?","E","R","BOSS","M","?","M","?","M","R","?","E","T","M","$","?","M","M"],"items_purchased_type":["Potion","Card","Card","Potion","Relic","Card","Card"],"build_version":"2020-12-22","purchased_purges":2,"victory":false,"max_hp_per_floor":[70,70,70,70,70,70,70,70,70,70,70,70,70,70,70,70,70,70,75,75,75,75,75,80,80,80,80,80,80,80,80,80],"card_choices":[{"not_picked":["Dash","Slice"],"picked":"Predator","floor":1},{"not_picked":["Blade Dance","Slice"],"picked":"PiercingWail","floor":3},{"not_picked":["Dagger Spray","Blur"],"picked":"Burst","floor":6},{"not_picked":["PiercingWail","Flying Knee"],"picked":"Poisoned Stab","floor":8},{"not_picked":["Leg Sweep","Dagger Spray"],"picked":"Poisoned Stab","floor":11},{"not_picked":["Predator","Deflect"],"picked":"Catalyst","floor":12},{"not_picked":["Dagger Throw","Escape Plan"],"picked":"Calculated Gamble","floor":13},{"not_picked":["Outmaneuver","Expertise"],"picked":"Catalyst","floor":14},{"not_picked":["Infinite Blades+1","Slice+1"],"picked":"Well Laid Plans","floor":18},{"not_picked":["Dagger Spray+1","Dash"],"picked":"Deadly Poison","floor":20},{"not_picked":["Blade Dance","Dagger Spray+1"],"picked":"Outmaneuver+1","floor":22},{"not_picked":["Sucker Punch","Bullet Time"],"picked":"PiercingWail","floor":24},{"not_picked":["Endless Agony","Flying Knee"],"picked":"Underhanded Strike+1","floor":25},{"not_picked":["Underhanded Strike","Wraith Form v2"],"picked":"Bane","floor":27},{"not_picked":["Finisher","Underhanded Strike","Choke"],"picked":"SKIP","floor":30}],"player_experience":10166,"relics_obtained":[{"floor":6,"key":"Shuriken"},{"floor":8,"key":"Eternal Feather"},{"floor":9,"key":"Blood Vial"},{"floor":14,"key":"Matryoshka"},{"floor":25,"key":"Tough Bandages"},{"floor":26,"key":"Bag of Marbles"},{"floor":26,"key":"Pantograph"}],"event_choices":[{"damage_healed":0,"gold_gain":175,"player_choice":"AGREE","damage_taken":0,"max_hp_gain":0,"max_hp_loss":0,"event_name":"Liars Game","floor":2,"gold_loss":0,"cards_obtained":["Doubt"]},{"damage_healed":0,"gold_gain":0,"player_choice":"Gave Potion","damage_taken":0,"relics_obtained":["Oddly Smooth Stone"],"max_hp_gain":0,"max_hp_loss":0,"event_name":"WeMeetAgain","floor":4,"gold_loss":0},{"damage_healed":0,"gold_gain":0,"player_choice":"Shed Blood","damage_taken":18,"max_hp_gain":5,"max_hp_loss":0,"event_name":"Forgotten Altar","floor":19,"gold_loss":0},{"damage_healed":0,"gold_gain":0,"player_choice":"2 cards matched","damage_taken":0,"max_hp_gain":0,"max_hp_loss":0,"event_name":"Match and Keep!","floor":21,"gold_loss":0,"cards_obtained":["Adrenaline","Riddle With Holes"]},{"damage_healed":0,"gold_gain":0,"player_choice":"Forge","damage_taken":0,"max_hp_gain":0,"max_hp_loss":0,"event_name":"Accursed Blacksmith","floor":29,"gold_loss":0,"cards_upgraded":["Bane"]}],"is_beta":false,"boss_relics":[{"not_picked":["Busted Crown","Astrolabe"],"picked":"HoveringKite"}],"items_purged_floors":[5,28],"is_endless":false,"potions_floor_spawned":[1,3,12,13,14,16,18,20,24],"killed_by":"3 Cultists","ascension_level":0}}