{"host":"pyelotildgrd5mks","time":1612108088,"event":{"mods":["BaseMod","Downfall","Minty Spire (QoL Compilation)","Quick Restart","StSLib"],"gold_per_floor":[99,99,99,99,99,117,186,186,186,220,234,254,54,39,50,155,155,155,174,187,203,223,223,223,223,236,146,146,146,146,160,179,275,275,275,287,304,324,351,368,368,380,380,406,306,191,191,217,232,232,232,263,116,116,116,116],"floor_reached":57,"language":"ZHS","playtime":3506,"items_purged":["bronze:BugBarrage","bronze:CleanCode"],"score":1239,"play_id":"2b51c550-b1cf-4371-b647-f17183746609","local_time":"20210131234808","is_ascension_mode":false,"campfire_choices":[{"data":"bronze:Goto","floor":1.0,"key":"SMITH"},{"floor":9.0,"key":"RECALL"},{"data":"bronze:FineTuning","floor":13.0,"key":"SMITH"},{"data":"bronze:FollowUp","floor":18.0,"key":"SMITH"},{"data":"bronze:Optimize","floor":25.0,"key":"SMITH"},{"data":"bronze:HardenedForm","floor":28.0,"key":"SMITH"},{"data":"bronze:CloningBeam","floor":30.0,"key":"SMITH"},{"data":"bronze:Boost","floor":35.0,"key":"SMITH"},{"data":"bronze:Replicate","floor":45.0,"key":"SMITH"},{"data":"bronze:ChosenStrike","floor":47.0,"key":"SMITH"},{"floor":54,"key":"REST"}],"circlet_count":0,"master_deck":["bronze:Replicate+1","bronze:Goto+1","bronze:FineTuning+1","bronze:Boost+1","bronze:Refactor+1","bronze:ChosenStrike+1","bronze:Constructor+1","bronze:Repair+1","bronze:Format+1","bronze:FollowUp+1","bronze:CloningBeam+1","bronze:Turbo+1","bronze:Deprecate+1","bronze:Optimize+1","bronze:HardenedForm+1","bronze:Iterate+1","bronze:Repulsor+1","bronze:FineTuning+1","bronze:FineTuning+1","bronze:Return+1","bronze:Boost+1","bronze:FindAndReplace+1","bronze:Shell+1","bronze:SpaghettiCode+1","bronze:Iterate+1"],"relics":["bronze:BronzeCore","downfall:HeartsMalice","Toxic Egg 2","downfall:HeartBlessingRed","downfall:HeartBlessingGreen","Matryoshka","Nloth\u0027s Gift","SlaversCollar","Toy Ornithopter","Orichalcum","Pear","Slimebound:StickyStick","downfall:HeartBlessingBlue","Pantograph","bronze:CableSpool","Lantern"],"acts_visited":["Exordium","TheCity","TheBeyond","TheEnding"],"potions_floor_usage":[50,56,56,56,56],"damage_taken":[{"damage":0.0,"enemies":"Small Slimes","floor":2.0,"turns":1.0},{"damage":0.0,"enemies":"Jaw Worm","floor":4.0,"turns":1.0},{"damage":0.0,"enemies":"Cultist","floor":5.0,"turns":1.0},{"damage":13.0,"enemies":"Lots of Slimes","floor":6.0,"turns":6.0},{"damage":20.0,"enemies":"3 Sentries","floor":10.0,"turns":8.0},{"damage":4.0,"enemies":"Large Slime","floor":11.0,"turns":6.0},{"damage":5.0,"enemies":"Gremlin Gang","floor":12.0,"turns":5.0},{"damage":0.0,"enemies":"downfall:FleeingMerchant","floor":14.0,"turns":4.0},{"damage":0.0,"enemies":"Exordium Thugs","floor":15.0,"turns":5.0},{"damage":24.0,"enemies":"WA_ARCHETYPE_RETAIN","floor":16.0,"turns":13.0},{"damage":1.0,"enemies":"Spheric Guardian","floor":19.0,"turns":3.0},{"damage":0.0,"enemies":"Chosen","floor":20.0,"turns":4.0},{"damage":16.0,"enemies":"Centurion and Healer","floor":21.0,"turns":6.0},{"damage":0.0,"enemies":"Shelled Parasite and Fungi","floor":22.0,"turns":4.0},{"damage":14.0,"enemies":"Chosen and Byrds","floor":26.0,"turns":5.0},{"damage":0.0,"enemies":"downfall:FleeingMerchant","floor":27.0,"turns":4.0},{"damage":24.0,"enemies":"Snake Plant","floor":31.0,"turns":4.0},{"damage":0.0,"enemies":"Cultist and Chosen","floor":32.0,"turns":6.0},{"damage":4.0,"enemies":"SI_MIRROR_ARCHETYPE","floor":33.0,"turns":9.0},{"damage":11.0,"enemies":"Orb Walker","floor":36.0,"turns":5.0},{"damage":0.0,"enemies":"3 Shapes","floor":37.0,"turns":4.0},{"damage":31.0,"enemies":"Writhing Mass","floor":38.0,"turns":7.0},{"damage":8.0,"enemies":"Transient","floor":40.0,"turns":5.0},{"damage":11.0,"enemies":"Jaw Worm Horde","floor":42.0,"turns":4.0},{"damage":0.0,"enemies":"Giant Head","floor":44.0,"turns":8.0},{"damage":0.0,"enemies":"downfall:FleeingMerchant","floor":46.0,"turns":4.0},{"damage":3.0,"enemies":"Nemesis","floor":48.0,"turns":3.0},{"damage":12,"enemies":"4 Shapes","floor":49,"turns":5},{"damage":40,"enemies":"DF_ARCHETYPE_ORBS","floor":50,"turns":6},{"damage":5,"enemies":"downfall:CharBossMerchant","floor":52,"turns":6},{"damage":7,"enemies":"downfall:NeowBoss","floor":55,"turns":10},{"damage":27,"enemies":"downfall:NeowBossFinal","floor":56,"turns":6}],"seed_played":"4063261881582719662","potions_obtained":[{"floor":8.0,"key":"Regen Potion"},{"floor":8.0,"key":"AttackPotion"},{"floor":8.0,"key":"champ:CounterPotion"},{"floor":12.0,"key":"FearPotion"},{"floor":15.0,"key":"Fire Potion"},{"floor":33.0,"key":"DuplicationPotion"},{"floor":42.0,"key":"Explosive Potion"},{"floor":52,"key":"EntropicBrew"}],"is_trial":false,"path_per_floor":["R","M","?","M","M","M","T","?","R","E","M","M","R","$","M","B",null,"R","M","M","M","M","?","T","R","M","$","R","?","R","M","M","B",null,"R","M","M","M","T","M","T","M","?","E","R","$","R","E","M","B",null,"E","$","R","B","B",null],"character_chosen":"THE_AUTOMATON","items_purchased":["Lantern"],"campfire_rested":1,"item_purchase_floors":[53],"current_hp_per_floor":[70,70,70,70,70,57,57,57,57,37,33,28,28,28,28,14,70,70,70,70,64,70,70,70,70,56,66,66,66,66,52,64,70,70,70,59,69,48,48,51,61,77,90,90,100,100,100,100,99,70,100,100,100,100,100,100],"gold":116,"neow_bonus":"THREE_ENEMY_KILL","is_daily":false,"chose_seed":false,"campfire_upgraded":9,"win_rate":0.0,"timestamp":1612108088,"path_taken":["R","M","?","M","M","M","T","?","R","E","M","?","R","?","M","BOSS","R","M","M","M","M","?","T","R","M","$","R","?","R","M","M","BOSS","R","M","?","?","?","M","T","M","?","E","R","$","R","E","M","BOSS","E","$","R","BOSS","BOSS"],"items_purchased_type":["Relic"],"build_version":"2020-12-22","purchased_purges":2,"victory":true,"max_hp_per_floor":[70,70,70,70,70,70,70,70,70,70,70,70,70,70,70,70,70,70,70,70,70,70,70,70,70,70,70,70,70,70,70,70,70,70,70,70,70,70,70,70,80,80,90,90,100,100,100,100,100,100,100,100,100,100,100,100],"card_choices":[{"not_picked":["bronze:ForceShield","bronze:Deprecate"],"picked":"bronze:FineTuning","floor":2.0},{"not_picked":["bronze:Overheat","bronze:DelayedGuard"],"picked":"bronze:Boost","floor":4.0},{"not_picked":["bronze:Philosophize","bronze:WhirlingStrike","bronze:DelayedSlice"],"picked":"SKIP","floor":5.0},{"not_picked":["bronze:BitShift","bronze:DelayedSlice","bronze:Overheat"],"picked":"SKIP","floor":6.0},{"not_picked":["bronze:MaxOutput","bronze:BurnOut"],"picked":"bronze:Refactor+1","floor":10.0},{"not_picked":["bronze:Turbo+1","bronze:Separator"],"picked":"bronze:ChosenStrike","floor":11.0},{"not_picked":["bronze:Deprecate+1","bronze:BuggyMess+1"],"picked":"bronze:Constructor+1","floor":12.0},{"not_picked":["bronze:Return+1","bronze:ChildClass+1"],"picked":"bronze:AlphaBuild","floor":14.0},{"not_picked":["bronze:BitShift+1","bronze:ChildClass+1"],"picked":"bronze:Repair+1","floor":15.0},{"not_picked":["bronze:CleanCode","bronze:HyperBeam"],"picked":"bronze:Format+1","floor":16.0},{"not_picked":["bronze:ItsAFeature","bronze:CutThrough","bronze:Overheat"],"picked":"SKIP","floor":19.0},{"not_picked":["bronze:Overheat+1","bronze:WildBeam"],"picked":"bronze:Iterate+1","floor":20.0},{"not_picked":["bronze:Invalidate+1","bronze:BugBarrage","bronze:Optimize"],"picked":"SKIP","floor":21.0},{"not_picked":["bronze:ClassDefault","bronze:DarkDash"],"picked":"bronze:Repulsor+1","floor":22.0},{"not_picked":["bronze:Terminator+1","bronze:RecursiveStrike"],"picked":"bronze:FineTuning+1","floor":26.0},{"not_picked":["bronze:Shield+1","bronze:DigitalCarnage"],"picked":"bronze:Return+1","floor":27.0},{"not_picked":["bronze:Refactor+1","bronze:Frontload+1"],"picked":"bronze:Boost+1","floor":31.0},{"not_picked":["bronze:BugBarrage+1","bronze:Iterate","bronze:Invalidate+1"],"picked":"SKIP","floor":32.0},{"not_picked":["bronze:ShipIt","bronze:SpaghettiCode+1"],"picked":"bronze:FindAndReplace+1","floor":33.0},{"not_picked":["bronze:Iterate","bronze:ChildClass+1"],"picked":"bronze:Shell+1","floor":36.0},{"not_picked":["bronze:Overheat","bronze:ForceShield+1","bronze:Constructor+1"],"picked":"SKIP","floor":37.0},{"not_picked":["bronze:Optimize","bronze:Frontload+1"],"picked":"bronze:SpaghettiCode+1","floor":38.0},{"not_picked":["bronze:BugBarrage","bronze:Deprecate+1","bronze:Refactor+1"],"picked":"SKIP","floor":40.0},{"not_picked":["bronze:DelayedGuard+1","bronze:BitShift+1","bronze:DelayedSlice"],"picked":"SKIP","floor":42.0},{"not_picked":["bronze:Overheat","bronze:SpaghettiCode+1"],"picked":"bronze:Iterate+1","floor":44.0},{"not_picked":["bronze:InfiniteBeams","bronze:DigitalCarnage+1","bronze:OilSpill"],"picked":"SKIP","floor":46.0},{"not_picked":["bronze:CutThrough","bronze:Separator+1","bronze:ThunderWave"],"picked":"SKIP","floor":48.0},{"not_picked":["bronze:Separator","bronze:CutThrough+1","bronze:GetLatest+1"],"picked":"SKIP","floor":49},{"not_picked":["bronze:BugBarrage+1","bronze:OilSpill","bronze:DelayedGuard+1"],"picked":"SKIP","floor":52}],"player_experience":678030,"relics_obtained":[{"floor":7.0,"key":"Blue Candle"},{"floor":10.0,"key":"Toxic Egg 2"},{"floor":24.0,"key":"Matryoshka"},{"floor":39.0,"key":"Toy Ornithopter"},{"floor":41.0,"key":"Orichalcum"},{"floor":41.0,"key":"Pear"},{"floor":44.0,"key":"Slimebound:StickyStick"},{"floor":48.0,"key":"Pantograph"},{"floor":52,"key":"bronze:CableSpool"}],"event_choices":[{"damage_healed":0.0,"max_hp_gain":0.0,"max_hp_loss":0.0,"gold_gain":0.0,"event_name":"The Library","player_choice":"Read","floor":23.0,"gold_loss":0.0,"damage_taken":0.0,"cards_obtained":["bronze:FineTuning"]},{"cards_removed":["bronze:AlphaBuild"],"damage_healed":3.0,"max_hp_gain":10.0,"max_hp_loss":0.0,"gold_gain":0.0,"event_name":"Bonfire Elementals","player_choice":"Offered Rare","floor":43.0,"gold_loss":0.0,"damage_taken":0.0}],"is_beta":false,"boss_relics":[{"not_picked":["bronze:ElectromagneticCoil","Tiny House"],"picked":"Pandora\u0027s Box"},{"not_picked":["Empty Cage","bronze:PlatinumCore"],"picked":"SlaversCollar"}],"items_purged_floors":[27,46],"is_endless":false,"potions_floor_spawned":[10,12,15,16,19,31,33,37,38,40,42,52],"ascension_level":0}}