{"host":"6rz02yiipefhcw4r","time":1612131088,"event":{"mods":["2.2 Compatiblity","Arknights","BaseMod","Better Match","Better Third Choice","Better Vampires","BetterRewards","Block Reminder","Colored Map","Curses Come First","DeckTracker","Googly Eyes","Hubris","Minty Spire (QoL Compilation)","Quick Restart","Rare Cards Sparkle","Reliquary","Replay The Spire","Shade Mod","Spicy Shops","StSLib","The Bladedancer","The Cursed","The Marked","The Necromancer","The Runesmith"],"gold_per_floor":[114,114,124,142,160,190,190,215,215,215,245,245,245,259,259,331,331,350,400,412,429,441,441,366,400,474,494,494,494],"floor_reached":28,"language":"ENG","playtime":1161,"items_purged":[],"score":570,"play_id":"169b6392-7b53-4b97-9595-da33dfa74778","local_time":"20210131201128","is_ascension_mode":true,"campfire_choices":[{"data":"Carnage","floor":7.0,"key":"SMITH"},{"data":"Flame Barrier","floor":12.0,"key":"SMITH"},{"data":"Disarm","floor":15.0,"key":"SMITH"},{"data":"Demon Form","floor":23,"key":"SMITH"}],"circlet_count":0,"master_deck":["AscendersBane","Strike_R","Strike_R","Strike_R","Strike_R","Defend_R+1","Defend_R","Defend_R","Defend_R","Bash","Thunderclap","Carnage+1","Inflame","Rampage","Ghostly Armor","Headbutt","Flame Barrier+1","Disarm+1","Demon Form+1","Heavy Blade","Sword Boomerang","Shrug It Off","Inflame","True Grit+1"],"relics":["Burning Blood","NeowsBlessing","reliquary:MedicineBall","Snack Pack","Orichalcum","Sozu","Ice Cream","Toy Ornithopter","Iron Hammer"],"acts_visited":["Exordium","TheCity"],"potions_floor_usage":[27,27],"damage_taken":[{"damage":0.0,"enemies":"Small Slimes","floor":1.0,"turns":1.0},{"damage":0.0,"enemies":"Jaw Worm","floor":3.0,"turns":1.0},{"damage":0.0,"enemies":"2 Louse","floor":4.0,"turns":1.0},{"damage":10.0,"enemies":"Lots of Slimes","floor":5.0,"turns":4.0},{"damage":15.0,"enemies":"3 Sentries","floor":6.0,"turns":3.0},{"damage":10.0,"enemies":"Gremlin Nob","floor":8.0,"turns":3.0},{"damage":25.0,"enemies":"Lagavulin","floor":11.0,"turns":6.0},{"damage":11.0,"enemies":"Large Slime","floor":14.0,"turns":10.0},{"damage":1,"enemies":"The Guardian","floor":16,"turns":14},{"damage":17,"enemies":"Spheric Guardian","floor":18,"turns":4},{"damage":15,"enemies":"2 Thieves","floor":20,"turns":5},{"damage":6,"enemies":"Centurion and Healer","floor":21,"turns":10},{"damage":9,"enemies":"3 Cultists","floor":22,"turns":4},{"damage":11,"enemies":"Gremlin Leader","floor":25,"turns":6},{"damage":40,"enemies":"Chosen and Byrds","floor":27,"turns":6},{"damage":30,"enemies":"Slavers","floor":28,"turns":2}],"seed_played":"-5845767002500130387","potions_obtained":[{"floor":1.0,"key":"Fire Potion"},{"floor":4.0,"key":"AttackPotion"},{"floor":5.0,"key":"ColorlessPotion"},{"floor":8.0,"key":"Elixir"},{"floor":14.0,"key":"Languid Potion"}],"is_trial":false,"path_per_floor":["M","?","M","M","M","E","R","E","T","?","E","R","?","M","R","B",null,"M","?","M","M","M","R","?","E","T","M","E"],"character_chosen":"IRONCLAD","items_purchased":[],"campfire_rested":0,"item_purchase_floors":[],"current_hp_per_floor":[74,74,75,75,71,62,62,58,58,58,41,41,41,36,36,45,68,59,59,52,52,51,51,51,50,50,28,0,0],"gold":494,"neow_bonus":"THREE_ENEMY_KILL","is_daily":false,"chose_seed":false,"campfire_upgraded":4,"win_rate":0.0,"timestamp":1612131088,"path_taken":["M","?","M","M","M","E","R","E","T","?","E","R","?","?","R","BOSS","M","?","M","M","?","R","?","E","T","M","E"],"items_purchased_type":[],"build_version":"2020-12-22","purchased_purges":0,"victory":false,"max_hp_per_floor":[75,75,75,75,75,75,75,75,75,75,75,75,75,75,75,75,75,75,75,75,75,75,75,75,75,75,75,75,75],"card_choices":[{"not_picked":["Second Wind","Headbutt"],"picked":"Thunderclap","floor":1.0},{"not_picked":["Havoc","Intimidate"],"picked":"Carnage","floor":3.0},{"not_picked":["Whirlwind","Havoc"],"picked":"Inflame","floor":4.0},{"not_picked":["Headbutt","Double Tap"],"picked":"Rampage","floor":5.0},{"not_picked":["Warcry","Thunderclap"],"picked":"Ghostly Armor","floor":6.0},{"not_picked":["Combust","Whirlwind"],"picked":"Headbutt","floor":8.0},{"not_picked":["Thunderclap","Perfected Strike"],"picked":"Flame Barrier","floor":11.0},{"not_picked":["Combust","Armaments"],"picked":"Disarm","floor":14.0},{"not_picked":["Corruption","Berserk"],"picked":"Demon Form","floor":16},{"not_picked":["Thunderclap","Replay:Undeath\u0027s Touch"],"picked":"Heavy Blade","floor":18},{"not_picked":["Warcry","Disarm"],"picked":"Sword Boomerang","floor":20},{"not_picked":["Entrench","Cleave"],"picked":"Shrug It Off","floor":21},{"not_picked":["Body Slam","hubris:ReadiedAction"],"picked":"Inflame","floor":22},{"not_picked":["Pommel Strike","Feed"],"picked":"True Grit+1","floor":25},{"not_picked":["Wild Strike","Flex","Fire Breathing"],"picked":"SKIP","floor":27}],"player_experience":782181,"relics_obtained":[{"floor":6.0,"key":"reliquary:MedicineBall"},{"floor":8.0,"key":"Snack Pack"},{"floor":9.0,"key":"reliquary:FerryPass"},{"floor":11.0,"key":"Orichalcum"},{"floor":21,"key":"Ice Cream"},{"floor":25,"key":"Toy Ornithopter"},{"floor":26,"key":"Iron Hammer"}],"event_choices":[{"damage_healed":0.0,"max_hp_gain":0.0,"max_hp_loss":0.0,"gold_gain":0.0,"event_name":"betterThird:BetterSerpent","player_choice":"Ignored","floor":2.0,"gold_loss":0.0,"damage_taken":114.0},{"damage_healed":0,"gold_gain":50,"player_choice":"Pray","damage_taken":0,"max_hp_gain":0,"max_hp_loss":0,"event_name":"Golden Shrine","floor":19,"gold_loss":0},{"cards_removed":["Strike_R"],"damage_healed":0,"gold_gain":0,"player_choice":"Gave Gold","damage_taken":0,"max_hp_gain":0,"max_hp_loss":0,"event_name":"Beggar","floor":24,"gold_loss":75}],"is_beta":false,"boss_relics":[{"not_picked":["hubris:ScarierMask","Empty Cage"],"picked":"Sozu"}],"items_purged_floors":[],"is_endless":false,"potions_floor_spawned":[1,4,5,8,14,18,20,22],"killed_by":"Slavers","ascension_level":20}}