{"host":"hr6qo4jjm4ge1z5l","time":1612124815,"event":{"mods":["BaseMod","Highlight Path","Minty Spire (QoL Compilation)","Relic Stats","ojb\u0027s Info Mod"],"gold_per_floor":[117,13,25,36,55,55,86,86,86,86,86,114,125,41,41,118,118,129,142,142,142],"floor_reached":20,"language":"ENG","playtime":1654,"items_purged":[],"score":356,"play_id":"411a7547-fd28-430f-8f96-23065e3140b4","local_time":"20210131212655","is_ascension_mode":true,"campfire_choices":[{"data":"Sunder","floor":6,"key":"SMITH"},{"data":"Defragment","floor":8,"key":"SMITH"},{"data":"Hologram","floor":10,"key":"SMITH"},{"data":"Defragment","floor":15,"key":"SMITH"}],"circlet_count":0,"master_deck":["AscendersBane","Strike_B","Strike_B","Strike_B","Defend_B","Defend_B","Zap","Dualcast","Genetic Algorithm","Hologram+1","Self Repair","Rebound","Leap","Sunder+1","Defragment+1","Echo Form","Defragment","Defragment+1","Seek","Defragment+1","Rebound+1","Go for the Eyes+1","Cold Snap","Leap"],"relics":["Coffee Dripper","MealTicket","Sundial","StrikeDummy","Astrolabe"],"acts_visited":["Exordium","TheCity"],"potions_floor_usage":[5,19],"damage_taken":[{"damage":0,"enemies":"Cultist","floor":1,"turns":3},{"damage":2,"enemies":"Jaw Worm","floor":3,"turns":5},{"damage":8,"enemies":"Small Slimes","floor":4,"turns":4},{"damage":29,"enemies":"Exordium Thugs","floor":5,"turns":7},{"damage":9,"enemies":"3 Sentries","floor":7,"turns":6},{"damage":31,"enemies":"Gremlin Nob","floor":12,"turns":4},{"damage":1,"enemies":"3 Louse","floor":13,"turns":4},{"damage":22,"enemies":"The Guardian","floor":16,"turns":10},{"damage":12,"enemies":"Chosen","floor":18,"turns":7},{"damage":18,"enemies":"Spheric Guardian","floor":19,"turns":4},{"damage":49,"enemies":"Snake Plant","floor":20,"turns":4}],"seed_played":"-7700444195581629733","potions_obtained":[{"floor":1,"key":"EssenceOfSteel"},{"floor":4,"key":"SmokeBomb"},{"floor":13,"key":"SteroidPotion"},{"floor":18,"key":"Energy Potion"},{"floor":19,"key":"Dexterity Potion"}],"is_trial":false,"path_per_floor":["M","$","M","M","M","R","E","R","T","R","T","E","M","$","R","B",null,"M","M","M"],"character_chosen":"DEFECT","items_purchased":["Hologram","Self Repair","Defragment"],"campfire_rested":0,"item_purchase_floors":[2,2,14],"current_hp_per_floor":[64,64,69,68,46,46,44,44,44,44,44,20,26,41,41,26,60,48,44,0,0],"gold":142,"neow_bonus":"BOSS_RELIC","is_daily":false,"chose_seed":false,"campfire_upgraded":4,"win_rate":0.0,"timestamp":1612124815,"path_taken":["M","$","M","M","M","R","E","R","T","R","?","E","M","$","R","BOSS","M","M","M"],"items_purchased_type":["Card","Card","Card"],"build_version":"2020-12-22","purchased_purges":0,"victory":false,"max_hp_per_floor":[71,71,71,71,71,71,71,71,71,71,71,71,71,71,71,71,71,71,71,71,71],"relic_stats":{"counters":[11,58],"Sundial":[2],"Astrolabe":["Defragment","Rebound","Go for the Eyes"],"MealTicket":15,"obtain_stats":[{"Sundial":9,"Astrolabe":17,"MealTicket":7,"Coffee Dripper":0,"Cracked Core":0,"StrikeDummy":12},{"Sundial":5,"Astrolabe":8,"MealTicket":5,"Coffee Dripper":0,"Cracked Core":0,"StrikeDummy":6},{"Sundial":25,"Astrolabe":43,"MealTicket":25,"Coffee Dripper":0,"Cracked Core":0,"StrikeDummy":29}]},"card_choices":[{"not_picked":["Turbo","Leap"],"picked":"Genetic Algorithm","floor":1},{"not_picked":["Gash","Conserve Battery"],"picked":"Rebound","floor":3},{"not_picked":["Barrage","Rebound"],"picked":"Leap","floor":4},{"not_picked":["Turbo","Compile Driver"],"picked":"Sunder","floor":5},{"not_picked":["Cold Snap","Beam Cell"],"picked":"Defragment","floor":7},{"not_picked":["Reprogram","Ball Lightning"],"picked":"Echo Form","floor":12},{"not_picked":["Lockon","Conserve Battery"],"picked":"Defragment","floor":13},{"not_picked":["Thunder Strike","Amplify"],"picked":"Seek","floor":16},{"not_picked":["Barrage+1","Sweeping Beam"],"picked":"Cold Snap","floor":18},{"not_picked":["Barrage","Sunder"],"picked":"Leap","floor":19}],"player_experience":526891,"relics_obtained":[{"floor":7,"key":"MealTicket"},{"floor":9,"key":"Sundial"},{"floor":12,"key":"StrikeDummy"}],"event_choices":[],"is_beta":false,"boss_relics":[{"not_picked":["Pandora\u0027s Box","Philosopher\u0027s Stone"],"picked":"Astrolabe"}],"items_purged_floors":[],"is_endless":false,"potions_floor_spawned":[1,4,13,18,19],"killed_by":"Snake Plant","ascension_level":16}}