{"host":"5h6e4l6hpn0p5lap","time":1612113889,"event":{"mods":["AchievementEnabler","BaseMod","Better Altar","Better Match","Better Sensory Stone","Better Skull","Better Third Choice","Filter the Spire","Highlight Path","Minty Spire (QoL Compilation)","StSLib"],"gold_per_floor":[110,122,122,137,137,137,149,149,176,205,205,33,47,64,64,169,169,169,169],"floor_reached":18,"language":"ENG","playtime":664,"items_purged":[],"score":219,"play_id":"5c6b1249-d491-4095-ad12-804bbad01fe1","local_time":"20210131122449","is_ascension_mode":true,"campfire_choices":[{"data":"Zap","floor":6,"key":"SMITH"},{"data":"Streamline","floor":8,"key":"SMITH"},{"data":"Beam Cell","floor":11,"key":"SMITH"},{"floor":15,"key":"REST"}],"circlet_count":0,"master_deck":["Strike_B","Strike_B","Strike_B","Strike_B","Defend_B","Defend_B","Defend_B","Defend_B","Zap+1","Dualcast","Streamline+1","Redo","Beam Cell+1","Ball Lightning","Defragment","Coolheaded","Reinforced Body","Coolheaded","Glacier","Fission"],"relics":["Inserter","Centennial Puzzle","Ancient Tea Set","Strawberry"],"acts_visited":["Exordium","TheCity"],"potions_floor_usage":[2,10,14,14,16],"damage_taken":[{"damage":8,"enemies":"2 Louse","floor":1,"turns":4},{"damage":5,"enemies":"Small Slimes","floor":2,"turns":3},{"damage":9,"enemies":"Cultist","floor":4,"turns":5},{"damage":2,"enemies":"2 Fungi Beasts","floor":7,"turns":3},{"damage":16,"enemies":"Gremlin Nob","floor":10,"turns":3},{"damage":7,"enemies":"Large Slime","floor":13,"turns":5},{"damage":14,"enemies":"Exordium Thugs","floor":14,"turns":4},{"damage":7,"enemies":"Slime Boss","floor":16,"turns":11},{"damage":7,"enemies":"Shell Parasite","floor":18,"turns":2}],"seed_played":"4550882196037994668","potions_obtained":[{"floor":1,"key":"Regen Potion"},{"floor":4,"key":"Fire Potion"},{"floor":14,"key":"EntropicBrew"},{"floor":16,"key":"Fire Potion"}],"is_trial":false,"path_per_floor":["M","M","?","M","?","R","M","R","T","E","R","$","M","M","R","B",null,"M"],"character_chosen":"DEFECT","items_purchased":["Defragment","Coolheaded","Reinforced Body"],"campfire_rested":1,"item_purchase_floors":[12,12,12],"current_hp_per_floor":[60,64,64,55,55,55,53,53,53,44,44,44,37,28,54,62,81,74,74],"gold":169,"neow_bonus":"BOSS_RELIC","is_daily":false,"chose_seed":false,"campfire_upgraded":3,"win_rate":0.0,"timestamp":1612113889,"path_taken":["M","M","?","M","?","R","M","R","T","E","R","$","M","M","R","BOSS","M"],"items_purchased_type":["Card","Card","Card"],"build_version":"2020-12-22","purchased_purges":0,"victory":false,"max_hp_per_floor":[75,75,75,75,75,75,75,75,75,82,82,82,82,87,87,87,87,87,87],"card_choices":[{"not_picked":["Fusion","Go for the Eyes"],"picked":"Streamline","floor":1},{"not_picked":["Streamline","Tempest"],"picked":"White Noise","floor":2},{"not_picked":["Streamline","Barrage"],"picked":"Redo","floor":4},{"not_picked":["Hologram","Blizzard"],"picked":"Beam Cell","floor":7},{"not_picked":["Hello World","Reboot"],"picked":"Ball Lightning","floor":10},{"not_picked":["Force Field","Reinforced Body"],"picked":"Coolheaded","floor":13},{"not_picked":["Defragment","Coolheaded"],"picked":"Glacier","floor":14},{"not_picked":["Seek","Amplify"],"picked":"Fission","floor":16}],"player_experience":1031611,"relics_obtained":[{"floor":9,"key":"Ancient Tea Set"},{"floor":10,"key":"Strawberry"}],"event_choices":[{"damage_healed":0,"gold_gain":0,"player_choice":"Ignored","damage_taken":122,"max_hp_gain":0,"max_hp_loss":0,"event_name":"betterThird:BetterSerpent","floor":3,"gold_loss":0},{"cards_removed":["White Noise"],"damage_healed":0,"gold_gain":0,"player_choice":"Gave Card","damage_taken":0,"relics_obtained":["Centennial Puzzle"],"max_hp_gain":0,"max_hp_loss":0,"event_name":"WeMeetAgain","floor":5,"gold_loss":0}],"is_beta":false,"boss_relics":[{"not_picked":["Snecko Eye","Coffee Dripper","Philosopher\u0027s Stone"]}],"items_purged_floors":[],"is_endless":false,"potions_floor_spawned":[1,4,14,16],"killed_by":"Shell Parasite","ascension_level":7}}