{"host":"f0gpob8hq9vgebej","time":1612077017,"event":{"mods":["AchievementEnabler","BaseMod","Minty Spire (QoL Compilation)","Quick Restart","SuperFastMode"],"gold_per_floor":[116,130,140,155,174,174,199,214,240,240,250,250,250,250,250,250,250],"floor_reached":16,"language":"KOR","playtime":439,"items_purged":[],"score":170,"play_id":"4c7c11c2-443f-4d86-9a09-6da20d7875b2","local_time":"20210131161017","is_ascension_mode":true,"campfire_choices":[{"data":"Eruption","floor":6.0,"key":"SMITH"},{"floor":10,"key":"REST"},{"data":"Meditate","floor":13,"key":"SMITH"},{"floor":15,"key":"REST"}],"circlet_count":0,"master_deck":["Strike_P","Strike_P","Strike_P","Strike_P","Defend_P","Defend_P","Defend_P","Eruption+1","Vigilance","Secret Technique","Perseverance","Vengeance","Meditate+1"],"relics":["PureWater","Smiling Mask","Art of War"],"acts_visited":["Exordium"],"potions_floor_usage":[7,8,14],"damage_taken":[{"damage":2.0,"enemies":"Jaw Worm","floor":1.0,"turns":6.0},{"damage":0.0,"enemies":"Cultist","floor":2.0,"turns":3.0},{"damage":2.0,"enemies":"2 Louse","floor":3.0,"turns":5.0},{"damage":1.0,"enemies":"Looter","floor":4.0,"turns":3.0},{"damage":15.0,"enemies":"3 Louse","floor":5.0,"turns":5.0},{"damage":0,"enemies":"Gremlin Nob","floor":7,"turns":2},{"damage":25,"enemies":"Gremlin Gang","floor":8,"turns":5},{"damage":0,"enemies":"Large Slime","floor":11,"turns":4},{"damage":0,"enemies":"Exordium Wildlife","floor":14,"turns":1},{"damage":48,"enemies":"Hexaghost","floor":16,"turns":9}],"seed_played":"4684779174247084600","potions_obtained":[{"floor":1.0,"key":"BottledMiracle"},{"floor":2.0,"key":"FearPotion"},{"floor":3.0,"key":"SkillPotion"},{"floor":11,"key":"SmokeBomb"}],"is_trial":false,"path_per_floor":["M","M","M","M","M","R","E","M","T","R","M","?","R","M","R","B"],"character_chosen":"WATCHER","items_purchased":[],"campfire_rested":2,"item_purchase_floors":[],"current_hp_per_floor":[45,45,43,42,27,27,27,2,2,23,23,23,23,23,44,0,0],"gold":250,"neow_bonus":"RANDOM_COLORLESS_2","is_daily":false,"chose_seed":false,"campfire_upgraded":2,"win_rate":0.0,"timestamp":1612077017,"path_taken":["M","M","M","M","M","R","E","M","T","R","M","?","R","M","R","BOSS"],"items_purchased_type":[],"build_version":"2020-12-22","purchased_purges":0,"victory":false,"max_hp_per_floor":[72,72,72,72,72,72,72,72,72,72,72,72,72,72,72,72,72],"card_choices":[{"not_picked":["Magnetism","Transmutation"],"picked":"Secret Technique","floor":0.0},{"not_picked":["WreathOfFlame","Protect"],"picked":"Perseverance","floor":1.0},{"not_picked":["Protect","EmptyFist","ThirdEye"],"picked":"SKIP","floor":2.0},{"not_picked":["Swivel","Conclude"],"picked":"Vengeance","floor":3.0},{"not_picked":["Sanctity","Halt","Nirvana"],"picked":"SKIP","floor":4.0},{"not_picked":["Wallop","Worship","ThirdEye"],"picked":"SKIP","floor":5.0},{"not_picked":["ClearTheMind","FollowUp"],"picked":"Meditate","floor":7},{"not_picked":["Crescendo","Protect","PathToVictory"],"picked":"SKIP","floor":8},{"not_picked":["Halt","FollowUp","InnerPeace"],"picked":"SKIP","floor":11}],"player_experience":306439,"relics_obtained":[{"floor":7,"key":"Smiling Mask"},{"floor":9,"key":"Art of War"}],"event_choices":[{"cards_removed":["Defend_P"],"damage_healed":0,"gold_gain":0,"player_choice":"Purged","damage_taken":0,"max_hp_gain":0,"max_hp_loss":0,"event_name":"Purifier","floor":12,"gold_loss":0}],"is_beta":false,"boss_relics":[],"items_purged_floors":[],"is_endless":false,"potions_floor_spawned":[1,2,3,11,14],"killed_by":"Hexaghost","ascension_level":6}}