{"host":"6xsbn6ynqlzwllfm","time":1612081185,"event":{"mods":["2.2 Compatiblity","BaseMod","Bestiary","Colored Map","Colored Powertips","Curses Come First","Highlight Path","Keyboard Shortcuts","Minty Spire (QoL Compilation)","Relic Stats","Slay the Relics Exporter","StSLib","SuperFastMode"],"gold_per_floor":[114,114,134,23,37,37,66,85,85,85,85],"floor_reached":10,"language":"ENG","playtime":252,"items_purged":[],"score":136,"play_id":"efbce40e-5a45-4f0a-9803-9d5a5197e8f6","local_time":"20210131031945","is_ascension_mode":true,"campfire_choices":[{"data":"WaveOfTheHand","floor":6,"key":"SMITH"}],"circlet_count":0,"master_deck":["AscendersBane","Strike_P","Strike_P","Strike_P","Strike_P","Defend_P","Defend_P","Defend_P","Eruption","Vigilance","MentalFortress","Protect","WaveOfTheHand+1","Consecrate"],"relics":["PureWater","Art of War","Bottled Lightning","Tiny Chest"],"acts_visited":["Exordium"],"potions_floor_usage":[7,8],"damage_taken":[{"damage":0,"enemies":"Cultist","floor":1,"turns":3},{"damage":7,"enemies":"2 Louse","floor":3,"turns":2},{"damage":4,"enemies":"Small Slimes","floor":5,"turns":5},{"damage":54,"enemies":"Lagavulin","floor":7,"turns":11},{"damage":0,"enemies":"Red Slaver","floor":8,"turns":7},{"damage":50,"enemies":"Gremlin Nob","floor":10,"turns":3}],"seed_played":"503170065355919243","potions_obtained":[{"floor":5,"key":"Swift Potion"},{"floor":7,"key":"DistilledChaos"}],"is_trial":false,"path_per_floor":["M","?","M","?","M","R","E","M","T","E"],"character_chosen":"WATCHER","items_purchased":[],"campfire_rested":0,"item_purchase_floors":[],"current_hp_per_floor":[67,67,60,60,56,56,2,2,2,0,0],"gold":85,"neow_bonus":"TEN_PERCENT_HP_BONUS","is_daily":false,"chose_seed":false,"campfire_upgraded":1,"win_rate":0.0,"timestamp":1612081185,"path_taken":["M","?","?","?","?","R","E","M","T","E"],"items_purchased_type":[],"build_version":"2020-12-22","purchased_purges":0,"victory":false,"max_hp_per_floor":[74,74,74,74,74,74,74,74,74,74,74],"relic_stats":{"counters":[6,31],"Tiny Chest":0,"Art of War":[6],"obtain_stats":[{"Tiny Chest":9,"Art of War":4,"Bottled Lightning":7,"PureWater":0},{"Tiny Chest":5,"Art of War":2,"Bottled Lightning":4,"PureWater":0},{"Tiny Chest":28,"Art of War":5,"Bottled Lightning":21,"PureWater":0}]},"card_choices":[{"not_picked":["ClearTheMind","EmptyBody"],"picked":"MentalFortress","floor":1},{"not_picked":["Meditate","EmptyBody"],"picked":"Protect","floor":3},{"not_picked":["PathToVictory","Fasting2"],"picked":"WaveOfTheHand","floor":5},{"not_picked":["ForeignInfluence","CutThroughFate"],"picked":"Consecrate","floor":7}],"player_experience":1333331,"relics_obtained":[{"floor":7,"key":"Bottled Lightning"},{"floor":9,"key":"Tiny Chest"}],"event_choices":[{"cards_removed":["Defend_P"],"damage_healed":0,"gold_gain":0,"player_choice":"Offered Basic","damage_taken":0,"max_hp_gain":0,"max_hp_loss":0,"event_name":"Bonfire Elementals","floor":2,"gold_loss":0},{"damage_healed":0,"gold_gain":0,"player_choice":"Paid Gold","damage_taken":0,"relics_obtained":["Art of War"],"max_hp_gain":0,"max_hp_loss":0,"event_name":"WeMeetAgain","floor":4,"gold_loss":111}],"is_beta":false,"boss_relics":[],"items_purged_floors":[],"is_endless":false,"potions_floor_spawned":[5,7],"killed_by":"Gremlin Nob","ascension_level":20}}