{"host":"815dqs41i1y8uxms","time":1612086449,"event":{"mods":["A Penny For Your Troubles","Act Like it!","BaseMod","Dark Map","Elementarium","Fox Events","Minty Spire (QoL Compilation)","Rare Cards Sparkle","Shop Mod","Spire Arcade","StSLib","The Marked"],"gold_per_floor":[20,31,31,46,62,91,91,91,91],"floor_reached":8,"language":"ENG","playtime":454,"items_purged":[],"score":83,"play_id":"306708ab-fde0-476e-bb81-d589dc4b04f3","local_time":"20210131104729","is_ascension_mode":false,"campfire_choices":[{"floor":7,"key":"REST"}],"circlet_count":0,"master_deck":["theMarked:Strike","theMarked:Strike+1","theMarked:Strike","theMarked:Strike","theMarked:Strike","theMarked:Defend","theMarked:Defend","theMarked:Defend","theMarked:Defend","theMarked:SoldierOfQuellstein","theMarked:Convert+1","theMarked:ResourceFulStrike","theMarked:Friction","theMarked:Maelstrom","theMarked:ElectricStrings"],"relics":["theMarked:ArtifactOfAir","Mango"],"acts_visited":["Exordium"],"potions_floor_usage":[],"damage_taken":[{"damage":1,"enemies":"Jaw Worm","floor":1,"turns":3},{"damage":0,"enemies":"2 Louse","floor":2,"turns":2},{"damage":0,"enemies":"Small Slimes","floor":4,"turns":3},{"damage":6,"enemies":"Exordium Wildlife","floor":5,"turns":3},{"damage":20,"enemies":"3 Sentries","floor":6,"turns":8},{"damage":84,"enemies":"Gremlin Nob","floor":8,"turns":5}],"seed_played":"-7673993550989203888","potions_obtained":[{"floor":1,"key":"Dexterity Potion"}],"is_trial":false,"path_per_floor":["M","M","?","M","M","E","R","E"],"character_chosen":"THE_DEFAULT","items_purchased":[],"campfire_rested":1,"item_purchase_floors":[],"current_hp_per_floor":[83,83,66,66,60,54,83,0,0],"gold":91,"neow_bonus":"TWENTY_PERCENT_HP_BONUS","is_daily":false,"chose_seed":false,"campfire_upgraded":0,"win_rate":0.0,"timestamp":1612086449,"path_taken":["M","M","?","M","M","E","R","E"],"items_purchased_type":[],"build_version":"2020-12-22","purchased_purges":0,"victory":false,"max_hp_per_floor":[84,84,84,84,84,98,98,98,98],"card_choices":[{"not_picked":["theMarked:ShockingTouch","theMarked:Memento"],"picked":"theMarked:Convert","floor":1},{"not_picked":["theMarked:EnhanceMovement","theMarked:WardOff"],"picked":"theMarked:ResourceFulStrike","floor":2},{"not_picked":["theMarked:Parry","theMarked:ParalyzingBlade"],"picked":"theMarked:Friction","floor":4},{"not_picked":["theMarked:HeightenedSenses","theMarked:ResourceFulStrike"],"picked":"theMarked:Maelstrom","floor":5},{"not_picked":["theMarked:Frustration","theMarked:Opportunist"],"picked":"theMarked:ElectricStrings","floor":6}],"player_experience":3715614,"relics_obtained":[{"floor":6,"key":"Mango"}],"event_choices":[{"damage_healed":0,"gold_gain":0,"player_choice":"Entered Light","damage_taken":17,"max_hp_gain":0,"max_hp_loss":0,"event_name":"Shining Light","floor":3,"gold_loss":0,"cards_upgraded":["theMarked:Strike","theMarked:Convert"]}],"is_beta":false,"boss_relics":[],"items_purged_floors":[],"is_endless":false,"potions_floor_spawned":[1],"killed_by":"Gremlin Nob","ascension_level":0}}