{"host":"9eh033lgxm3bmtbn","time":1612070549,"event":{"mods":["100% Spire Juice","AchievementEnabler","BaseMod","Colored Map","Downfall","Highlight Path","Marisa????????","Minty Spire (QoL Compilation)","READ ME - Snecko Mod","Shop Mod","Spicy Shops","StSLib","The Animator","The Bug Knight","The Cursed","The Disciple","The Servant 0.9.4"],"gold_per_floor":[109,284,297,37,37,64,64,93,93,111,141,141,156,46,46,151,151,161,161,174,174,185,185,185],"floor_reached":23,"language":"ENG","playtime":1048,"items_purged":["Doubt"],"score":358,"play_id":"23e56346-5bf2-43f0-a73d-2e3d0ca673a3","local_time":"20210131082229","is_ascension_mode":true,"campfire_choices":[{"floor":7.0,"key":"RECALL"},{"data":"Body Slam","floor":15.0,"key":"SMITH"}],"circlet_count":0,"master_deck":["AscendersBane","Strike_R","Strike_R","Strike_R","Defend_R","Defend_R","Defend_R","Defend_R","Bash","Headbutt","Bloodletting","Shrug It Off","Headbutt","Body Slam+1","Heavy Blade","Body Slam","Iron Wave","Inflame","Fiend Fire","Body Slam+1","Pommel Strike","Feel No Pain","True Grit","Bludgeon","Pommel Strike","downfall:Bewildered","Flex+1"],"relics":["Burning Blood","NeowsBlessing","Art of War","Paper Frog","Ancient Tea Set","Red Skull","Prayer Wheel","bronze:MakeshiftBattery","sneckomod:BabySnecko"],"acts_visited":["Exordium","TheCity"],"potions_floor_usage":[23,23],"damage_taken":[{"damage":0.0,"enemies":"Cultist","floor":1.0,"turns":1.0},{"damage":0.0,"enemies":"Jaw Worm","floor":3.0,"turns":1.0},{"damage":0.0,"enemies":"HollowMod:MossKnight","floor":6.0,"turns":1.0},{"damage":27.0,"enemies":"Gremlin Nob","floor":8.0,"turns":4.0},{"damage":3.0,"enemies":"2 Louse","floor":10.0,"turns":3.0},{"damage":3.0,"enemies":"Large Slime","floor":13.0,"turns":5.0},{"damage":42.0,"enemies":"The Guardian","floor":16.0,"turns":7.0},{"damage":14.0,"enemies":"Chosen","floor":18.0,"turns":4.0},{"damage":25.0,"enemies":"Shell Parasite","floor":20.0,"turns":5.0},{"damage":11.0,"enemies":"Centurion and Healer","floor":22.0,"turns":4.0},{"damage":35,"enemies":"Slavers","floor":23,"turns":2}],"seed_played":"-8935865618896594273","potions_obtained":[{"floor":1.0,"key":"SpeedPotion"},{"floor":6.0,"key":"EssenceOfSteel"},{"floor":16.0,"key":"Swift Potion"}],"is_trial":false,"path_per_floor":["M","?","M","$","?","E","R","E","T","M","?","?","M","$","R","B",null,"M","?","M","?","M","E"],"character_chosen":"IRONCLAD","items_purchased":["Shrug It Off","Art of War","Inflame"],"campfire_rested":0,"item_purchase_floors":[4,4,14],"current_hp_per_floor":[78,78,80,80,80,80,80,59,59,62,62,50,53,53,53,17,64,56,56,37,37,32,0,0],"gold":185,"neow_bonus":"THREE_ENEMY_KILL","is_daily":false,"chose_seed":false,"campfire_upgraded":1,"win_rate":0.0,"timestamp":1612070549,"path_taken":["M","?","M","$","?","E","R","E","T","M","?","?","M","?","R","BOSS","M","?","M","?","M","E"],"items_purchased_type":["Card","Relic","Card"],"build_version":"2020-12-22","purchased_purges":1,"victory":false,"max_hp_per_floor":[80,80,80,80,80,80,80,80,80,80,80,80,80,80,80,80,80,80,80,80,80,80,80,80],"card_choices":[{"not_picked":["Bloodletting","Pommel Strike"],"picked":"Headbutt","floor":1.0},{"not_picked":["Armaments","Seeing Red"],"picked":"Bloodletting","floor":3.0},{"not_picked":["Heavy Blade","Havoc"],"picked":"Headbutt","floor":6.0},{"not_picked":["Iron Wave","Fire Breathing"],"picked":"Body Slam","floor":8.0},{"not_picked":["Clash","Dark Embrace"],"picked":"Heavy Blade","floor":10.0},{"not_picked":["Reckless Charge","Pommel Strike"],"picked":"Body Slam","floor":13.0},{"not_picked":["Clothesline","True Grit"],"picked":"Iron Wave","floor":13.0},{"not_picked":["Bludgeon","Reaper"],"picked":"Fiend Fire","floor":16.0},{"not_picked":["Iron Wave","Combust"],"picked":"Body Slam+1","floor":18.0},{"not_picked":["Hemokinesis","Body Slam"],"picked":"Pommel Strike","floor":18.0},{"not_picked":["Heavy Blade","Reckless Charge"],"picked":"Bludgeon","floor":20.0},{"not_picked":["True Grit","Headbutt"],"picked":"Pommel Strike","floor":20.0},{"not_picked":["Sword Boomerang","True Grit"],"picked":"Flex+1","floor":22.0},{"not_picked":["Clash","Clothesline","Body Slam"],"picked":"SKIP","floor":22.0}],"player_experience":356138,"relics_obtained":[{"floor":6.0,"key":"Paper Frog"},{"floor":8.0,"key":"Ancient Tea Set"}],"event_choices":[{"damage_healed":0.0,"max_hp_gain":0.0,"max_hp_loss":0.0,"gold_gain":175.0,"event_name":"Liars Game","player_choice":"AGREE","floor":2.0,"gold_loss":0.0,"damage_taken":0.0,"cards_obtained":["Doubt"]},{"damage_healed":0.0,"max_hp_gain":0.0,"max_hp_loss":0.0,"gold_gain":0.0,"event_name":"The Cleric","player_choice":"Leave","floor":5.0,"gold_loss":0.0,"damage_taken":0.0},{"damage_healed":0.0,"max_hp_gain":0.0,"max_hp_loss":0.0,"gold_gain":30.0,"event_name":"Dead Adventurer","player_choice":"Searched \u00273\u0027 times","floor":11.0,"gold_loss":0.0,"damage_taken":0.0,"relics_obtained":["Red Skull"]},{"damage_healed":0.0,"max_hp_gain":0.0,"max_hp_loss":0.0,"gold_gain":0.0,"event_name":"Scrap Ooze","player_choice":"Success","floor":12.0,"gold_loss":0.0,"damage_taken":12.0,"relics_obtained":["Prayer Wheel"]},{"damage_healed":0.0,"max_hp_gain":0.0,"max_hp_loss":0.0,"gold_gain":0.0,"cards_transformed":["Strike_R","Strike_R"],"event_name":"Drug Dealer","player_choice":"Became Test Subject","floor":19.0,"gold_loss":0.0,"damage_taken":0.0,"cards_obtained":["Feel No Pain","True Grit"]}],"is_beta":false,"boss_relics":[{"not_picked":["Snecko Eye","Runic Cube"],"picked":"bronze:MakeshiftBattery"}],"items_purged_floors":[14],"is_endless":false,"potions_floor_spawned":[1,6,16],"killed_by":"Slavers","ascension_level":12}}