{"host":"6affnl2vk6en9o4b","time":1612089221,"event":{"mods":["AchievementEnabler","Aspiration","BaseMod","BetterRewards","Colored Powertips","Conspire","Downfall","Friendly Minions","Googly Eyes","Highlight Path","Hubris","Minty Spire (QoL Compilation)","Replay The Spire","StSLib","Trackpad","Unceasing Turn Reminder"],"gold_per_floor":[99,99,137,137,154,164,164,184,215,226,226,239,39,66,82,82,82,82],"floor_reached":16,"language":"ENG","playtime":702,"items_purged":[],"score":112,"play_id":"8cae1a16-eeaa-4bff-a574-7b617c39bedb","local_time":"20210131103341","is_ascension_mode":false,"campfire_choices":[{"floor":1.0,"key":"RECALL"},{"data":"hexamod:Rewind","floor":13,"key":"SMITH"}],"circlet_count":0,"master_deck":["hexamod:Strike","hexamod:Strike","hexamod:Strike","hexamod:Strike","hexamod:Defend","hexamod:Defend","hexamod:Defend","hexamod:Defend+1","hexamod:Sear","hexamod:Float","hexamod:FourthSeal","hexamod:Rewind+1","hexamod:FlamesFromBeyond","hexamod:FlamesFromBeyond","hexamod:FifthSeal","hexamod:SixthSeal","hexamod:BurningTouch","hexamod:SpectersWail","hexamod:SecondSeal","hexamod:SearingWound","hexamod:ThirdSeal","hexamod:Firestarter"],"relics":["hexamod:SpiritBrand","aspiration:BabyByrd","The Courier","trackpad:RapidFire","Simple Rune","MealTicket","downfall:HeartBlessingRed","downfall:HeartBlessingGreen","Garlic"],"acts_visited":["Exordium"],"potions_floor_usage":[10,12,14,14,15,15,16],"damage_taken":[{"damage":11.0,"enemies":"conspire:MimicChest","floor":3.0,"turns":6.0},{"damage":0.0,"enemies":"conspire:RoseBush","floor":5.0,"turns":3.0},{"damage":2.0,"enemies":"Small Slimes","floor":6.0,"turns":4.0},{"damage":0.0,"enemies":"Cultist","floor":8.0,"turns":3.0},{"damage":11.0,"enemies":"Gremlin Nob","floor":9.0,"turns":3.0},{"damage":7,"enemies":"Gremlin Gang","floor":10,"turns":4},{"damage":8,"enemies":"Exordium Wildlife","floor":12,"turns":5},{"damage":7,"enemies":"Replay:BlueRogue","floor":14,"turns":3},{"damage":0,"enemies":"Large Slime","floor":15,"turns":3},{"damage":52,"enemies":"IC_STATUS_ARCHETYPE","floor":16,"turns":8}],"seed_played":"-7633551307388413361","potions_obtained":[{"floor":3.0,"key":"BlessingOfTheForge"},{"floor":5.0,"key":"FearPotion"},{"floor":6.0,"key":"champ:CounterPotion"},{"floor":8.0,"key":"SneckoOil"},{"floor":9.0,"key":"bronze:BurnAndBuffPotion"},{"floor":10,"key":"hexamod:SoulburnPotion"},{"floor":12,"key":"Slimebound:ThreeZeroPotion"},{"floor":14,"key":"Swift Potion"},{"floor":15,"key":"Fruit Juice"},{"floor":15,"key":"sneckomod:MuddlingPotion"}],"is_trial":false,"path_per_floor":["R","?","?","?","M","M","T","M","E","M","T","M","R","E","M","B"],"character_chosen":"THE_SPIRIT","items_purchased":[],"campfire_rested":0,"item_purchase_floors":[],"current_hp_per_floor":[70,70,59,70,70,68,68,68,57,50,50,42,42,35,40,0,0,0],"gold":82,"neow_bonus":"THREE_CARDS","is_daily":false,"chose_seed":false,"campfire_upgraded":1,"win_rate":0.0,"timestamp":1612089221,"path_taken":["R","?","?","?","M","?","T","M","E","?","?","M","R","E","M","BOSS"],"items_purchased_type":[],"build_version":"2020-12-22","purchased_purges":0,"victory":false,"max_hp_per_floor":[70,70,70,70,70,70,70,70,70,70,70,70,70,70,75,75,75,75],"card_choices":[{"not_picked":["hexamod:GhostLash","hexamod:SpectersWail"],"picked":"hexamod:DynamicBlow","floor":0.0},{"not_picked":["hexamod:BacktrackSmack","hexamod:ShieldOfDarkness"],"picked":"hexamod:FourthSeal","floor":3.0},{"not_picked":["hexamod:SpectersWail","hexamod:SwordOfDarkness"],"picked":"hexamod:Rewind","floor":5.0},{"not_picked":["hexamod:EtherealExpedition","hexamod:SpectralAdrenaline"],"picked":"hexamod:FlamesFromBeyond","floor":6.0},{"not_picked":["hexamod:NecessarySacrifice","hexamod:ChargedBarrage"],"picked":"hexamod:FlamesFromBeyond","floor":8.0},{"not_picked":["hexamod:Hexaguard","hexamod:BacktrackSmack"],"picked":"hexamod:FifthSeal","floor":9.0},{"not_picked":["hexamod:FirstSeal","hexamod:SecondSeal"],"picked":"hexamod:SixthSeal","floor":10},{"not_picked":["hexamod:NightmareStrike","hexamod:ChargedBarrage"],"picked":"hexamod:BurningTouch","floor":10},{"not_picked":["hexamod:BacktrackSmack","hexamod:ThermalTransfer"],"picked":"hexamod:SpectersWail","floor":12},{"not_picked":["hexamod:FourthSeal","hexamod:SixthSeal"],"picked":"hexamod:SecondSeal","floor":14},{"not_picked":["hexamod:SoulSteal","hexamod:FlamesFromBeyond"],"picked":"hexamod:SearingWound","floor":14},{"not_picked":["hexamod:SecondSeal","hexamod:SixthSeal"],"picked":"hexamod:ThirdSeal","floor":15},{"not_picked":["hexamod:ShieldOfDarkness","hexamod:NightmareStrike"],"picked":"hexamod:Firestarter","floor":15}],"player_experience":221257,"relics_obtained":[{"floor":3.0,"key":"The Courier"},{"floor":7.0,"key":"trackpad:RapidFire"},{"floor":9.0,"key":"Simple Rune"},{"floor":11,"key":"MealTicket"},{"floor":14,"key":"Garlic"}],"event_choices":[{"cards_removed":["hexamod:DynamicBlow"],"damage_healed":11.0,"max_hp_gain":0.0,"max_hp_loss":0.0,"gold_gain":0.0,"event_name":"Bonfire Elementals","player_choice":"Offered Uncommon","floor":4.0,"gold_loss":0.0,"damage_taken":0.0}],"is_beta":false,"boss_relics":[],"items_purged_floors":[],"is_endless":false,"potions_floor_spawned":[3,9,14,15],"killed_by":"IC_STATUS_ARCHETYPE","ascension_level":0}}