{"host":"7iv10lxbxedtd0qh","time":1612114794,"event":{"mods":["BaseMod","Colored Map","Colored Powertips","Downfall","Minty Spire (QoL Compilation)","StSLib"],"gold_per_floor":[99,110,20,170,170,170,197,197,197,197,214,214,114,140,152,249,249,249,259,274,52,65,65,113,140,40,32,32,132,132,157,168,273,273,273,294,313,313,115,155,155,155,196,96,111,154,204,281,291,291,291,291,291,291],"floor_reached":52,"language":"ENG","playtime":3418,"items_purged":["hexamod:Defend","hexamod:Strike"],"score":789,"play_id":"d41f2c86-39f3-4aec-9c44-8a5c40a93055","local_time":"20210131183954","is_ascension_mode":true,"campfire_choices":[{"data":"hexamod:Sear","floor":1.0,"key":"SMITH"},{"data":"hexamod:EmpoweredFlame","floor":6.0,"key":"SMITH"},{"floor":8.0,"key":"RECALL"},{"data":"hexamod:Float","floor":13.0,"key":"SMITH"},{"data":"hexamod:HexaLevel","floor":18.0,"key":"SMITH"},{"data":"hexamod:SuperheatedStrike","floor":23.0,"key":"SMITH"},{"data":"hexamod:InspiringFlames","floor":26.0,"key":"SMITH"},{"data":"hexamod:Firestarter","floor":30.0,"key":"SMITH"},{"data":"hexamod:GiftsFromTheDead","floor":35.0,"key":"SMITH"},{"data":"hexamod:FlamesFromBeyond","floor":44.0,"key":"SMITH"}],"circlet_count":0,"master_deck":["hexamod:Strike","hexamod:Strike","hexamod:Strike","hexamod:Defend","hexamod:Defend","hexamod:Defend","hexamod:Sear+1","hexamod:Float+1","hexamod:EmpoweredFlame+1","hexamod:Hexaguard","hexamod:AdvancingGuard+1","hexamod:AdvancingGuard","hexamod:TimeOfNeed+1","hexamod:SuperheatedStrike+1","hexamod:HexaLevel+1","hexamod:Firestarter+1","hexamod:Hexaguard","hexamod:InspiringFlames+1","hexamod:FirstSeal","hexamod:SecondSeal","hexamod:FourthSeal","hexamod:RetreatToShadows+1","hexamod:GiftsFromTheDead+1","hexamod:FlamesFromBeyond+1","hexamod:FlamesFromBeyond+1","expansioncontent:QuickStudy","expansioncontent:AwakenDeath+1","hexamod:UnlimitedPower","hexamod:SuperheatedStrike+1"],"relics":["hexamod:SpiritBrand","Blood Vial","Juzu Bracelet","downfall:HeartBlessingRed","bronze:BronzeIdol","Busted Crown","War Paint","Potion Belt","downfall:HeartBlessingGreen","Runic Pyramid","Frozen Egg 2","Bronze Scales","downfall:HeartBlessingBlue","Gremlin Horn","hexamod:InflammatoryLetter"],"acts_visited":["Exordium","TheCity","TheBeyond","TheEnding"],"potions_floor_usage":[50,50,50,50,52],"damage_taken":[{"damage":0.0,"enemies":"Small Slimes","floor":2.0,"turns":3.0},{"damage":0.0,"enemies":"downfall:FleeingMerchant","floor":3.0,"turns":4.0},{"damage":2.0,"enemies":"2 Louse","floor":11.0,"turns":3.0},{"damage":0.0,"enemies":"Cultist","floor":12.0,"turns":1.0},{"damage":9.0,"enemies":"Gremlin Nob","floor":14.0,"turns":4.0},{"damage":4.0,"enemies":"Blue Slaver","floor":15.0,"turns":4.0},{"damage":44.0,"enemies":"DF_ARCHETYPE_STREAMLINE","floor":16.0,"turns":11.0},{"damage":5.0,"enemies":"Chosen","floor":19.0,"turns":4.0},{"damage":5.0,"enemies":"Cultist and Chosen","floor":20.0,"turns":6.0},{"damage":5.0,"enemies":"downfall:FleeingMerchant","floor":21.0,"turns":4.0},{"damage":11.0,"enemies":"Snake Plant","floor":22.0,"turns":4.0},{"damage":10.0,"enemies":"Book of Stabbing","floor":25.0,"turns":5.0},{"damage":14.0,"enemies":"Centurion and Healer","floor":31.0,"turns":6.0},{"damage":14.0,"enemies":"Cultist and Chosen","floor":32.0,"turns":6.0},{"damage":14.0,"enemies":"WA_ARCHETYPE_CALM","floor":33.0,"turns":9.0},{"damage":4.0,"enemies":"Orb Walker","floor":36.0,"turns":5.0},{"damage":11.0,"enemies":"3 Shapes","floor":37.0,"turns":3.0},{"damage":0.0,"enemies":"downfall:FleeingMerchant","floor":39.0,"turns":4.0},{"damage":57.0,"enemies":"Giant Head","floor":40.0,"turns":8.0},{"damage":46.0,"enemies":"Reptomancer","floor":43.0,"turns":6.0},{"damage":9.0,"enemies":"Transient","floor":45.0,"turns":5.0},{"damage":20.0,"enemies":"Nemesis","floor":46.0,"turns":7.0},{"damage":4.0,"enemies":"Nemesis","floor":47.0,"turns":6.0},{"damage":3.0,"enemies":"4 Shapes","floor":49.0,"turns":4.0},{"damage":58,"enemies":"IC_BLOCK_ARCHETYPE","floor":50,"turns":9},{"damage":124,"enemies":"downfall:CharBossMerchant","floor":52,"turns":8}],"seed_played":"-135843231116879462","potions_obtained":[{"floor":2.0,"key":"Weak Potion"},{"floor":14.0,"key":"bronze:BurnAndBuffPotion"},{"floor":16.0,"key":"Fire Potion"},{"floor":19.0,"key":"SneckoOil"},{"floor":25.0,"key":"ColorlessPotion"},{"floor":31.0,"key":"Swift Potion"},{"floor":32.0,"key":"Ancient Potion"},{"floor":32.0,"key":"sneckomod:MuddlingPotion"},{"floor":33.0,"key":"hexamod:InfernoChargePotion"},{"floor":33.0,"key":"hexamod:SoulburnPotion"},{"floor":36.0,"key":"Energy Potion"},{"floor":36.0,"key":"Energy Potion"},{"floor":39.0,"key":"Ancient Potion"},{"floor":40.0,"key":"Explosive Potion"},{"floor":43.0,"key":"Regen Potion"},{"floor":43.0,"key":"SteroidPotion"},{"floor":45.0,"key":"LiquidMemories"},{"floor":46.0,"key":"Block Potion"},{"floor":46.0,"key":"Block Potion"},{"floor":47.0,"key":"CultistPotion"}],"is_trial":false,"path_per_floor":["R","M","$","?","?","R","T","R","?","?","M","M","R","E","M","B",null,"R","M","M","$","M","R","T","E","R","?","?","?","R","M","M","B",null,"R","M","M","?","$","E","T","?","E","R","M","E","?","T","M","B",null,"E"],"character_chosen":"THE_SPIRIT","items_purchased":["hexamod:Firestarter","hexamod:Hexaguard","expansioncontent:QuickStudy"],"campfire_rested":0,"item_purchase_floors":[21,21,39],"current_hp_per_floor":[63,63,63,63,63,63,63,63,63,63,63,65,65,58,56,14,84,84,79,76,73,64,64,64,56,56,49,49,49,49,44,32,27,84,84,84,73,73,82,34,34,34,37,47,62,51,49,49,55,30,94,0,0,0],"gold":291,"neow_bonus":"TWENTY_PERCENT_HP_BONUS","is_daily":false,"chose_seed":false,"campfire_upgraded":9,"win_rate":0.0,"timestamp":1612114794,"path_taken":["R","M","$","?","?","R","T","R","?","?","M","M","R","E","M","BOSS","R","M","M","$","M","R","T","E","R","?","?","?","R","M","M","BOSS","R","M","M","?","$","E","T","?","E","R","M","E","?","?","M","BOSS","E"],"items_purchased_type":["Card","Card","Card"],"build_version":"2020-12-22","purchased_purges":2,"victory":false,"max_hp_per_floor":[84,84,84,84,84,84,84,84,84,84,84,84,84,84,84,84,84,84,84,84,84,84,84,84,84,84,84,84,84,84,84,84,84,84,84,84,84,84,84,84,84,84,84,94,94,94,94,94,94,94,94,94,94,94],"card_choices":[{"not_picked":["hexamod:SkipABeat","hexamod:ShieldOfDarkness"],"picked":"hexamod:EmpoweredFlame","floor":2.0},{"not_picked":["hexamod:GhostLash","hexamod:NecessarySacrifice"],"picked":"hexamod:Hexaguard","floor":3.0},{"not_picked":["hexamod:NightmareGuise","hexamod:GhostLash"],"picked":"hexamod:AdvancingGuard","floor":11.0},{"not_picked":["hexamod:GhostShield","hexamod:SpectralSpark"],"picked":"hexamod:AdvancingGuard","floor":12.0},{"not_picked":["hexamod:AdvancingGuard","hexamod:BurningTouch"],"picked":"hexamod:TimeOfNeed","floor":14.0},{"not_picked":["hexamod:AdvancingGuard","hexamod:GhostOfSpirePast"],"picked":"hexamod:SuperheatedStrike","floor":15.0},{"not_picked":["hexamod:WildfireWeapon","hexamod:ApocalypticArmor"],"picked":"hexamod:HexaLevel","floor":16.0},{"not_picked":["hexamod:HauntingEcho"],"picked":"SKIP","floor":19.0},{"not_picked":["hexamod:ChargedBarrage"],"picked":"SKIP","floor":20.0},{"not_picked":["hexamod:FastForward+1"],"picked":"SKIP","floor":21.0},{"not_picked":[],"picked":"hexamod:InspiringFlames","floor":22.0},{"not_picked":["hexamod:BacktrackSmack"],"picked":"SKIP","floor":25.0},{"not_picked":["hexamod:HeatMetal"],"picked":"SKIP","floor":31.0},{"not_picked":[],"picked":"hexamod:RetreatToShadows+1","floor":32.0},{"not_picked":[],"picked":"hexamod:GiftsFromTheDead","floor":33.0},{"not_picked":[],"picked":"hexamod:FlamesFromBeyond","floor":36.0},{"not_picked":[],"picked":"hexamod:FlamesFromBeyond+1","floor":37.0},{"not_picked":["hexamod:NightmareStrike+1"],"picked":"SKIP","floor":39.0},{"not_picked":["hexamod:BacktrackSmack"],"picked":"SKIP","floor":40.0},{"not_picked":["expansioncontent:GuardianWhirl","expansioncontent:PolyBeam"],"picked":"expansioncontent:AwakenDeath","floor":42.0},{"not_picked":[],"picked":"hexamod:UnlimitedPower","floor":43.0},{"not_picked":["hexamod:GhostShield"],"picked":"SKIP","floor":45.0},{"not_picked":["hexamod:FourthSeal"],"picked":"SKIP","floor":46.0},{"not_picked":[],"picked":"hexamod:SuperheatedStrike+1","floor":49.0}],"player_experience":764935,"relics_obtained":[{"floor":7.0,"key":"Blood Vial"},{"floor":14.0,"key":"bronze:BronzeIdol"},{"floor":24.0,"key":"War Paint"},{"floor":25.0,"key":"Potion Belt"},{"floor":40.0,"key":"Frozen Egg 2"},{"floor":43.0,"key":"Bronze Scales"},{"floor":46.0,"key":"Gremlin Horn"},{"floor":48.0,"key":"hexamod:InflammatoryLetter"}],"event_choices":[{"cards_removed":["downfall:Icky"],"damage_healed":0.0,"max_hp_gain":0.0,"max_hp_loss":0.0,"gold_gain":0.0,"event_name":"The Cleric","player_choice":"Card Removal","floor":10.0,"gold_loss":0.0,"damage_taken":0.0},{"damage_healed":0.0,"max_hp_gain":0.0,"max_hp_loss":0.0,"gold_gain":0.0,"event_name":"Vampires","player_choice":"Ignored","floor":28.0,"gold_loss":0.0,"damage_taken":0.0}],"is_beta":false,"boss_relics":[{"not_picked":["Cursed Key","Snecko Eye"],"picked":"Busted Crown"},{"not_picked":["SlaversCollar","Calling Bell"],"picked":"Runic Pyramid"}],"items_purged_floors":[3,21],"is_endless":false,"potions_floor_spawned":[2,14,16,19,25,32,33,36,43,45,46],"killed_by":"downfall:CharBossMerchant","ascension_level":1}}