{"host":"xj2wyr3bqqv4irjd","time":1612096260,"event":{"mods":["Act Like it!","Aspiration","BaseMod","Koishi","Lobotomy","LobotomyExtend","Marisa£®ÏF”Í°°ƒß¿Ì…≥£©","Minty Spire (QoL Compilation)","Quick Restart","Rare Cards Sparkle","Reimu£®≤©¿ˆ¡È√Œ£©","Remilia£®¿Ÿ√◊¿Ú—«£©","Replay The Spire","SIMod","StSLib","The Alterego","Waifu the Spire","WarShipGirlsR/’ΩΩ¢…Ÿ≈ÆR mod","Yakumo Yukari mod","Youmu£®ªÍ∆«—˝√Œ£©"],"gold_per_floor":[131,52,52,52,52,52,86,86,112,139,154,154,173,199,199,297,297,315,240,252,271,281,281,281,281,349,374,391,411,444,455,455,550,550,569,569,589,109,109,135,135,155,155,75,75,90,118,118,118,118,118,118,118,39,70,70],"floor_reached":57,"language":"ZHS","playtime":2919,"items_purged":["AT_purpleEX+1","Observe_purple_1"],"score":1934,"play_id":"130893d5-24d9-4571-9a6a-88b1bf51942a","local_time":"20210131203100","is_ascension_mode":true,"campfire_choices":[{"data":"Umbrella_purple","floor":6.0,"key":"SMITH"},{"data":"GluttonyofRealm_purpleEX","floor":8.0,"key":"SMITH"},{"data":"Line_surface_state_purple","floor":12.0,"key":"SMITH"},{"data":"Bait_HighSpeedFlying_purple","floor":15.0,"key":"SMITH"},{"data":"Mirror_FourBoundary_purple","floor":23.0,"key":"SMITH"},{"data":"WatchEChange_purple","floor":25.0,"key":"SMITH"},{"data":"Defend_purpleEX","floor":32.0,"key":"PURGE"},{"floor":41.0,"key":"RECALL"},{"data":"MeetDecomposer_purple","floor":45.0,"key":"SMITH"},{"data":"CommonSense_AntiCommonSense_purple","floor":49.0,"key":"SMITH"},{"data":"Observe_purple_2","floor":53.0,"key":"SMITH"}],"circlet_count":0,"master_deck":["Observe_purple_2+1","Umbrella_purple+1","GluttonyofRealm_purpleEX+1","WangLiang_LineAndCurveDreams_purple","WatchEChange_purple+1","Line_surface_state_purple+1","Mirror_FourBoundary_purple+1","Bait_HighSpeedFlying_purple+1","Know_ledgeAbilityRealm_purple+1","LoveAcrossDimensions_purple","MeetDecomposer_purple+1","Enlightenment","EighthInstrument_OneDividesIntoTwo_purple+1","CommonSense_AntiCommonSense_purple+1","Specialist","Boundary_ObjectiveBoundary_purple"],"relics":["Boundary_crack","Memoryfragments_purpleEX","Philosopher\u0027s Stone","LetterFromLob","Simple Rune","Orichalcum","Bottled Flame","ReplayTheSpireMod:TigerMarble","Runic Pyramid","HonorFeather","LaetitiaHeart","Bottled Lightning","Ancient Tea Set","MealTicket","SacredBark","Garlic","Art of War","Counterbalance","CrazyTorch:ReiMu"],"acts_visited":["Exordium","TheCity","TheBeyond","TheEnding"],"potions_floor_usage":[],"damage_taken":[{"damage":5.0,"enemies":"2 Louse","floor":1.0,"turns":3.0},{"damage":30.0,"enemies":"Lagavulin","floor":7.0,"turns":3.0},{"damage":25.0,"enemies":"3 Sentries","floor":10.0,"turns":7.0},{"damage":0.0,"enemies":"Small Slimes","floor":11.0,"turns":1.0},{"damage":0.0,"enemies":"Cultist","floor":13.0,"turns":2.0},{"damage":8.0,"enemies":"Lagavulin","floor":14.0,"turns":2.0},{"damage":19.0,"enemies":"Fading Forest","floor":16.0,"turns":9.0},{"damage":0.0,"enemies":"Chosen","floor":18.0,"turns":2.0},{"damage":0.0,"enemies":"Spheric Guardian","floor":20.0,"turns":2.0},{"damage":0.0,"enemies":"Chosen and Byrds","floor":21.0,"turns":3.0},{"damage":2.0,"enemies":"Cultist and Chosen","floor":22.0,"turns":3.0},{"damage":55.0,"enemies":"Gremlin Leader","floor":24.0,"turns":2.0},{"damage":0.0,"enemies":"Gremlin Leader","floor":24.0,"turns":2.0},{"damage":0.0,"enemies":"Gremlin Leader","floor":24.0,"turns":1.0},{"damage":0.0,"enemies":"Gremlin Leader","floor":24.0,"turns":1.0},{"damage":34.0,"enemies":"Gremlin Leader","floor":27.0,"turns":1.0},{"damage":0.0,"enemies":"3 Cultists","floor":28.0,"turns":1.0},{"damage":0.0,"enemies":"Centurion and Healer","floor":29.0,"turns":2.0},{"damage":0.0,"enemies":"Book of Stabbing","floor":30.0,"turns":2.0},{"damage":0.0,"enemies":"Cultist and Chosen","floor":31.0,"turns":2.0},{"damage":0.0,"enemies":"Champ","floor":33.0,"turns":3.0},{"damage":17.0,"enemies":"Orb Walker","floor":35.0,"turns":2.0},{"damage":1.0,"enemies":"3 Shapes","floor":37.0,"turns":1.0},{"damage":0.0,"enemies":"R_Hoarder","floor":40.0,"turns":4.0},{"damage":0.0,"enemies":"Spire Growth","floor":42.0,"turns":2.0},{"damage":0.0,"enemies":"Writhing Mass","floor":46.0,"turns":2.0},{"damage":3.0,"enemies":"Reptomancer","floor":47.0,"turns":3.0},{"damage":7.0,"enemies":"Donu and Deca","floor":50.0,"turns":4.0},{"damage":0.0,"enemies":"Shield and Spear","floor":55.0,"turns":4.0},{"damage":17,"enemies":"The Heart","floor":56,"turns":5}],"seed_played":"-7609511606722987180","potions_obtained":[{"floor":10.0,"key":"FairyPotion"},{"floor":11.0,"key":"LifebloodPotion"},{"floor":14.0,"key":"Elixir"},{"floor":16.0,"key":"Dexterity Potion"},{"floor":21.0,"key":"EntropicBrew"},{"floor":31.0,"key":"FairyPotion"}],"is_trial":false,"path_per_floor":["M","$","?","?","?","R","E","R","T","E","M","R","M","E","R","B",null,"M","$","M","M","M","R","E","R","T","E","M","M","E","M","R","B",null,"M","?","M","$","?","E","R","M","T","$","R","M","E","?","R","B",null,null,"R","$","E","B",null],"character_chosen":"Youkari","items_purchased":["GluttonyofRealm_purpleEX","MeetDecomposer_purple","Enlightenment","Garlic","CommonSense_AntiCommonSense_purple","Boundary_ObjectiveBoundary_purple"],"campfire_rested":0,"item_purchase_floors":[2,38,38,38,44,54],"current_hp_per_floor":[59,59,59,70,56,56,31,31,31,15,21,21,25,19,19,11,67,71,71,75,80,85,85,113,113,113,80,85,91,95,100,129,129,129,118,118,122,137,137,137,137,137,137,137,137,141,145,135,145,147,147,149,149,149,149,137],"gold":70,"neow_bonus":"CURSED_BOSS_RELIC","is_daily":false,"chose_seed":false,"campfire_upgraded":9,"win_rate":0.0,"timestamp":1612096260,"path_taken":["M","$","?","?","?","R","E","R","T","E","M","R","M","E","R","BOSS","M","$","M","M","M","R","E","R","T","E","M","M","E","M","R","BOSS","M","?","?","$","?","E","R","M","T","$","R","M","E","?","R","BOSS","R","$","E","BOSS"],"items_purchased_type":["Card","Card","Card","Relic","Card","Card"],"build_version":"2020-12-22","purchased_purges":2,"victory":true,"max_hp_per_floor":[70,70,70,70,70,70,73,73,73,77,81,81,85,85,85,85,85,89,89,93,97,101,101,113,113,113,113,117,121,125,129,129,129,129,133,133,137,137,137,137,137,137,137,137,137,141,145,145,145,149,149,149,149,149,149,149],"card_choices":[{"not_picked":["Worldmountain_purple","SfantasyHide_purple"],"picked":"Umbrella_purple","floor":1.0},{"not_picked":["MNeedle_purple","DimensionStaggered_purple"],"picked":"WangLiang_LineAndCurveDreams_purple","floor":7.0},{"not_picked":["StateErode_purple","DimensionStaggered_purple"],"picked":"WatchEChange_purple","floor":10.0},{"not_picked":["SharpContractionReality_purple","MagicEyes_LaplaceDemon_purple"],"picked":"Line_surface_state_purple","floor":11.0},{"not_picked":["EighthInstrument_OneDividesIntoTwo_purple","ExternalForce_HighSpeedFlying_purple"],"picked":"Mirror_FourBoundary_purple","floor":13.0},{"not_picked":["MeetDecomposer_purple","Mirror_FormAndEmptin_purple"],"picked":"Bait_HighSpeedFlying_purple","floor":14.0},{"not_picked":["BarrageBoundary_PipeDream_purple","WasteWire_Metro_purple"],"picked":"Know_ledgeAbilityRealm_purple","floor":16.0},{"not_picked":["OmniscientAndOmnipotent_Monster_purple+1","Extrememeaning_purpleEX"],"picked":"Worldmountain_purple","floor":18.0},{"not_picked":["OpenedBox_purple","Shallow_ocean_purpleEX","Line_surface_state_purple+1"],"picked":"SKIP","floor":20.0},{"not_picked":["SharpContractionReality_purple","Mirror_FormAndEmptin_purple","Charmbait_purple"],"picked":"SKIP","floor":21.0},{"not_picked":["Worldmountain_purple","StateDuplicate_purple","Fantasy_PerpetualMotionMachine_purple+1"],"picked":"SKIP","floor":22.0},{"not_picked":["Mirror_FourBoundary_purple","Mirror_FormAndEmptin_purple","Mirror_WaveAndshot_purple+1"],"picked":"SKIP","floor":27.0},{"not_picked":["OmniscientAndOmnipotent_Monster_purple+1","DimensionStaggered_purple","ExistenceContinue_purple+1"],"picked":"SKIP","floor":28.0},{"not_picked":["Charmbait_purple+1","DimensionStaggered_purple","Theboundaryofcreation_purpleEX"],"picked":"SKIP","floor":29.0},{"not_picked":["DimensionStaggered_purple+1","Extrememeaning_purpleEX","OmniscientAndOmnipotent_Monster_purple"],"picked":"SKIP","floor":30.0},{"not_picked":["Erosivefilter_purple","ExistenceContinue_purple","Realm_recovery_purpleEX"],"picked":"SKIP","floor":31.0},{"not_picked":["Know_ledgeAbilityRealm_purple","WasteWire_Metro_purple"],"picked":"LoveAcrossDimensions_purple","floor":33.0},{"not_picked":["WatchEChange_purple","Realm_recovery_purpleEX+1","SfantasyHide_purple"],"picked":"SKIP","floor":35.0},{"not_picked":["StateErode_purple","Bait_Toxicbait_purple+1","Shallow_ocean_purpleEX+1"],"picked":"SKIP","floor":37.0},{"not_picked":["WatchEChange_purple+1","DarkRealmRedLine_purple"],"picked":"EighthInstrument_OneDividesIntoTwo_purple+1","floor":40.0},{"not_picked":["SfantasyHide_purple","Mirror_FormAndEmptin_purple+1","AdvanceAttack_purple"],"picked":"SKIP","floor":42.0},{"not_picked":["Realm_recovery_purpleEX","MagicEyes_LaplaceDemon_purple","AdvanceAttack_purple"],"picked":"SKIP","floor":46.0},{"not_picked":["DimensionStaggered_purple+1","PositiveMatter_Antimatter_Universe_purple+1","StateDuplicate_purple"],"picked":"SKIP","floor":47.0},{"not_picked":["Replay:Parry","Midas Touch"],"picked":"Specialist","floor":48.0},{"not_picked":["Charmbait_purple+1","SfantasyHide_purple","Mirror_Drifter_purple"],"picked":"SKIP","floor":55.0}],"player_experience":570368,"relics_obtained":[{"floor":1.0,"key":"LetterFromLob"},{"floor":7.0,"key":"Simple Rune"},{"floor":9.0,"key":"Orichalcum"},{"floor":10.0,"key":"Bottled Flame"},{"floor":14.0,"key":"ReplayTheSpireMod:TigerMarble"},{"floor":26.0,"key":"Bottled Lightning"},{"floor":27.0,"key":"Ancient Tea Set"},{"floor":30.0,"key":"MealTicket"},{"floor":40.0,"key":"Art of War"},{"floor":47.0,"key":"Counterbalance"},{"floor":55.0,"key":"CrazyTorch:ReiMu"}],"event_choices":[{"cards_removed":["Voices"],"damage_healed":0.0,"max_hp_gain":0.0,"max_hp_loss":0.0,"gold_gain":0.0,"event_name":"Living Wall","player_choice":"Forget","floor":3.0,"gold_loss":0.0,"damage_taken":0.0},{"damage_healed":0.0,"max_hp_gain":0.0,"max_hp_loss":0.0,"gold_gain":0.0,"event_name":"Shining Light","player_choice":"Entered Light","floor":5.0,"gold_loss":0.0,"damage_taken":14.0,"cards_upgraded":["AT_purpleEX","Defend_purpleEX"]},{"cards_removed":["Worldmountain_purple"],"damage_healed":0.0,"max_hp_gain":0.0,"max_hp_loss":0.0,"gold_gain":0.0,"event_name":"Wheel of Change","player_choice":"Card Removal","floor":36.0,"gold_loss":0.0,"damage_taken":0.0},{"damage_healed":0.0,"max_hp_gain":0.0,"max_hp_loss":0.0,"gold_gain":0.0,"event_name":"Tomb of Lord Red Mask","player_choice":"Ignored","floor":39.0,"gold_loss":0.0,"damage_taken":0.0},{"damage_healed":0.0,"max_hp_gain":0.0,"max_hp_loss":0.0,"gold_gain":0.0,"event_name":"SensoryStone","player_choice":"Memory 3","floor":48.0,"gold_loss":0.0,"damage_taken":10.0}],"is_beta":false,"boss_relics":[{"not_picked":["Abe\u0027s Treasure","Velvet Choker"],"picked":"Runic Pyramid"},{"not_picked":["Runic Dome","aspiration:FutureDiary"],"picked":"SacredBark"}],"items_purged_floors":[19,38],"is_endless":false,"potions_floor_spawned":[10,11,14,16,20,21,22,24,24,31,33,35,37,47,55],"ascension_level":7}}