{"host":"uceopoba4zvqsgiy","time":1612073176,"event":{"mods":["Act Like it!","BaseMod","Better Skull","Better Third Choice","Elementarium","Evolution","GifTheSpireLib","Hermit","Humility","Infinite Spire","Jorbs\u0027s Wanderer Trilogy","Marked Mod","Minty Spire (QoL Compilation)","Potionbrewer","Reliquary","Replay The Spire","Robot Space Explorer","Shade Mod","Spicy Shops","StS++","StSLib","Stuff the Spire","The Blue Laboratory","The Caster","The Cursed","The Dragon Tamer","The Hierophant","The Jungle","TheSurvivalist","Wandering Minibosses"],"gold_per_floor":[118,118,132,132,215,245,245,277,277,277,307,330,143,158,158,254,254,273,273,287,287,304,304,152,177,177,177,207,224,224,224],"floor_reached":30,"language":"ENG","playtime":1898,"items_purged":[],"score":438,"play_id":"f5d58caa-9b0b-44ef-9165-30a21e5764d0","local_time":"20210131163616","is_ascension_mode":true,"campfire_choices":[{"data":"StSpp:PoisonousPunch","floor":7.0,"key":"SMITH"},{"floor":15.0,"key":"REST"},{"floor":23,"key":"REST"}],"circlet_count":0,"master_deck":["StSpp:PoisonousPunch","StSpp:PoisonousPunch","StSpp:PoisonousPunch+1","Strike_G","Strike_G","Defend_G","Defend_G","Defend_G","Defend_G","Survivor","Neutralize","Bane","StSpp:ChainedTrap","StuffTheSpire:DoubleShiv","Blade Dance","StSpp:PoisonousPunch","Caltrops","Doppelganger","Envenom","Dagger Spray+1","Envenom","StuffTheSpire:Innocence","StuffTheSpire:ReptileScales+1","StSpp:FiercePoison","A Thousand Cuts"],"relics":["Ring of the Snake","EVO:Axolotl","NeowsBlessing","Quantum Egg","Replay:Accelerometer","Shovel","StSpp:PetrifiedCaterpillar","reliquary:BoilingFlask","Cauldron","Philosopher\u0027s Stone","StuffTheSpire:Nightcore","Runic Pyramid","TungstenRod","reliquary:OuijaBoard"],"acts_visited":["Exordium","TheCity"],"potions_floor_usage":[30],"damage_taken":[{"damage":0.0,"enemies":"Jaw Worm","floor":1.0,"turns":1.0},{"damage":0.0,"enemies":"2 Louse","floor":3.0,"turns":1.0},{"damage":0.0,"enemies":"Lagavulin","floor":6.0,"turns":1.0},{"damage":0.0,"enemies":"Gremlin Nob","floor":8.0,"turns":2.0},{"damage":37.0,"enemies":"3 Sentries","floor":11.0,"turns":6.0},{"damage":0.0,"enemies":"Cultist","floor":12.0,"turns":2.0},{"damage":4.0,"enemies":"Lots of Slimes","floor":14.0,"turns":4.0},{"damage":24.0,"enemies":"Hexaghost","floor":16.0,"turns":7.0},{"damage":15.0,"enemies":"Spheric Guardian","floor":18.0,"turns":4.0},{"damage":13.0,"enemies":"2 Thieves","floor":20.0,"turns":2.0},{"damage":27.0,"enemies":"Snake Plant","floor":22.0,"turns":3.0},{"damage":25,"enemies":"Replay:Snechameleon","floor":25,"turns":3},{"damage":0,"enemies":"Cultist and Chosen","floor":28,"turns":4},{"damage":20,"enemies":"Snecko","floor":29,"turns":4},{"damage":6,"enemies":"Book of Stabbing","floor":30,"turns":2}],"seed_played":"-7751733897367424809","potions_obtained":[{"floor":1.0,"key":"potionbrewer:DiscountPotion"},{"floor":11.0,"key":"infinitespire:BlackPotion"},{"floor":13.0,"key":"StSpp:ScatteredWeakPotion"},{"floor":13.0,"key":"StSpp:ScatteredPotion"},{"floor":18.0,"key":"PowerPotion"},{"floor":25,"key":"LiquidBronze"}],"is_trial":false,"path_per_floor":["M","$","M","?","?","E","R","E","T","?","E","M","$","M","R","B",null,"M","?","M","AVR","M","R","?","E","T","?","M","M","E"],"character_chosen":"THE_SILENT","items_purchased":["Caltrops","Cauldron"],"campfire_rested":2,"item_purchase_floors":[13,13],"current_hp_per_floor":[63,63,63,63,63,63,63,63,63,63,26,26,26,22,43,29,60,45,45,32,32,5,26,26,1,1,24,24,4,0,0],"gold":224,"neow_bonus":"THREE_ENEMY_KILL","is_daily":false,"chose_seed":false,"campfire_upgraded":1,"win_rate":0.0,"timestamp":1612073176,"path_taken":["M","$","M","?","?","E","R","E","T","?","E","?","$","?","R","BOSS","M","?","?","AVR","M","R","?","E","T","?","?","M","E"],"items_purchased_type":["Card","Relic"],"build_version":"2020-12-22","purchased_purges":0,"victory":false,"max_hp_per_floor":[70,70,70,70,70,70,70,70,70,70,70,70,70,70,70,70,70,70,70,70,70,70,70,70,70,70,70,70,70,70,70],"card_choices":[{"not_picked":["Choke","Finisher"],"picked":"Bane","floor":1.0},{"not_picked":["Blade Dance","StSpp:Dive","Hidden Blade"],"picked":"SKIP","floor":3.0},{"not_picked":["Deflect","ReplayTheSpireMod:Tripwire"],"picked":"StSpp:ChainedTrap","floor":5.0},{"not_picked":["Dagger Spray","Underhanded Strike"],"picked":"StuffTheSpire:DoubleShiv","floor":6.0},{"not_picked":["ReplayTheSpireMod:Speed Training","StuffTheSpire:Injection"],"picked":"Blade Dance","floor":8.0},{"not_picked":["StuffTheSpire:ReptileScales","StSpp:Landslide","ReplayTheSpireMod:Shiv Toss"],"picked":"SKIP","floor":11.0},{"not_picked":["Hidden Blade","Dagger Spray"],"picked":"StSpp:PoisonousPunch","floor":12.0},{"not_picked":["ReplayTheSpireMod:Scrap Shanks","Backflip"],"picked":"Doppelganger","floor":14.0},{"not_picked":["Malaise","Night Terror"],"picked":"Envenom","floor":16.0},{"not_picked":["Acrobatics","StSpp:CorrosivePoison"],"picked":"Dagger Spray+1","floor":18.0},{"not_picked":["Bane","Sucker Punch+1","Acrobatics"],"picked":"SKIP","floor":20.0},{"not_picked":["Poisoned Stab","Flechettes","StuffTheSpire:Injection"],"picked":"SKIP","floor":22},{"not_picked":["Footwork+1","Sucker Punch"],"picked":"StuffTheSpire:ReptileScales+1","floor":25},{"not_picked":["Poisoned Stab","StSpp:TimeParadox"],"picked":"StSpp:FiercePoison","floor":28},{"not_picked":["Underhanded Strike","Caltrops"],"picked":"A Thousand Cuts","floor":29}],"player_experience":1430297,"relics_obtained":[{"floor":4.0,"key":"Quantum Egg"},{"floor":6.0,"key":"Replay:Accelerometer"},{"floor":8.0,"key":"Shovel"},{"floor":9.0,"key":"StSpp:PetrifiedCaterpillar"},{"floor":11.0,"key":"reliquary:BoilingFlask"},{"floor":25,"key":"TungstenRod"},{"floor":26,"key":"reliquary:OuijaBoard"}],"event_choices":[{"cards_removed":["Defend_G"],"damage_healed":0.0,"max_hp_gain":0.0,"max_hp_loss":0.0,"gold_gain":0.0,"event_name":"Purifier","player_choice":"Purged","floor":10.0,"gold_loss":0.0,"damage_taken":0.0},{"damage_healed":0.0,"max_hp_gain":0.0,"max_hp_loss":0.0,"gold_gain":0.0,"event_name":"Duplicator","player_choice":"Copied","floor":19.0,"gold_loss":0.0,"damage_taken":0.0,"cards_obtained":["Envenom"]},{"damage_healed":23,"gold_gain":0,"player_choice":"Heal","damage_taken":0,"max_hp_gain":0,"max_hp_loss":0,"event_name":"The Library","floor":27,"gold_loss":0}],"is_beta":false,"boss_relics":[{"not_picked":["Replay:Fungal Core","Replay:Bronze Core"],"picked":"Philosopher\u0027s Stone"}],"items_purged_floors":[],"is_endless":false,"potions_floor_spawned":[1,11,18,25],"killed_by":"Book of Stabbing","ascension_level":6,"is_humility":true}}