{"host":"2se5dq1do2gp0x9k","time":1612058499,"event":{"mods":["AchievementEnabler","BaseMod","Block Reminder","Colored Map","Colored Powertips","Minty Spire (QoL Compilation)","Relic Stats","StSLib","SuperFastMode"],"gold_per_floor":[119,134,33,33,33,33,33],"floor_reached":6,"language":"ENG","playtime":146,"items_purged":["Strike_B"],"score":68,"play_id":"f2bc0f14-b622-4331-8220-6847e34acd83","local_time":"20210130180139","is_ascension_mode":true,"campfire_choices":[],"circlet_count":0,"master_deck":["AscendersBane","Strike_B","Strike_B","Strike_B","Defend_B","Defend_B","Defend_B","Defend_B","Zap","Dualcast","Panacea","Streamline","Hologram","Leap"],"relics":["Cracked Core","Vajra","Golden Idol"],"acts_visited":["Exordium"],"potions_floor_usage":[],"damage_taken":[{"damage":0,"enemies":"Small Slimes","floor":1,"turns":3},{"damage":9,"enemies":"Jaw Worm","floor":2,"turns":3},{"damage":50,"enemies":"3 Sentries","floor":6,"turns":5}],"seed_played":"8927643576451005680","potions_obtained":[],"is_trial":false,"path_per_floor":["M","M","$","?","?","E"],"character_chosen":"DEFECT","items_purchased":["Leap"],"campfire_rested":0,"item_purchase_floors":[3],"current_hp_per_floor":[64,55,55,50,50,0,0],"gold":33,"neow_bonus":"RANDOM_COLORLESS","is_daily":false,"chose_seed":false,"campfire_upgraded":0,"win_rate":0.0,"timestamp":1612058499,"path_taken":["M","M","$","?","?","E"],"items_purchased_type":["Card"],"build_version":"2020-12-22","purchased_purges":1,"victory":false,"max_hp_per_floor":[71,71,71,71,64,64,64],"relic_stats":{"counters":[3,11],"Golden Idol":0,"obtain_stats":[{"Golden Idol":5,"Vajra":4,"Cracked Core":0},{"Golden Idol":2,"Vajra":2,"Cracked Core":0},{"Golden Idol":6,"Vajra":6,"Cracked Core":0}]},"card_choices":[{"not_picked":["Dramatic Entrance","Dark Shackles"],"picked":"Panacea","floor":0},{"not_picked":["Fusion","Redo"],"picked":"Streamline","floor":1},{"not_picked":["Stack","Redo"],"picked":"Hologram","floor":2}],"player_experience":4006200,"relics_obtained":[],"event_choices":[{"damage_healed":0,"gold_gain":0,"player_choice":"Success","damage_taken":5,"relics_obtained":["Vajra"],"max_hp_gain":0,"max_hp_loss":0,"event_name":"Scrap Ooze","floor":4,"gold_loss":0},{"damage_healed":0,"gold_gain":0,"player_choice":"Lose Max HP","damage_taken":0,"relics_obtained":["Golden Idol"],"max_hp_gain":0,"max_hp_loss":7,"event_name":"Golden Idol","floor":5,"gold_loss":0}],"is_beta":false,"boss_relics":[],"items_purged_floors":[3],"is_endless":false,"potions_floor_spawned":[],"killed_by":"3 Sentries","ascension_level":20}}