{"host":"vrsxkkch9ccrec7k","time":1612069845,"event":{"mods":["Act Like it!","BaseMod","Bestiary","Better Altar","Better Match","Better Note","Better Sensory Stone","Better Skull","Better Third Choice","Better Vampires","Downfall","Minty Spire (QoL Compilation)","Permanent Neow","Relic Stats","Spicy Shops","StSLib"],"gold_per_floor":[199,212,230,230,246,277,345,345,355,382,382,382,408,420,432,432,432,432],"floor_reached":16,"language":"ENG","playtime":1142,"items_purged":[],"score":195,"play_id":"8950f591-5e7b-4e31-bd2f-6902be12c266","local_time":"20210131001045","is_ascension_mode":true,"campfire_choices":[{"data":"champ:Execute","floor":1,"key":"SMITH"},{"data":"champ:Taunt","floor":8,"key":"SMITH"},{"floor":12,"key":"REST"}],"circlet_count":0,"master_deck":["AscendersBane","champ:Strike","champ:Strike","champ:Strike","champ:Strike","champ:Defend","champ:Defend","champ:Defend","champ:Defend","champ:Execute+1","champ:Taunt+1","champ:FanOfKnives","champ:Duel+1","champ:BerserkersShout","champ:VampiricStrike","champ:BerserkerStyle","champ:ShieldSlam","champ:Lariat","champ:Endure","champ:Backstep"],"relics":["champ:ChampionCrown","sneckomod:BlankCard","Kunai","Bag of Preparation","Guardian:GemstoneGun"],"acts_visited":["Exordium"],"potions_floor_usage":[10,13,16],"damage_taken":[{"damage":14,"enemies":"2 Louse","floor":2,"turns":2},{"damage":10,"enemies":"Jaw Worm","floor":3,"turns":4},{"damage":20,"enemies":"Cultist","floor":5,"turns":4},{"damage":67,"enemies":"Lagavulin","floor":6,"turns":8},{"damage":10,"enemies":"Blue Slaver","floor":9,"turns":3},{"damage":61,"enemies":"3 Sentries","floor":10,"turns":6},{"damage":49,"enemies":"Lagavulin","floor":13,"turns":4},{"damage":32,"enemies":"Gremlin Gang","floor":14,"turns":3},{"damage":25,"enemies":"2 Fungi Beasts","floor":15,"turns":2},{"damage":73,"enemies":"DF_ARCHETYPE_STREAMLINE","floor":16,"turns":12}],"seed_played":"-1684447172533382534","potions_obtained":[{"floor":2,"key":"SmokeBomb"},{"floor":3,"key":"champ:UltimateStancePotion"},{"floor":10,"key":"Swift Potion"},{"floor":15,"key":"BlessingOfTheForge"}],"is_trial":false,"path_per_floor":["R","M","M","?","M","E","T","R","M","E","?","R","E","M","M","B"],"character_chosen":"THE_CHAMP","items_purchased":[],"campfire_rested":1,"item_purchase_floors":[],"current_hp_per_floor":[81,77,77,77,77,45,45,45,45,16,16,43,34,32,32,0,0,0],"gold":432,"neow_bonus":"HUNDRED_GOLD","is_daily":false,"chose_seed":false,"campfire_upgraded":2,"win_rate":0.0,"timestamp":1612069845,"path_taken":["R","M","M","?","M","E","T","R","M","E","?","R","E","M","M","BOSS"],"items_purchased_type":[],"build_version":"2020-12-22","purchased_purges":0,"victory":false,"max_hp_per_floor":[90,90,90,90,90,90,90,90,90,90,90,90,90,90,90,90,90,90],"relic_stats":{"counters":[10,48],"Bag of Preparation":[8],"Kunai":[9],"obtain_stats":[{"sneckomod:BlankCard":6,"Guardian:GemstoneGun":13,"champ:ChampionCrown":0,"Bag of Preparation":10,"Kunai":7},{"sneckomod:BlankCard":4,"Guardian:GemstoneGun":7,"champ:ChampionCrown":0,"Bag of Preparation":6,"Kunai":4},{"sneckomod:BlankCard":18,"Guardian:GemstoneGun":31,"champ:ChampionCrown":0,"Bag of Preparation":27,"Kunai":18}]},"card_choices":[{"not_picked":["champ:ShieldSlam","champ:FocusedDefense"],"picked":"champ:FanOfKnives","floor":2},{"not_picked":["champ:BringItOn","champ:FanOfKnives"],"picked":"champ:Duel","floor":3},{"not_picked":["champ:BladeFlurry","champ:PerfectedStrike"],"picked":"champ:BerserkersShout","floor":5},{"not_picked":["champ:PerfectedStrike","champ:PreemptiveStrike"],"picked":"champ:VampiricStrike","floor":6},{"not_picked":["champ:CalledShot","champ:AdrenalArmor"],"picked":"champ:BerserkerStyle","floor":9},{"not_picked":["champ:DefensiveShout","champ:ViciousMockery"],"picked":"champ:ShieldSlam","floor":10},{"not_picked":["champ:BerserkersShout","champ:DancingMaster"],"picked":"champ:Lariat","floor":13},{"not_picked":["champ:CalledShot","champ:PreemptiveStrike"],"picked":"champ:Endure","floor":14},{"not_picked":["champ:AdrenalArmor","champ:BerserkersShout"],"picked":"champ:Backstep","floor":15}],"player_experience":1838923,"relics_obtained":[{"floor":6,"key":"sneckomod:BlankCard"},{"floor":7,"key":"Kunai"},{"floor":10,"key":"Bag of Preparation"},{"floor":13,"key":"Guardian:GemstoneGun"}],"event_choices":[{"damage_healed":0,"gold_gain":0,"player_choice":"Forge","damage_taken":0,"max_hp_gain":0,"max_hp_loss":0,"event_name":"Accursed Blacksmith","floor":11,"gold_loss":0,"cards_upgraded":["champ:Duel"]}],"is_beta":false,"boss_relics":[],"items_purged_floors":[],"is_endless":false,"potions_floor_spawned":[2,3,10,15],"killed_by":"DF_ARCHETYPE_STREAMLINE","ascension_level":12}}