{"host":"ow66nzv2xecjoor3","time":1612064266,"event":{"mods":["BaseMod","Bestiary","Block Reminder","Colored Powertips","Curses Come First","Highlight Path","Keyboard Shortcuts","Minty Spire (QoL Compilation)","Permanent Neow","Relic Stats","StSLib","UnlockEverythingMod"],"gold_per_floor":[114,129,129,144,219,219,245,245,245,245,274,292,306,286,286,286,286],"floor_reached":16,"language":"ENG","playtime":456,"items_purged":[],"score":220,"play_id":"1dbaa8ca-9fd8-4480-9df2-36fcded083e7","local_time":"20210130213746","is_ascension_mode":true,"campfire_choices":[{"data":"Neutralize","floor":6,"key":"SMITH"},{"floor":8,"key":"REST"},{"data":"Infinite Blades","floor":10,"key":"SMITH"},{"data":"Acrobatics","floor":15,"key":"SMITH"}],"circlet_count":0,"master_deck":["AscendersBane","Strike_G","Strike_G","Strike_G","Strike_G","Strike_G","Defend_G","Defend_G","Defend_G","Defend_G","Defend_G","Survivor","Neutralize+1","Riddle With Holes","Dash","Acrobatics+1","Infinite Blades+1","Heel Hook+1","Slice+1","Slice+1"],"relics":["Ring of the Snake","TungstenRod","Kunai","Molten Egg 2"],"acts_visited":["Exordium"],"potions_floor_usage":[7,11,16,16],"damage_taken":[{"damage":4,"enemies":"Small Slimes","floor":1,"turns":3},{"damage":1,"enemies":"Cultist","floor":2,"turns":3},{"damage":2,"enemies":"2 Louse","floor":4,"turns":3},{"damage":30,"enemies":"Gremlin Nob","floor":7,"turns":4},{"damage":15,"enemies":"Lagavulin","floor":11,"turns":6},{"damage":2,"enemies":"Large Slime","floor":12,"turns":7},{"damage":0,"enemies":"Exordium Wildlife","floor":13,"turns":2},{"damage":20,"enemies":"Hexaghost","floor":16,"turns":9}],"seed_played":"-3202572975192612120","potions_obtained":[{"floor":0,"key":"CultistPotion"},{"floor":0,"key":"CultistPotion"},{"floor":7,"key":"Block Potion"},{"floor":13,"key":"DuplicationPotion"}],"is_trial":false,"path_per_floor":["M","M","?","M","?","R","E","R","T","R","E","M","M","?","R","B"],"character_chosen":"THE_SILENT","items_purchased":[],"campfire_rested":1,"item_purchase_floors":[],"current_hp_per_floor":[55,54,59,57,46,46,16,37,37,37,22,20,20,20,20,0,0],"gold":286,"neow_bonus":"THREE_SMALL_POTIONS","is_daily":false,"chose_seed":false,"campfire_upgraded":3,"win_rate":0.0,"timestamp":1612064266,"path_taken":["M","M","?","M","?","R","E","R","T","R","E","M","M","?","R","BOSS"],"items_purchased_type":[],"build_version":"2020-12-22","purchased_purges":0,"victory":false,"max_hp_per_floor":[66,66,71,71,71,71,71,71,71,71,71,71,71,71,71,71,71],"relic_stats":{"counters":[8,37],"Kunai":[17],"obtain_stats":[{"Molten Egg 2":11,"Kunai":9,"TungstenRod":7,"Ring of the Snake":0},{"Molten Egg 2":5,"Kunai":4,"TungstenRod":4,"Ring of the Snake":0},{"Molten Egg 2":19,"Kunai":13,"TungstenRod":13,"Ring of the Snake":0}],"TungstenRod":9,"Ring of the Snake":[16]},"card_choices":[{"not_picked":["Terror","Bouncing Flask"],"picked":"Riddle With Holes","floor":1},{"not_picked":["Infinite Blades","Poisoned Stab"],"picked":"Dash","floor":2},{"not_picked":["Slice","Sucker Punch"],"picked":"Acrobatics","floor":4},{"not_picked":["Tactician","Doppelganger"],"picked":"Infinite Blades","floor":7},{"not_picked":["Dodge and Roll","Deadly Poison"],"picked":"Heel Hook+1","floor":11},{"not_picked":["Prepared","Dodge and Roll"],"picked":"Slice+1","floor":12},{"not_picked":["Dagger Throw+1","Dodge and Roll"],"picked":"Slice+1","floor":13}],"player_experience":2779375,"relics_obtained":[{"floor":7,"key":"TungstenRod"},{"floor":9,"key":"Kunai"},{"floor":11,"key":"Molten Egg 2"}],"event_choices":[{"damage_healed":0,"gold_gain":0,"player_choice":"Donut","damage_taken":0,"max_hp_gain":5,"max_hp_loss":0,"event_name":"Big Fish","floor":3,"gold_loss":0},{"damage_healed":0,"gold_gain":75,"player_choice":"Gather Gold","damage_taken":11,"max_hp_gain":0,"max_hp_loss":0,"event_name":"World of Goop","floor":5,"gold_loss":0},{"damage_healed":0,"gold_gain":0,"player_choice":"Bought 1 Potion","damage_taken":0,"max_hp_gain":0,"max_hp_loss":0,"event_name":"The Woman in Blue","floor":14,"gold_loss":0}],"is_beta":false,"boss_relics":[],"items_purged_floors":[],"is_endless":false,"potions_floor_spawned":[2,7,13],"killed_by":"Hexaghost","ascension_level":20}}