{"host":"nj4msrt0z6tj4wtb","time":1612112657,"event":{"mods":["AchievementEnabler","BaseMod","Colored Map","Colored Powertips","DeckTracker","Highlight Path","Keyboard Shortcuts","Minty Spire (QoL Compilation)","Quick Restart","Random Character Button","StSLib","SuperFastMode"],"gold_per_floor":[116,131,151,166,183,183,218,230,230,230,59,73,92,92,92,188,188,200,200,22,22,36,36,62,62,62,90,90,90],"floor_reached":28,"language":"KOR","playtime":1112,"items_purged":["Strike_R","Strike_R"],"score":312,"play_id":"5483963a-dccd-436c-ab0c-cc3d888913be","local_time":"20210201020417","is_ascension_mode":true,"campfire_choices":[{"data":"Seeing Red","floor":6.0,"key":"SMITH"},{"data":"Limit Break","floor":10,"key":"SMITH"},{"data":"Hemokinesis","floor":15,"key":"SMITH"},{"data":"Rupture","floor":23,"key":"SMITH"},{"data":"Evolve","floor":25,"key":"SMITH"}],"circlet_count":0,"master_deck":["Strike_R","Strike_R","Defend_R","Defend_R","Defend_R","Defend_R","Bash","Rupture+1","Power Through","Cleave","Rampage","Seeing Red+1","Hemokinesis+1","Limit Break+1","Feel No Pain","Deep Breath","Sword Boomerang","Double Tap","Wild Strike+1","Evolve+1","Wild Strike+1","Body Slam+1"],"relics":["Burning Blood","Pantograph","Self Forming Clay","Cursed Key","GremlinMask","Eternal Feather","Blue Candle"],"acts_visited":["Exordium","TheCity"],"potions_floor_usage":[24,24,27],"damage_taken":[{"damage":6.0,"enemies":"Cultist","floor":1.0,"turns":3.0},{"damage":0.0,"enemies":"Jaw Worm","floor":2.0,"turns":5.0},{"damage":12.0,"enemies":"Small Slimes","floor":3.0,"turns":4.0},{"damage":1.0,"enemies":"3 Louse","floor":4.0,"turns":4.0},{"damage":21.0,"enemies":"Exordium Thugs","floor":5.0,"turns":6.0},{"damage":29.0,"enemies":"3 Sentries","floor":7.0,"turns":7.0},{"damage":14,"enemies":"Looter","floor":8,"turns":4},{"damage":10,"enemies":"Exordium Wildlife","floor":12,"turns":4},{"damage":4,"enemies":"2 Fungi Beasts","floor":13,"turns":4},{"damage":59,"enemies":"Slime Boss","floor":16,"turns":9},{"damage":12,"enemies":"Shell Parasite","floor":18,"turns":5},{"damage":16,"enemies":"3 Byrds","floor":22,"turns":6},{"damage":44,"enemies":"Book of Stabbing","floor":24,"turns":5},{"damage":38,"enemies":"Slavers","floor":27,"turns":5},{"damage":31,"enemies":"Snake Plant","floor":28,"turns":3}],"seed_played":"7577371506598064376","potions_obtained":[{"floor":1.0,"key":"Weak Potion"},{"floor":3.0,"key":"Dexterity Potion"},{"floor":7.0,"key":"Fruit Juice"},{"floor":8,"key":"BloodPotion"},{"floor":27,"key":"AttackPotion"}],"is_trial":false,"path_per_floor":["M","M","M","M","M","R","E","M","T","R","$","M","M","$","R","B",null,"M","?","$","?","M","R","E","R","T","E","M"],"character_chosen":"IRONCLAD","items_purchased":["Deep Breath","Evolve"],"campfire_rested":0,"item_purchase_floors":[11,20],"current_hp_per_floor":[80,80,74,79,64,64,46,38,38,38,38,34,36,36,36,8,85,79,79,79,79,69,69,48,60,60,28,0,0],"gold":90,"neow_bonus":"TRANSFORM_CARD","is_daily":false,"chose_seed":false,"campfire_upgraded":5,"win_rate":0.0,"timestamp":1612112657,"path_taken":["M","M","M","M","M","R","E","M","T","R","?","M","M","$","R","BOSS","M","?","$","?","?","R","E","R","T","E","M"],"items_purchased_type":["Card","Card"],"build_version":"2020-12-22","purchased_purges":2,"victory":false,"max_hp_per_floor":[80,80,80,80,80,80,85,85,85,85,85,85,85,85,85,85,85,85,85,85,85,85,85,85,85,85,85,85,85],"card_choices":[{"not_picked":["True Grit","Second Wind"],"picked":"Power Through","floor":1.0},{"not_picked":["Armaments","Body Slam"],"picked":"Cleave","floor":2.0},{"not_picked":["Demon Form","Anger"],"picked":"Rampage","floor":3.0},{"not_picked":["Anger","Heavy Blade"],"picked":"Seeing Red","floor":4.0},{"not_picked":["Sword Boomerang","Ghostly Armor"],"picked":"Hemokinesis","floor":5.0},{"not_picked":["Inflame","Dual Wield"],"picked":"Limit Break","floor":7.0},{"not_picked":["Cleave","Headbutt"],"picked":"Feel No Pain","floor":8},{"not_picked":["True Grit","Power Through","Cleave"],"picked":"SKIP","floor":12},{"not_picked":["Rage","Body Slam"],"picked":"Sword Boomerang","floor":13},{"not_picked":["Impervious","Brutality"],"picked":"Double Tap","floor":16},{"not_picked":["Cleave","Rage"],"picked":"Wild Strike+1","floor":18},{"not_picked":["Anger","Warcry"],"picked":"Wild Strike+1","floor":22},{"not_picked":["Double Tap","Power Through"],"picked":"Body Slam+1","floor":24},{"not_picked":["Clash","Sword Boomerang","Perfected Strike"],"picked":"SKIP","floor":27}],"player_experience":651456,"relics_obtained":[{"floor":7.0,"key":"Pantograph"},{"floor":9,"key":"Self Forming Clay"},{"floor":24,"key":"Eternal Feather"},{"floor":27,"key":"Blue Candle"}],"event_choices":[{"damage_healed":0,"gold_gain":0,"player_choice":"Ignored","damage_taken":0,"max_hp_gain":0,"max_hp_loss":0,"event_name":"Ghosts","floor":19,"gold_loss":0},{"damage_healed":0,"gold_gain":0,"player_choice":"Trade","damage_taken":0,"relics_obtained":["GremlinMask"],"max_hp_gain":0,"max_hp_loss":0,"event_name":"FaceTrader","floor":21,"gold_loss":0}],"is_beta":false,"boss_relics":[{"not_picked":["Runic Dome","Runic Pyramid"],"picked":"Cursed Key"}],"items_purged_floors":[11,20],"is_endless":false,"potions_floor_spawned":[1,3,7,8,13,16,22,27],"killed_by":"Snake Plant","ascension_level":4}}