{"host":"Nico","time":1612111112,"event":{"mods":["2.2 Compatiblity","AchievementEnabler","Aspiration","BaseMod","Beaked The Cultist","Better Altar","Better Note","Better Skull","Conspire","Custom Start","DeckTracker","Displayed Cursed Tome","Energized Spire","Halation","Highlight Path","Hubris","Infinite Spire","Minty Spire (QoL Compilation)","Permanent Neow","Poor People Problems","Relic Filter Mod","Relic Sorter","Replay The Spire","Shop Mod","StSLib","Synergy Search","The Cursed","TheVacant","Trackpad","Transform Curses","Unknown Chances"],"gold_per_floor":[112,37,37,52,71,99,99,99,99,112,146,146,162,223,223,321,321,337,317,298,298,315,315,325,335,385,385,399,399,432,432,432,541,541,593,659,659,659],"floor_reached":37,"language":"ENG","playtime":3884,"items_purged":["Regret"],"score":624,"play_id":"27f2a697-ab61-4e7c-8ace-bbf182ab155d","local_time":"20210131163832","is_ascension_mode":false,"campfire_choices":[{"data":"beaked:Ceremony","floor":7,"key":"SMITH"},{"data":"beaked:Ceremony","floor":12,"key":"SMITH"},{"floor":15,"key":"DIG"},{"data":"beaked:ScreechingChant","floor":23,"key":"SMITH"},{"floor":32,"key":"REST"}],"circlet_count":0,"master_deck":["beaked:Strike_Y","beaked:Strike_Y","beaked:Strike_Y","beaked:Strike_Y","beaked:Strike_Y","beaked:Defend_Y","beaked:Defend_Y","beaked:Defend_Y","beaked:Defend_Y","beaked:Ceremony+1","beaked:Ceremony+1","beaked:Ceremony+1","beaked:BraceForImpact","beaked:BraceForImpact","beaked:Foresight","beaked:ScreechingChant+1","beaked:DigDeep","beaked:Foresight","beaked:BraceForImpact","beaked:BounceBack","beaked:DigDeep+1","beaked:Caw","beaked:BraceForImpact","beaked:MachineEssence","beaked:Resilience"],"relics":["beaked:BlessedCoat","halation:OrihimeAndHikoboshiSamaAndTears","trackpad:WritersBlock","Lantern","trackpad:RapidFire","Gambling Chip","Toy Ornithopter","ReplayTheSpireMod:TigerMarble","conspire:RoyalGoblet","CeramicFish","Pet Ghost","infinitespire:EvilPickle","Replay:Mystery Machine"],"acts_visited":["Exordium","TheCity","TheBeyond"],"potions_floor_usage":[18,22,25,37,37],"damage_taken":[{"damage":21,"enemies":"Cultist","floor":1,"turns":5},{"damage":9,"enemies":"Small Slimes","floor":4,"turns":9},{"damage":0,"enemies":"2 Louse","floor":5,"turns":4},{"damage":14,"enemies":"Lagavulin","floor":6,"turns":7},{"damage":19,"enemies":"Exordium Thugs","floor":10,"turns":6},{"damage":33,"enemies":"Gremlin Nob","floor":11,"turns":6},{"damage":11,"enemies":"Blue Slaver","floor":13,"turns":12},{"damage":15,"enemies":"Gremlin Nob","floor":14,"turns":5},{"damage":8,"enemies":"Fading Forest","floor":16,"turns":11},{"damage":25,"enemies":"3 Byrds","floor":18,"turns":7},{"damage":44,"enemies":"2 Thieves","floor":20,"turns":5},{"damage":68,"enemies":"Centurion and Healer","floor":22,"turns":10},{"damage":28,"enemies":"Snake Plant","floor":24,"turns":6},{"damage":33,"enemies":"3 Cultists","floor":25,"turns":4},{"damage":18,"enemies":"Centurion and Healer","floor":28,"turns":7},{"damage":21,"enemies":"Slavers","floor":30,"turns":4},{"damage":37,"enemies":"Pondfish","floor":33,"turns":8},{"damage":58,"enemies":"3 Darklings","floor":35,"turns":6},{"damage":37,"enemies":"infinitespire:Three Voidlings","floor":37,"turns":6},{"damage":122,"enemies":"Nightmare_Alpha","floor":37,"turns":7}],"seed_played":"958086167177538454","potions_obtained":[{"floor":1,"key":"SkillPotion"},{"floor":5,"key":"conspire:TimeTravelPotion"},{"floor":10,"key":"Flashbang"},{"floor":16,"key":"Adrenaline Potion"},{"floor":19,"key":"LiquidMemories"},{"floor":22,"key":"Languid Potion"},{"floor":25,"key":"Weak Potion"},{"floor":36,"key":"FairyPotion"}],"is_trial":false,"path_per_floor":["M","$","?","M","M","E","R","?","T","M","E","R","M","?","R","B",null,"M","?","M","HB","M","R","M","M","T","?","M","?","E","AVR","R","B",null,"M","?","?"],"character_chosen":"BEAKED_THE_CULTIST","items_purchased":[],"campfire_rested":1,"item_purchase_floors":[],"current_hp_per_floor":[35,35,32,48,50,52,52,52,52,45,26,26,55,47,47,55,55,55,55,45,28,15,15,21,3,3,3,32,33,19,19,28,33,33,23,23,0,0],"gold":659,"neow_bonus":"RANDOM_EVENT","is_daily":false,"chose_seed":false,"campfire_upgraded":3,"win_rate":0.0,"timestamp":1612111112,"path_taken":["M","$","?","M","M","E","R","?","T","M","E","R","M","?","R","BOSS","M","?","M","HB","M","R","M","M","T","?","M","?","E","AVR","R","BOSS","M","?","?"],"items_purchased_type":[],"build_version":"2020-12-18","purchased_purges":1,"victory":false,"max_hp_per_floor":[50,50,50,50,50,53,53,53,53,53,53,53,55,55,55,55,55,55,55,55,28,31,31,31,33,33,33,33,33,33,33,33,33,33,33,33,33,33],"card_choices":[{"not_picked":["beaked:Evade","beaked:Resilience"],"picked":"beaked:BraceForImpact","floor":1},{"not_picked":["beaked:Daydream","beaked:CursingBlood"],"picked":"beaked:BraceForImpact","floor":4},{"not_picked":["beaked:Flinch","ReplayTheSpireMod:Prepare the Ceremony"],"picked":"beaked:Foresight","floor":5},{"not_picked":["beaked:SurvivalInstinct","beaked:Evade"],"picked":"beaked:ScreechingChant","floor":6},{"not_picked":["beaked:Recite","beaked:MimicMachine"],"picked":"beaked:DigDeep","floor":10},{"not_picked":["beaked:MimicHuntress","ReplayTheSpireMod:Prepare the Ceremony"],"picked":"beaked:Foresight","floor":11},{"not_picked":["beaked:Foresight","beaked:FullHouse"],"picked":"beaked:BraceForImpact","floor":13},{"not_picked":["beaked:WindBringer","beaked:Daydream"],"picked":"beaked:BounceBack","floor":14},{"not_picked":["beaked:SacrificialAttack","beaked:Mantra","beaked:WindBringer"],"picked":"SKIP","floor":18},{"not_picked":["beaked:Windmill+1","beaked:Insight","beaked:MimicHuntress"],"picked":"SKIP","floor":20},{"not_picked":["beaked:Cower+1","beaked:BloodForTheGods","beaked:Overpower"],"picked":"SKIP","floor":22},{"not_picked":["beaked:Brace+1","beaked:CursingBlood","beaked:SurvivalInstinct"],"picked":"SKIP","floor":24},{"not_picked":["beaked:Poke","beaked:Molting+1"],"picked":"beaked:DigDeep+1","floor":25},{"not_picked":["beaked:Cower","beaked:Tradeoff"],"picked":"beaked:BraceForImpact","floor":28},{"not_picked":["beaked:FeelMyPain+1","beaked:Struggle","ReplayTheSpireMod:RavenHex"],"picked":"SKIP","floor":30},{"not_picked":["beaked:SacrificialScars","beaked:Brainwash"],"picked":"beaked:MachineEssence","floor":33},{"not_picked":["beaked:WarriorSpirit+1","beaked:MimicMachine+1","beaked:BraceForImpact"],"picked":"SKIP","floor":35},{"not_picked":["beaked:Insight","beaked:FakeOut"],"picked":"beaked:Resilience","floor":36}],"player_experience":689248,"relics_obtained":[{"floor":6,"key":"Lantern"},{"floor":9,"key":"trackpad:RapidFire"},{"floor":11,"key":"Gambling Chip"},{"floor":14,"key":"Toy Ornithopter"},{"floor":15,"key":"ReplayTheSpireMod:TigerMarble"},{"floor":30,"key":"CeramicFish"},{"floor":36,"key":"Replay:Mystery Machine"}],"event_choices":[{"damage_healed":0,"gold_gain":0,"player_choice":"Box","damage_taken":0,"relics_obtained":["halation:OrihimeAndHikoboshiSamaAndTears"],"max_hp_gain":0,"max_hp_loss":0,"event_name":"Big Fish","floor":0,"gold_loss":0,"cards_obtained":["Regret"]},{"damage_healed":0,"gold_gain":0,"player_choice":"Success","damage_taken":3,"relics_obtained":["trackpad:WritersBlock"],"max_hp_gain":0,"max_hp_loss":0,"event_name":"Scrap Ooze","floor":3,"gold_loss":0},{"damage_healed":0,"gold_gain":0,"player_choice":"Searched \u00272\u0027 times","damage_taken":0,"max_hp_gain":0,"max_hp_loss":0,"event_name":"Dead Adventurer","floor":14,"gold_loss":0},{"damage_healed":0,"gold_gain":0,"player_choice":"Bought 1 Potion","damage_taken":0,"max_hp_gain":0,"max_hp_loss":0,"event_name":"The Woman in Blue","floor":19,"gold_loss":0},{"damage_healed":0,"gold_gain":0,"cards_transformed":["beaked:Strike_Y"],"player_choice":"Transformed","damage_taken":0,"max_hp_gain":0,"max_hp_loss":0,"event_name":"Transmorgrifier","floor":27,"gold_loss":0,"cards_obtained":["beaked:Caw"]}],"is_beta":true,"boss_relics":[{"not_picked":["Philosopher\u0027s Stone","Ring of Chaos"],"picked":"conspire:RoyalGoblet"},{"not_picked":["SlaversCollar","Tiny House"],"picked":"beaked:BlessedCoat"}],"items_purged_floors":[2],"is_endless":false,"potions_floor_spawned":[1,5,10,16,22,25,30,37],"killed_by":"Nightmare_Alpha","ascension_level":0}}