{"host":"utqe55yv0jihe4d6","time":1612052633,"event":{"mods":["2.2 Compatiblity","AchievementEnabler","BaseMod","Block Reminder","Colored Map","Colored Powertips","Minty Spire (QoL Compilation)","Quick Restart","Rare Cards Sparkle","Relic Stats","SuperFastMode"],"gold_per_floor":[113,113,9,24,34,34,69,69,69,69,98,117,117,148,148,148,148],"floor_reached":16,"language":"ENG","playtime":398,"items_purged":["Regret"],"score":236,"play_id":"7f76141d-cd6a-415f-ae37-fe49a62770e3","local_time":"20210130192353","is_ascension_mode":true,"campfire_choices":[{"data":"Bash","floor":6,"key":"SMITH"},{"data":"Battle Trance","floor":10,"key":"SMITH"},{"data":"Uppercut","floor":13,"key":"SMITH"},{"data":"Spot Weakness","floor":15,"key":"SMITH"}],"circlet_count":0,"master_deck":["AscendersBane","Strike_R","Strike_R","Strike_R","Strike_R","Defend_R","Defend_R","Defend_R","Defend_R","Bash+1","Flame Barrier","Anger","Battle Trance+1","Headbutt","Uppercut+1","Spot Weakness+1","Fiend Fire"],"relics":["Burning Blood","TungstenRod","Smiling Mask","PreservedInsect","Kunai","Blood Vial","Prayer Wheel"],"acts_visited":["Exordium"],"potions_floor_usage":[7,14],"damage_taken":[{"damage":1,"enemies":"Cultist","floor":1,"turns":4},{"damage":7,"enemies":"Jaw Worm","floor":4,"turns":5},{"damage":2,"enemies":"2 Louse","floor":5,"turns":2},{"damage":8,"enemies":"Gremlin Nob","floor":7,"turns":3},{"damage":17,"enemies":"3 Sentries","floor":11,"turns":8},{"damage":11,"enemies":"Exordium Thugs","floor":12,"turns":4},{"damage":4,"enemies":"Gremlin Nob","floor":14,"turns":3},{"damage":67,"enemies":"Slime Boss","floor":16,"turns":7}],"seed_played":"4706781285149592732","potions_obtained":[{"floor":5,"key":"SmokeBomb"},{"floor":12,"key":"FearPotion"},{"floor":14,"key":"Strength Potion"}],"is_trial":false,"path_per_floor":["M","T","$","M","M","R","E","?","T","R","E","M","R","E","R","B"],"character_chosen":"IRONCLAD","items_purchased":["SteroidPotion"],"campfire_rested":0,"item_purchase_floors":[3],"current_hp_per_floor":[73,73,73,72,75,75,73,73,73,73,62,59,59,63,63,0,0],"gold":148,"neow_bonus":"ONE_RARE_RELIC","is_daily":false,"chose_seed":false,"campfire_upgraded":4,"win_rate":0.0,"timestamp":1612052633,"path_taken":["M","?","?","?","M","R","E","?","T","R","E","M","R","E","R","BOSS"],"items_purchased_type":["Potion"],"build_version":"2020-12-22","purchased_purges":1,"victory":false,"max_hp_per_floor":[75,75,75,75,75,75,75,75,75,75,75,75,75,75,75,75,75],"relic_stats":{"Blood Vial":6,"counters":[8,36],"Prayer Wheel":0,"PreservedInsect":56,"Kunai":[5],"Smiling Mask":25,"obtain_stats":[{"Blood Vial":11,"Prayer Wheel":14,"PreservedInsect":7,"Kunai":9,"Smiling Mask":2,"Burning Blood":0,"TungstenRod":0},{"Blood Vial":5,"Prayer Wheel":7,"PreservedInsect":4,"Kunai":4,"Smiling Mask":1,"Burning Blood":0,"TungstenRod":0},{"Blood Vial":22,"Prayer Wheel":29,"PreservedInsect":14,"Kunai":14,"Smiling Mask":4,"Burning Blood":0,"TungstenRod":0}],"Burning Blood":41,"TungstenRod":19},"card_choices":[{"not_picked":["Rampage","Burning Pact"],"picked":"Flame Barrier","floor":1},{"not_picked":["Flex","Heavy Blade"],"picked":"Anger","floor":4},{"not_picked":["Pummel","Armaments"],"picked":"Battle Trance","floor":5},{"not_picked":["Sever Soul","Reckless Charge"],"picked":"Headbutt","floor":7},{"not_picked":["Bloodletting","Dual Wield"],"picked":"Uppercut","floor":11},{"not_picked":["Clothesline","Uppercut"],"picked":"Spot Weakness","floor":12},{"not_picked":["Headbutt","Uppercut"],"picked":"Fiend Fire","floor":14}],"player_experience":2961402,"relics_obtained":[{"floor":2,"key":"Smiling Mask"},{"floor":7,"key":"PreservedInsect"},{"floor":9,"key":"Kunai"},{"floor":11,"key":"Blood Vial"},{"floor":14,"key":"Prayer Wheel"}],"event_choices":[{"cards_removed":["Strike_R"],"damage_healed":0,"gold_gain":0,"player_choice":"Purged","damage_taken":0,"max_hp_gain":0,"max_hp_loss":0,"event_name":"Purifier","floor":8,"gold_loss":0}],"is_beta":false,"boss_relics":[],"items_purged_floors":[3],"is_endless":false,"potions_floor_spawned":[5,12,14],"killed_by":"Slime Boss","ascension_level":20}}