{"host":"f0gpob8hq9vgebej","time":1612081475,"event":{"mods":["AchievementEnabler","BaseMod","Minty Spire (QoL Compilation)","Quick Restart","SuperFastMode"],"gold_per_floor":[113,124,199,214,233,233,260,136,211,71,71,71,87,114,114,190,190,209,84,103,119,138,138,138,138],"floor_reached":24,"language":"KOR","playtime":537,"items_purged":["Strike_R","Strike_R","Anger"],"score":364,"play_id":"09411deb-1e9a-4893-8a72-7da3407198a8","local_time":"20210131172435","is_ascension_mode":true,"campfire_choices":[{"data":"Sadistic Nature","floor":6.0,"key":"SMITH"},{"floor":12.0,"key":"REST"},{"data":"Uppercut","floor":15.0,"key":"SMITH"},{"floor":23,"key":"REST"}],"circlet_count":0,"master_deck":["AscendersBane","Bash","Sadistic Nature+1","Pommel Strike","Wild Strike","Clothesline","Thunderclap","Uppercut+1","Shrug It Off","Evolve","Seeing Red+1","Shockwave+1","Double Tap+1","Juggernaut","Shrug It Off+1","Infernal Blade+1","Spot Weakness+1","Double Tap+1","Flame Barrier+1","Disarm+1","Ghostly Armor+1","Havoc+1"],"relics":["Burning Blood","Magic Flower","Toxic Egg 2","Blood Vial","Akabeko","Pandora\u0027s Box"],"acts_visited":["Exordium","TheCity"],"potions_floor_usage":[16,16,24],"damage_taken":[{"damage":11.0,"enemies":"Jaw Worm","floor":1.0,"turns":4.0},{"damage":0.0,"enemies":"2 Louse","floor":2.0,"turns":3.0},{"damage":5.0,"enemies":"Small Slimes","floor":4.0,"turns":3.0},{"damage":26.0,"enemies":"Exordium Thugs","floor":5.0,"turns":4.0},{"damage":16.0,"enemies":"Gremlin Nob","floor":7.0,"turns":3.0},{"damage":6.0,"enemies":"Looter","floor":13.0,"turns":4.0},{"damage":20.0,"enemies":"3 Sentries","floor":14.0,"turns":5.0},{"damage":18,"enemies":"Slime Boss","floor":16,"turns":8},{"damage":44,"enemies":"2 Thieves","floor":18,"turns":4},{"damage":16,"enemies":"Spheric Guardian","floor":20,"turns":4},{"damage":7,"enemies":"Centurion and Healer","floor":21,"turns":5},{"damage":12,"enemies":"Cultist and Chosen","floor":22,"turns":6},{"damage":0,"enemies":"Gremlin Leader","floor":24,"turns":1}],"seed_played":"8733760143226798295","potions_obtained":[{"floor":4.0,"key":"SkillPotion"},{"floor":7.0,"key":"Explosive Potion"},{"floor":14.0,"key":"BlessingOfTheForge"},{"floor":21,"key":"PowerPotion"}],"is_trial":false,"path_per_floor":["M","M","?","M","M","R","E","$","T","$","?","R","M","E","R","B",null,"M","$","M","M","M","R","E"],"character_chosen":"IRONCLAD","items_purchased":["Shrug It Off","Evolve"],"campfire_rested":2,"item_purchase_floors":[8,10],"current_hp_per_floor":[63,68,57,58,38,38,28,28,28,28,17,37,43,35,35,29,58,26,26,22,27,27,47,50,50],"gold":138,"neow_bonus":"RANDOM_COLORLESS_2","is_daily":false,"chose_seed":false,"campfire_upgraded":2,"win_rate":0.0,"timestamp":1612081475,"path_taken":["M","M","?","M","M","R","E","$","T","$","?","R","M","E","R","BOSS","M","$","M","M","M","R","E"],"items_purchased_type":["Card","Card"],"build_version":"2020-12-22","purchased_purges":3,"victory":false,"max_hp_per_floor":[68,68,68,68,68,68,68,68,68,68,68,68,68,68,68,68,68,68,68,68,68,68,68,68,68],"card_choices":[{"not_picked":["Chrysalis","Magnetism"],"picked":"Sadistic Nature","floor":0.0},{"not_picked":["True Grit","Flame Barrier"],"picked":"Pommel Strike","floor":1.0},{"not_picked":["Dual Wield","True Grit"],"picked":"Wild Strike","floor":2.0},{"not_picked":["Sword Boomerang","Wild Strike"],"picked":"Clothesline","floor":4.0},{"not_picked":["Burning Pact","Heavy Blade"],"picked":"Thunderclap","floor":5.0},{"not_picked":["Inflame","Clothesline"],"picked":"Uppercut","floor":7.0},{"not_picked":["Bludgeon","Iron Wave"],"picked":"Seeing Red+1","floor":13.0},{"not_picked":["Combust","Havoc+1"],"picked":"Shockwave+1","floor":14.0},{"not_picked":["Berserk","Feed"],"picked":"Double Tap+1","floor":16},{"not_picked":["Searing Blow+1","Bloodletting+1"],"picked":"Disarm+1","floor":18},{"not_picked":["Clothesline","Ghostly Armor+1","Heavy Blade+1"],"picked":"SKIP","floor":20},{"not_picked":["Clothesline","Heavy Blade+1"],"picked":"Ghostly Armor+1","floor":20},{"not_picked":["Carnage","Perfected Strike"],"picked":"Havoc+1","floor":21},{"not_picked":["Blood for Blood","Feed","Ghostly Armor+1"],"picked":"SKIP","floor":22}],"player_experience":309685,"relics_obtained":[{"floor":7.0,"key":"Magic Flower"},{"floor":9.0,"key":"Toxic Egg 2"},{"floor":14.0,"key":"Akabeko"}],"event_choices":[{"damage_healed":0.0,"max_hp_gain":0.0,"max_hp_loss":0.0,"gold_gain":75.0,"event_name":"World of Goop","player_choice":"Gather Gold","floor":3.0,"gold_loss":0.0,"damage_taken":11.0},{"damage_healed":0.0,"max_hp_gain":0.0,"max_hp_loss":0.0,"gold_gain":0.0,"event_name":"Scrap Ooze","player_choice":"Success","floor":11.0,"gold_loss":0.0,"damage_taken":11.0,"relics_obtained":["Blood Vial"]}],"is_beta":false,"boss_relics":[{"not_picked":["Runic Dome","Runic Cube"],"picked":"Pandora\u0027s Box"}],"items_purged_floors":[8,10,19],"is_endless":false,"potions_floor_spawned":[4,7,14,21],"killed_by":"Gremlin Leader","ascension_level":15}}