{"host":"2js2pxuugveqjuf7","time":1612069785,"event":{"mods":["BaseMod","Colored Map","Minty Spire (QoL Compilation)","Quick Restart","Random Character Button","Relic Stats","StSLib"],"gold_per_floor":[17,32,45,45,62,62,62,96,96,106,122,154,154,181,181,285,285,302,302,227,227,242,271,271,303,303,263,282,282,299,1,1,105,105,125,138,138,138,150,150,177,177,177,211,211,240,36,62,62,62,62,62,33,68,68],"floor_reached":56,"language":"ENG","playtime":4152,"items_purged":["Defend_R","Defend_R"],"score":1785,"play_id":"2967e24d-338a-4e06-a34a-39ed133d851d","local_time":"20210130230945","is_ascension_mode":true,"campfire_choices":[{"data":"Uppercut","floor":6.0,"key":"SMITH"},{"data":"Demon Form","floor":13.0,"key":"SMITH"},{"data":"True Grit","floor":15.0,"key":"SMITH"},{"data":"Whirlwind","floor":24.0,"key":"SMITH"},{"floor":29.0,"key":"DIG"},{"floor":32.0,"key":"DIG"},{"floor":40.0,"key":"DIG"},{"floor":42.0,"key":"DIG"},{"floor":45.0,"key":"DIG"},{"floor":49,"key":"RECALL"},{"floor":52,"key":"DIG"}],"circlet_count":0,"master_deck":["AscendersBane","Strike_R","Strike_R","Strike_R","Strike_R","Sword Boomerang","Twin Strike","Uppercut+1","Dual Wield","Demon Form+1","Feel No Pain+1","Sentinel","True Grit+1","Whirlwind+1","Corruption+1","Burning Pact+1","Ghostly","Ghostly","Ghostly+1","Ghostly+1","Ghostly","Necronomicurse","Infernal Blade","Twin Strike","Heavy Blade","Dropkick+1","Dark Embrace+1","Night Terror","Feel No Pain+1","Turbo","PanicButton","Master of Strategy","Purity","Stack+1","Meditate+1","Shockwave+1","Skewer+1","Offering","Metallicize+1","PiercingWail","Feel No Pain+1","True Grit"],"relics":["Burning Blood","StrikeDummy","Question Card","Frozen Egg 2","Sundial","Bronze Scales","Sozu","Necronomicon","Shovel","White Beast Statue","Molten Egg 2","HornCleat","PrismaticShard","Pear","Fusion Hammer","Smiling Mask","Juzu Bracelet","Meat on the Bone","CeramicFish","Boot","Pantograph","Centennial Puzzle"],"acts_visited":["Exordium","TheCity","TheBeyond","TheEnding"],"potions_floor_usage":[55,55],"damage_taken":[{"damage":8.0,"enemies":"Small Slimes","floor":1.0,"turns":5.0},{"damage":1.0,"enemies":"Cultist","floor":2.0,"turns":3.0},{"damage":2.0,"enemies":"Jaw Worm","floor":3.0,"turns":3.0},{"damage":24.0,"enemies":"Large Slime","floor":5.0,"turns":6.0},{"damage":8.0,"enemies":"Gremlin Nob","floor":8.0,"turns":3.0},{"damage":14.0,"enemies":"3 Louse","floor":10.0,"turns":4.0},{"damage":18.0,"enemies":"Red Slaver","floor":11.0,"turns":4.0},{"damage":10.0,"enemies":"Lagavulin","floor":12.0,"turns":3.0},{"damage":18.0,"enemies":"Gremlin Nob","floor":14.0,"turns":4.0},{"damage":4.0,"enemies":"Hexaghost","floor":16.0,"turns":6.0},{"damage":8.0,"enemies":"Shell Parasite","floor":18.0,"turns":3.0},{"damage":0.0,"enemies":"3 Byrds","floor":22.0,"turns":3.0},{"damage":0.0,"enemies":"Gremlin Leader","floor":23.0,"turns":5.0},{"damage":7.0,"enemies":"Slavers","floor":25.0,"turns":7.0},{"damage":0.0,"enemies":"3 Cultists","floor":28.0,"turns":4.0},{"damage":0.0,"enemies":"Centurion and Healer","floor":30.0,"turns":5.0},{"damage":35.0,"enemies":"Collector","floor":33.0,"turns":7.0},{"damage":4.0,"enemies":"3 Shapes","floor":35.0,"turns":3.0},{"damage":0.0,"enemies":"Orb Walker","floor":36.0,"turns":3.0},{"damage":10.0,"enemies":"3 Darklings","floor":39.0,"turns":4.0},{"damage":0.0,"enemies":"Giant Head","floor":41.0,"turns":6.0},{"damage":31.0,"enemies":"Reptomancer","floor":44.0,"turns":6.0},{"damage":3.0,"enemies":"Sphere and 2 Shapes","floor":46.0,"turns":5.0},{"damage":1.0,"enemies":"Jaw Worm Horde","floor":48.0,"turns":3.0},{"damage":4,"enemies":"Time Eater","floor":50,"turns":7},{"damage":22,"enemies":"Shield and Spear","floor":54,"turns":4},{"damage":44,"enemies":"The Heart","floor":55,"turns":7}],"seed_played":"4082743790482574632","potions_obtained":[{"floor":10.0,"key":"GamblersBrew"},{"floor":11.0,"key":"SneckoOil"},{"floor":12.0,"key":"Dexterity Potion"},{"floor":14.0,"key":"BlessingOfTheForge"},{"floor":16.0,"key":"SkillPotion"}],"is_trial":false,"path_per_floor":["M","M","M","?","M","R","?","E","T","M","M","E","R","E","R","B",null,"M","?","?","?","M","E","R","E","T","?","M","R","M","$","R","B",null,"M","M","?","?","M","R","E","R","T","E","R","M","$","M","R","B",null,"R","$","E","B",null],"character_chosen":"IRONCLAD","items_purchased":["Dark Embrace+1","PrismaticShard","Offering","Metallicize+1","Feel No Pain+1"],"campfire_rested":0,"item_purchase_floors":[31,31,47,47,53],"current_hp_per_floor":[70,75,79,79,61,61,54,52,52,44,32,28,28,16,16,18,65,63,40,40,24,30,36,36,35,35,35,40,40,40,40,50,21,43,45,50,40,40,36,36,42,42,42,29,29,32,32,37,37,39,47,47,47,43,24],"gold":68,"neow_bonus":"REMOVE_TWO","is_daily":false,"chose_seed":false,"campfire_upgraded":4,"win_rate":0.0,"timestamp":1612069785,"path_taken":["M","M","M","?","?","R","?","E","T","M","M","E","R","E","R","BOSS","M","?","?","?","M","E","R","E","T","?","M","R","?","$","R","BOSS","M","M","?","?","M","R","E","R","T","E","R","M","$","M","R","BOSS","R","$","E","BOSS"],"items_purchased_type":["Card","Relic","Card","Card","Card"],"build_version":"2020-12-22","purchased_purges":2,"victory":true,"max_hp_per_floor":[80,80,80,80,80,80,80,80,80,80,80,80,80,80,80,80,80,80,40,40,40,40,40,40,40,40,40,40,40,40,40,50,50,50,50,50,50,50,50,50,50,50,50,50,50,50,50,50,50,50,50,50,50,50,50],"relic_stats":{"counters":[27,123],"CeramicFish":63,"Juzu Bracelet":0,"Question Card":23,"Smiling Mask":50,"Boot":[9],"Burning Blood":154,"Sozu":13,"Centennial Puzzle":[3],"Shovel":6,"Sundial":[8],"Bronze Scales":[370],"Pantograph":7,"Necronomicon":[37],"obtain_stats":[{"Pear":32,"CeramicFish":44,"Juzu Bracelet":41,"Frozen Egg 2":9,"Question Card":8,"PrismaticShard":31,"Smiling Mask":40,"Boot":45,"Burning Blood":0,"White Beast Statue":25,"Sozu":17,"Centennial Puzzle":54,"Shovel":23,"HornCleat":29,"Sundial":12,"Bronze Scales":14,"Pantograph":52,"Molten Egg 2":26,"Fusion Hammer":34,"Necronomicon":21,"StrikeDummy":7,"Meat on the Bone":42},{"Pear":16,"CeramicFish":22,"Juzu Bracelet":21,"Frozen Egg 2":5,"Question Card":5,"PrismaticShard":16,"Smiling Mask":20,"Boot":22,"Burning Blood":0,"White Beast Statue":14,"Sozu":10,"Centennial Puzzle":26,"Shovel":13,"HornCleat":15,"Sundial":8,"Bronze Scales":9,"Pantograph":25,"Molten Egg 2":14,"Fusion Hammer":17,"Necronomicon":11,"StrikeDummy":4,"Meat on the Bone":21},{"Pear":68,"CeramicFish":97,"Juzu Bracelet":91,"Frozen Egg 2":20,"Question Card":20,"PrismaticShard":68,"Smiling Mask":85,"Boot":97,"Burning Blood":0,"White Beast Statue":59,"Sozu":41,"Centennial Puzzle":116,"Shovel":52,"HornCleat":63,"Sundial":31,"Bronze Scales":35,"Pantograph":112,"Molten Egg 2":59,"Fusion Hammer":75,"Necronomicon":44,"StrikeDummy":17,"Meat on the Bone":91}],"Meat on the Bone":36},"card_choices":[{"not_picked":["Pommel Strike","Headbutt"],"picked":"Sword Boomerang","floor":1.0},{"not_picked":["Armaments","Clothesline"],"picked":"Twin Strike","floor":2.0},{"not_picked":["Warcry","Entrench"],"picked":"Uppercut","floor":3.0},{"not_picked":["Entrench","True Grit"],"picked":"Dual Wield","floor":5.0},{"not_picked":["Flex","Fire Breathing"],"picked":"Demon Form","floor":8.0},{"not_picked":["Intimidate","Armaments","Searing Blow"],"picked":"Feel No Pain+1","floor":10.0},{"not_picked":["Wild Strike","Cleave","Armaments"],"picked":"Sentinel","floor":11.0},{"not_picked":["Wild Strike","Hemokinesis","Pummel"],"picked":"True Grit","floor":12.0},{"not_picked":["Combust+1","Seeing Red","Havoc"],"picked":"Whirlwind","floor":14.0},{"not_picked":["Reaper","Feed","Juggernaut+1"],"picked":"Corruption+1","floor":16.0},{"not_picked":["Wild Strike","Dropkick","Perfected Strike"],"picked":"Burning Pact+1","floor":18.0},{"not_picked":["Flex","Iron Wave","Ghostly Armor"],"picked":"Infernal Blade","floor":22.0},{"not_picked":["Shrug It Off","Headbutt+1","Armaments"],"picked":"Twin Strike","floor":23.0},{"not_picked":["Juggernaut+1","Dual Wield","Demon Form+1"],"picked":"Heavy Blade","floor":25.0},{"not_picked":["Perfected Strike+1","Sword Boomerang+1","Iron Wave+1"],"picked":"Dropkick+1","floor":28.0},{"not_picked":["Rampage+1","Rage","Anger+1","Perfected Strike+1"],"picked":"SKIP","floor":30.0},{"not_picked":["Berserk+1","Magnetism+1","Violence"],"picked":"Night Terror","floor":33.0},{"not_picked":["PanicButton","CutThroughFate+1","Warcry"],"picked":"Feel No Pain+1","floor":35.0},{"not_picked":["Bane+1","BowlingBash+1","Jack Of All Trades"],"picked":"Turbo","floor":36.0},{"not_picked":["Finesse","Good Instincts","Deep Breath"],"picked":"PanicButton","floor":37.0},{"not_picked":["Violence","Purity","PanicButton"],"picked":"Master of Strategy","floor":37.0},{"not_picked":["Forethought","Thinking Ahead","Panacea"],"picked":"Purity","floor":37.0},{"not_picked":["Dagger Throw+1","Leap+1","Bloodletting+1"],"picked":"Stack+1","floor":39.0},{"not_picked":["Conserve Battery+1","Loop+1","Deflect+1"],"picked":"Meditate+1","floor":41.0},{"not_picked":["Warcry+1","Protect+1","Chill+1"],"picked":"Shockwave+1","floor":44.0},{"not_picked":["Inflame+1","Slice+1","Hemokinesis+1"],"picked":"Skewer+1","floor":46.0},{"not_picked":["WindmillStrike+1","Mind Blast+1","Prepared"],"picked":"PiercingWail","floor":48.0},{"not_picked":["Force Field","Stack+1","MasterReality+1"],"picked":"True Grit","floor":54}],"player_experience":349417,"relics_obtained":[{"floor":8.0,"key":"Question Card"},{"floor":9.0,"key":"Frozen Egg 2"},{"floor":12.0,"key":"Sundial"},{"floor":14.0,"key":"Bronze Scales"},{"floor":21.0,"key":"Necronomicon"},{"floor":23.0,"key":"Shovel"},{"floor":25.0,"key":"White Beast Statue"},{"floor":26.0,"key":"Molten Egg 2"},{"floor":29.0,"key":"HornCleat"},{"floor":32.0,"key":"Pear"},{"floor":40.0,"key":"Smiling Mask"},{"floor":41.0,"key":"Juzu Bracelet"},{"floor":42.0,"key":"Meat on the Bone"},{"floor":44.0,"key":"CeramicFish"},{"floor":45.0,"key":"Boot"},{"floor":52,"key":"Pantograph"},{"floor":54,"key":"Centennial Puzzle"}],"event_choices":[{"cards_removed":["Bash"],"damage_healed":0.0,"max_hp_gain":0.0,"max_hp_loss":0.0,"gold_gain":0.0,"event_name":"Purifier","player_choice":"Purged","floor":4.0,"gold_loss":0.0,"damage_taken":0.0},{"damage_healed":0.0,"max_hp_gain":0.0,"max_hp_loss":0.0,"gold_gain":0.0,"event_name":"Scrap Ooze","player_choice":"Success","floor":7.0,"gold_loss":0.0,"damage_taken":7.0,"relics_obtained":["StrikeDummy"]},{"damage_healed":0.0,"max_hp_gain":0.0,"max_hp_loss":40.0,"gold_gain":0.0,"event_name":"Ghosts","player_choice":"Became a Ghost","floor":19.0,"gold_loss":0.0,"damage_taken":0.0,"cards_obtained":["Ghostly","Ghostly","Ghostly","Ghostly","Ghostly"]},{"cards_removed":["Defend_R"],"damage_healed":0.0,"max_hp_gain":0.0,"max_hp_loss":0.0,"gold_gain":0.0,"event_name":"Beggar","player_choice":"Gave Gold","floor":20.0,"gold_loss":75.0,"damage_taken":0.0},{"damage_healed":0.0,"max_hp_gain":0.0,"max_hp_loss":0.0,"gold_gain":0.0,"event_name":"Cursed Tome","player_choice":"Obtained Book","floor":21.0,"gold_loss":0.0,"damage_taken":16.0},{"damage_healed":0.0,"max_hp_gain":0.0,"max_hp_loss":0.0,"gold_gain":0.0,"event_name":"Designer","player_choice":"Upgraded Two","floor":27.0,"gold_loss":40.0,"damage_taken":0.0,"cards_upgraded":["Ghostly","Ghostly"]},{"damage_healed":0.0,"max_hp_gain":0.0,"max_hp_loss":0.0,"gold_gain":0.0,"event_name":"SensoryStone","player_choice":"Memory 3","floor":37.0,"gold_loss":0.0,"damage_taken":10.0},{"damage_healed":0.0,"max_hp_gain":0.0,"max_hp_loss":0.0,"gold_gain":0.0,"event_name":"Tomb of Lord Red Mask","player_choice":"Ignored","floor":38.0,"gold_loss":0.0,"damage_taken":0.0}],"is_beta":false,"boss_relics":[{"not_picked":["Tiny House","Runic Cube"],"picked":"Sozu"},{"not_picked":["SacredBark","Cursed Key"],"picked":"Fusion Hammer"}],"items_purged_floors":[31,47],"is_endless":false,"potions_floor_spawned":[10,11,12,14,16,22,23,28,30,33,35,36,39,41,44,46,48,54],"ascension_level":10}}