{"host":"0uumfqrc8aynrssa","time":1612080921,"event":{"mods":["AchievementEnabler","Act Like it!","Aspiration","Astrologer","BaseMod","Better Altar","Better Match","Better Note","Better Sensory Stone","Better Skull","Better Third Choice","Better Vampires","CapriCore","Colored Map","Colored Powertips","Conspire","Downfall","Energized Spire","Friendly Minions","Gensokyo","GifTheSpireLib","Hallownest","Hermit","Highlight Path","Hubris","Infinite Spire","Koishi","Marisa????????","Marked Mod","Minty Spire (QoL Compilation)","Pale of the Ancients","Permanent Neow","Potionbrewer","Random Character Button","Rare Cards Sparkle","Reimu??????","Relic Sorter","Reliquary","Remilia??????","Robot Space Explorer","Shop Mod","Somnambulant","Spicy Shops","Spikes Relics","Spire Arcade","StSLib","Stuff the Spire","The Animator","The Awakened One except there are too many feathers","The Bug Knight","The Cursed","The Hierophant","The Immortal","The Marked","The Problem Sleuth","The Runesmith","The Servant 0.9.4","TheBandit","TheFirefly","Trackpad","Wandering Minibosses","everything is the same but u backflip on backflip","slay the spire mod where everything is the same but ironclad has a cowboy hat"],"gold_per_floor":[115,126,27,27,27,27,39,64,90,100,100,100,116,127,127,231,231,250,270,7,7,18,18,18,18,45,72,72,72],"floor_reached":28,"language":"ENG","playtime":1629,"items_purged":["Eruption","WreathOfFlame","Strike_P"],"score":250,"play_id":"f4aa22e3-b0e9-4603-8a75-3395fd930920","local_time":"20210131031521","is_ascension_mode":true,"campfire_choices":[{"data":"Prostrate","floor":6,"key":"SMITH"},{"data":"Sanctity","floor":11,"key":"SMITH"},{"floor":15,"key":"REST"},{"data":"Prostrate","floor":23,"key":"SMITH"}],"circlet_count":0,"master_deck":["Strike_P","Strike_P","Strike_P","Defend_P","Defend_P","Defend_P","Defend_P","Prostrate+1","CutThroughFate","Evaluate+1","ReachHeaven+1","Sanctity+1","Judgement","WindmillStrike","Alpha","LikeWater","ClearTheMind+1","Pray","Prostrate+1","SandsOfTime"],"relics":["PureWater"],"acts_visited":["Exordium","TheCity"],"potions_floor_usage":[8,8,16,16,16,19,28,28],"damage_taken":[{"damage":11,"enemies":"Jaw Worm","floor":1,"turns":3},{"damage":0,"enemies":"Cultist","floor":2,"turns":2},{"damage":0,"enemies":"2 Louse","floor":7,"turns":2},{"damage":34,"enemies":"Lagavulin","floor":8,"turns":9},{"damage":9,"enemies":"Large Slime","floor":10,"turns":6},{"damage":0,"enemies":"Blue Slaver","floor":13,"turns":3},{"damage":2,"enemies":"Exordium Wildlife","floor":14,"turns":2},{"damage":13,"enemies":"The Guardian","floor":16,"turns":7},{"damage":14,"enemies":"3 Byrds","floor":18,"turns":4},{"damage":0,"enemies":"Spheric Guardian","floor":19,"turns":2},{"damage":11,"enemies":"Snecko","floor":22,"turns":5},{"damage":43,"enemies":"Book of Stabbing","floor":27,"turns":5},{"damage":14,"enemies":"Shelled Parasite and Fungi","floor":28,"turns":4}],"seed_played":"-3939437932734218902","potions_obtained":[{"floor":1,"key":"Regen Potion"},{"floor":4,"key":"potionbrewer:BarricadePotion"},{"floor":4,"key":"SneckoOil"},{"floor":10,"key":"DuplicationPotion"},{"floor":14,"key":"Regen Potion"},{"floor":18,"key":"potionbrewer:AcidPotion"},{"floor":22,"key":"Guardian:BlockOnCardUsePotion"},{"floor":27,"key":"BottledMiracle"}],"is_trial":false,"path_per_floor":["M","M","$","?","$","R","M","E","T","M","R","?","M","M","R","B",null,"M","M","$","?","M","R","?","$","T","E","M"],"character_chosen":"WATCHER","items_purchased":["Evaluate","Pray"],"campfire_rested":1,"item_purchase_floors":[3,20],"current_hp_per_floor":[61,61,61,61,61,61,61,41,41,32,32,18,18,16,37,39,72,58,58,58,65,54,54,54,54,54,11,0,0],"gold":72,"neow_bonus":"TRANSFORM_CARD","is_daily":false,"chose_seed":false,"campfire_upgraded":3,"win_rate":0.0,"timestamp":1612080921,"path_taken":["M","M","$","?","?","R","M","E","T","M","R","?","M","M","R","BOSS","M","M","$","?","M","R","?","?","T","E","?"],"items_purchased_type":["Card","Card"],"build_version":"2020-12-22","purchased_purges":3,"victory":false,"max_hp_per_floor":[72,72,72,72,72,72,72,72,72,72,72,72,72,72,72,72,72,72,72,72,72,72,72,72,72,72,72,72,72],"card_choices":[{"not_picked":["FollowUp","Halt"],"picked":"Prostrate","floor":1},{"not_picked":["WheelKick","JustLucky"],"picked":"CutThroughFate","floor":2},{"not_picked":["BowlingBash","ThirdEye"],"picked":"ReachHeaven","floor":7},{"not_picked":["CutThroughFate","SignatureMove"],"picked":"Sanctity","floor":8},{"not_picked":["ClearTheMind","CrushJoints","Halt"],"picked":"SKIP","floor":10},{"not_picked":["CutThroughFate","ForeignInfluence"],"picked":"Judgement","floor":13},{"not_picked":["MarkedMod:FirstStrike","Halt"],"picked":"WindmillStrike","floor":14},{"not_picked":["Scrawl","Wish"],"picked":"Alpha","floor":16},{"not_picked":["LikeWater","JustLucky","EmptyFist+1"],"picked":"SKIP","floor":18},{"not_picked":["JustLucky","EmptyFist+1"],"picked":"LikeWater","floor":18},{"not_picked":["InnerPeace+1","Pray"],"picked":"ClearTheMind+1","floor":19},{"not_picked":["Crescendo","CutThroughFate"],"picked":"Prostrate","floor":22},{"not_picked":["Halt","MarkedMod:Acupuncture"],"picked":"SandsOfTime","floor":27}],"player_experience":942931,"relics_obtained":[],"event_choices":[{"damage_healed":0,"gold_gain":0,"player_choice":"Got Potions","damage_taken":0,"max_hp_gain":0,"max_hp_loss":0,"event_name":"Lab","floor":4,"gold_loss":0},{"damage_healed":32,"gold_gain":0,"player_choice":"Upgrade","damage_taken":14,"max_hp_gain":0,"max_hp_loss":72,"event_name":"betterThird:BetterShining","floor":12,"gold_loss":0,"cards_upgraded":["Evaluate","ReachHeaven"]},{"damage_healed":0,"gold_gain":0,"player_choice":"Leave","damage_taken":0,"max_hp_gain":0,"max_hp_loss":0,"event_name":"FaceTrader","floor":24,"gold_loss":0}],"is_beta":false,"boss_relics":[{"not_picked":["energizedSpire:CursedPentagram","bronze:MakeshiftBattery","potionbrewer:BhaskarasWheel"]}],"items_purged_floors":[3,20,20],"is_endless":false,"potions_floor_spawned":[1,10,14,18,22,27],"killed_by":"Shelled Parasite and Fungi","ascension_level":1}}