{"host":"pzgr3gbl0nac7xxx","time":1612124043,"event":{"mods":["BaseMod","Downfall","Minty Spire (QoL Compilation)","Replay The Spire","StSLib","The Blue Laboratory","The Cursed","The Servant 0.9.4"],"gold_per_floor":[110,285,146,158,168,168,196,196,223,250,24,24,34,10,10,109,109,120,167,167,167,167,167,194,194,194,194,194,194,109,34,34,134,134,148,69,89,108,158,110,110,10,35,99,141,141,141,153,153],"floor_reached":48,"language":"ENG","playtime":2141,"items_purged":["downfall:Bewildered","Strike_G"],"score":551,"play_id":"76eac752-dd0e-48be-b46d-219ea9d3759f","local_time":"20210131141403","is_ascension_mode":true,"campfire_choices":[{"data":"Deadly Poison","floor":6,"key":"SMITH"},{"data":"ReplayTheSpireMod:The Works","floor":8,"key":"SMITH"},{"floor":15,"key":"DIG"},{"floor":23,"key":"REST"},{"floor":25,"key":"REST"},{"floor":27,"key":"REST"},{"data":"Sucker Punch","floor":29,"key":"SMITH"},{"data":"Glass Knife","floor":32,"key":"SMITH"},{"floor":41,"key":"REST"},{"floor":46,"key":"REST"}],"circlet_count":0,"master_deck":["Strike_G","Strike_G","Strike_G","Strike_G","Defend_G","Defend_G","Defend_G","Defend_G","Defend_G","Survivor","Neutralize","Deadly Poison+1","Infinite Blades","Sucker Punch+1","ReplayTheSpireMod:The Works+1","Dagger Spray","Poisoned Stab+1","Glass Knife+1","Hidden Blade+1","Bullet Time","Blade Dance","ReplayTheSpireMod:Speed Training+1","Backflip","Specialist","Specialist","Footwork","Hidden Blade+1","Accuracy+1","ReplayTheSpireMod:Faulty Equipment","Replay:Poison Smokescreen","Escape Plan"],"relics":["Ring of the Snake","Blue Doll","Juzu Bracelet","Oddly Smooth Stone","Gremlin Horn","Toy Ornithopter","Orichalcum","Busted Crown","sneckomod:BabySnecko","Matryoshka","Boot","Sundial","Prayer Wheel","Bag of Preparation","WristBlade","Ring of Greed","Replay:Bandana","Replay:Wax Seal","Potion Belt","Nunchaku","Ancient Tea Set","Thread and Needle"],"acts_visited":["Exordium","TheCity","TheBeyond"],"potions_floor_usage":[7,16,16,16,18,24,24,45,48,48],"damage_taken":[{"damage":0,"enemies":"2 Louse","floor":1,"turns":3},{"damage":1,"enemies":"Cultist","floor":4,"turns":3},{"damage":3,"enemies":"Jaw Worm","floor":5,"turns":6},{"damage":29,"enemies":"Gremlin Nob","floor":7,"turns":5},{"damage":30,"enemies":"Lagavulin","floor":10,"turns":8},{"damage":2,"enemies":"Red Slaver","floor":13,"turns":4},{"damage":19,"enemies":"Hexaghost","floor":16,"turns":12},{"damage":23,"enemies":"Spheric Guardian","floor":18,"turns":4},{"damage":13,"enemies":"Book of Stabbing","floor":24,"turns":4},{"damage":89,"enemies":"Collector","floor":33,"turns":11},{"damage":15,"enemies":"3 Darklings","floor":35,"turns":6},{"damage":0,"enemies":"Orb Walker","floor":37,"turns":3},{"damage":6,"enemies":"4 Shapes","floor":38,"turns":5},{"damage":31,"enemies":"Nemesis","floor":40,"turns":5},{"damage":7,"enemies":"Mind Bloom Boss Battle","floor":44,"turns":6},{"damage":0,"enemies":"Transient","floor":45,"turns":5},{"damage":94,"enemies":"Time Eater","floor":48,"turns":10}],"seed_played":"423484893724493336","potions_obtained":[{"floor":4,"key":"Venom Potion"},{"floor":7,"key":"SpeedPotion"},{"floor":10,"key":"Toxic Potion"},{"floor":12,"key":"blueLaboratory:HummingbirdPotion"},{"floor":16,"key":"Fire Potion"},{"floor":18,"key":"LiquidBronze"},{"floor":19,"key":"FairyPotion"},{"floor":19,"key":"SkillPotion"},{"floor":33,"key":"Doom Potion"},{"floor":37,"key":"blueLaboratory:PyrophylliteBrew"},{"floor":44,"key":"AttackPotion"}],"is_trial":false,"path_per_floor":["M","?","?","M","M","R","E","R","T","E","$","?","M","$","R","B",null,"M","?","?","?","?","R","E","R","T","R","?","R","?","$","R","B",null,"M","$","M","M","?","E","R","$","T","?","M","R","?","B"],"character_chosen":"THE_SILENT","items_purchased":["Toy Ornithopter","Poisoned Stab+1","ColorlessPotion","Hidden Blade+1","Specialist","Footwork"],"campfire_rested":5,"item_purchase_floors":[11,11,11,14,36,36],"current_hp_per_floor":[77,77,77,76,73,73,44,44,44,14,14,14,12,12,12,8,77,54,24,24,10,10,34,31,55,55,79,79,79,79,79,79,24,82,67,67,67,61,61,30,54,54,54,47,52,76,76,0,0],"gold":153,"neow_bonus":"TEN_PERCENT_HP_BONUS","is_daily":false,"chose_seed":false,"campfire_upgraded":4,"win_rate":0.0,"timestamp":1612124043,"path_taken":["M","?","?","?","M","R","E","R","T","E","?","?","M","$","R","BOSS","M","?","?","?","?","R","E","R","T","R","?","R","?","?","R","BOSS","M","$","M","M","?","E","R","$","T","?","M","R","?","BOSS"],"items_purchased_type":["Relic","Card","Potion","Card","Card","Card"],"build_version":"2020-12-22","purchased_purges":2,"victory":false,"max_hp_per_floor":[77,77,77,77,77,77,77,77,77,77,77,77,77,77,77,77,77,77,77,77,82,82,82,82,82,82,82,82,82,82,82,82,82,82,82,82,82,82,82,82,82,82,82,82,82,82,82,82,82],"card_choices":[{"not_picked":["Dodge and Roll","ReplayTheSpireMod:Scrap Shanks"],"picked":"Deadly Poison","floor":1},{"not_picked":["Bane","Hidden Blade"],"picked":"Infinite Blades","floor":4},{"not_picked":["Endless Agony","Masterful Stab"],"picked":"Sucker Punch","floor":5},{"not_picked":["Dodge and Roll","Bane"],"picked":"ReplayTheSpireMod:The Works","floor":7},{"not_picked":["Prepared","ReplayTheSpireMod:Shiv Toss"],"picked":"Dagger Spray","floor":10},{"not_picked":["Cloak And Dagger","Poisoned Stab"],"picked":"Glass Knife","floor":13},{"not_picked":["Replay:Bag of Tricks","Poison Darts"],"picked":"Bullet Time","floor":16},{"not_picked":[],"picked":"Blade Dance","floor":18},{"not_picked":[],"picked":"ReplayTheSpireMod:Speed Training+1","floor":19},{"not_picked":["Underhanded Strike"],"picked":"SKIP","floor":24},{"not_picked":[],"picked":"Backflip","floor":35},{"not_picked":["Dagger Spray"],"picked":"SKIP","floor":35},{"not_picked":["ReplayTheSpireMod:Shiv Toss"],"picked":"SKIP","floor":37},{"not_picked":["Dagger Spray"],"picked":"SKIP","floor":37},{"not_picked":[],"picked":"Hidden Blade+1","floor":38},{"not_picked":["Eviscerate"],"picked":"SKIP","floor":38},{"not_picked":[],"picked":"Accuracy+1","floor":40},{"not_picked":[],"picked":"Replay:Poison Smokescreen","floor":44},{"not_picked":[],"picked":"Escape Plan","floor":45},{"not_picked":["Predator"],"picked":"SKIP","floor":45}],"player_experience":157032,"relics_obtained":[{"floor":7,"key":"Juzu Bracelet"},{"floor":9,"key":"Oddly Smooth Stone"},{"floor":10,"key":"Gremlin Horn"},{"floor":15,"key":"Orichalcum"},{"floor":24,"key":"Matryoshka"},{"floor":26,"key":"Boot"},{"floor":26,"key":"Sundial"},{"floor":39,"key":"Ring of Greed"},{"floor":39,"key":"Replay:Bandana"},{"floor":39,"key":"Replay:Wax Seal"},{"floor":40,"key":"Potion Belt"},{"floor":43,"key":"Nunchaku"},{"floor":43,"key":"Ancient Tea Set"},{"floor":44,"key":"Thread and Needle"}],"event_choices":[{"damage_healed":0,"gold_gain":175,"player_choice":"AGREE","damage_taken":0,"max_hp_gain":0,"max_hp_loss":0,"event_name":"Liars Game","floor":2,"gold_loss":0,"cards_obtained":["Doubt"]},{"damage_healed":0,"gold_gain":0,"player_choice":"Paid Gold","damage_taken":0,"relics_obtained":["Blue Doll"],"max_hp_gain":0,"max_hp_loss":0,"event_name":"WeMeetAgain","floor":3,"gold_loss":139},{"damage_healed":0,"gold_gain":0,"player_choice":"Got Potions","damage_taken":0,"max_hp_gain":0,"max_hp_loss":0,"event_name":"Lab","floor":12,"gold_loss":0},{"cards_removed":["Doubt"],"damage_healed":0,"gold_gain":0,"player_choice":"Removed Curses","damage_taken":0,"max_hp_gain":0,"max_hp_loss":0,"event_name":"Fountain of Cleansing","floor":20,"gold_loss":0},{"damage_healed":0,"gold_gain":0,"player_choice":"Shed Blood","damage_taken":19,"max_hp_gain":5,"max_hp_loss":0,"event_name":"Forgotten Altar","floor":21,"gold_loss":0},{"damage_healed":0,"gold_gain":0,"player_choice":"Obtained Relic","damage_taken":0,"relics_obtained":["Bag of Preparation"],"max_hp_gain":0,"max_hp_loss":0,"event_name":"Addict","floor":30,"gold_loss":85},{"damage_healed":0,"gold_gain":0,"player_choice":"Fight","damage_taken":0,"max_hp_gain":0,"max_hp_loss":0,"event_name":"MindBloom","floor":44,"gold_loss":0},{"damage_healed":0,"gold_gain":0,"player_choice":"Took Portal","damage_taken":0,"max_hp_gain":0,"max_hp_loss":0,"event_name":"SecretPortal","floor":47,"gold_loss":0}],"is_beta":false,"boss_relics":[{"not_picked":["Honey Jar","Replay:Bronze Core"],"picked":"Busted Crown"},{"not_picked":["SlaversCollar","ReplayTheSpireMod:DimensionalGlitch"],"picked":"WristBlade"}],"items_purged_floors":[31,42],"is_endless":false,"potions_floor_spawned":[4,7,10,16,18,33,37,44],"killed_by":"Time Eater","ascension_level":2}}