{"host":"d52brwsy6af8zvaq","time":1612116905,"event":{"mods":["AchievementEnabler","BaseMod","Bestiary","Highlight Path","Minty Spire (QoL Compilation)","Quick Restart","Relic Stats","ojb\u0027s Better Paths Mod"],"gold_per_floor":[119,119,138,155,173,173,205,217,217,217,251,261,261,286,286,364,364,320,332,344,344,344],"floor_reached":21,"language":"ENG","playtime":892,"items_purged":[],"score":406,"play_id":"6dbcf927-a7cb-42df-9888-50fc68def568","local_time":"20210131111505","is_ascension_mode":true,"campfire_choices":[{"data":"Bane","floor":6.0,"key":"SMITH"},{"floor":10.0,"key":"REST"},{"floor":15.0,"key":"REST"}],"circlet_count":0,"master_deck":["AscendersBane","Strike_G","Strike_G","Strike_G","Strike_G","Defend_G","Defend_G","Defend_G","Defend_G","Defend_G","Survivor","Neutralize","Deadly Poison","PiercingWail","Bane+1","Flying Knee","Backstab","Footwork","Dagger Spray","Skewer","Blur","Noxious Fumes","After Image","Adrenaline","Cloak And Dagger","Outmaneuver","Footwork"],"relics":["Ring of the Snake","Girya","Peace Pipe","Mummified Hand","Pocketwatch","Runic Dome"],"acts_visited":["Exordium","TheCity"],"potions_floor_usage":[21],"damage_taken":[{"damage":3.0,"enemies":"Jaw Worm","floor":1.0,"turns":5.0},{"damage":1.0,"enemies":"Small Slimes","floor":3.0,"turns":5.0},{"damage":6.0,"enemies":"Cultist","floor":4.0,"turns":4.0},{"damage":8.0,"enemies":"Blue Slaver","floor":5.0,"turns":3.0},{"damage":18.0,"enemies":"3 Sentries","floor":7.0,"turns":9.0},{"damage":6.0,"enemies":"3 Louse","floor":8.0,"turns":2.0},{"damage":16.0,"enemies":"Lagavulin","floor":11.0,"turns":6.0},{"damage":1.0,"enemies":"Looter","floor":12.0,"turns":3.0},{"damage":4.0,"enemies":"Gremlin Nob","floor":14.0,"turns":4.0},{"damage":10.0,"enemies":"Hexaghost","floor":16.0,"turns":9.0},{"damage":14.0,"enemies":"2 Thieves","floor":18.0,"turns":5.0},{"damage":13.0,"enemies":"Shell Parasite","floor":19.0,"turns":5.0},{"damage":15.0,"enemies":"Snake Plant","floor":20.0,"turns":4.0},{"damage":21,"enemies":"Masked Bandits","floor":21,"turns":4}],"seed_played":"7389520738694721408","potions_obtained":[{"floor":1.0,"key":"GhostInAJar"},{"floor":4.0,"key":"SpeedPotion"},{"floor":11.0,"key":"Weak Potion"},{"floor":19.0,"key":"Explosive Potion"}],"is_trial":false,"path_per_floor":["M","?","M","M","M","R","E","M","T","R","E","M","?","E","R","B",null,"M","M","M","?"],"character_chosen":"THE_SILENT","items_purchased":[],"campfire_rested":2,"item_purchase_floors":[],"current_hp_per_floor":[56,56,55,49,41,41,23,17,17,36,20,19,19,15,34,24,56,42,29,14,0,0],"gold":344,"neow_bonus":"THREE_CARDS","is_daily":false,"chose_seed":false,"campfire_upgraded":1,"win_rate":0.0,"timestamp":1612116905,"path_taken":["M","?","M","M","M","R","E","M","T","R","E","M","?","E","R","BOSS","M","M","M","?"],"items_purchased_type":[],"build_version":"2020-12-22","purchased_purges":0,"victory":false,"max_hp_per_floor":[66,66,66,66,66,66,66,66,66,66,66,66,66,66,66,66,66,66,66,66,66,66],"relic_stats":{"Peace Pipe":0,"counters":[14,68],"Mummified Hand":[14],"obtain_stats":[{"Peace Pipe":9,"Girya":7,"Runic Dome":17,"Mummified Hand":11,"Ring of the Snake":0,"Pocketwatch":14},{"Peace Pipe":6,"Girya":5,"Runic Dome":10,"Mummified Hand":7,"Ring of the Snake":0,"Pocketwatch":9},{"Peace Pipe":28,"Girya":26,"Runic Dome":50,"Mummified Hand":34,"Ring of the Snake":0,"Pocketwatch":41}],"Ring of the Snake":[28],"Pocketwatch":[18]},"card_choices":[{"not_picked":["Sucker Punch","PiercingWail"],"picked":"Deadly Poison","floor":0.0},{"not_picked":["Prepared","Infinite Blades"],"picked":"PiercingWail","floor":1.0},{"not_picked":["PiercingWail","Slice"],"picked":"Flying Knee","floor":3.0},{"not_picked":["Eviscerate","Backflip"],"picked":"Backstab","floor":4.0},{"not_picked":["Backflip","Dagger Spray"],"picked":"Footwork","floor":5.0},{"not_picked":["Backflip","Bane"],"picked":"Dagger Spray","floor":7.0},{"not_picked":["Poisoned Stab","Outmaneuver"],"picked":"Skewer","floor":8.0},{"not_picked":["Tactician","Reflex"],"picked":"Blur","floor":11.0},{"not_picked":["Bane","Poisoned Stab"],"picked":"Noxious Fumes","floor":12.0},{"not_picked":["Dodge and Roll","Bane"],"picked":"After Image","floor":14.0},{"not_picked":["Night Terror","Phantasmal Killer"],"picked":"Adrenaline","floor":16.0},{"not_picked":["Setup","Deflect"],"picked":"Cloak And Dagger","floor":18.0},{"not_picked":["Heel Hook+1","Tactician","Outmaneuver"],"picked":"SKIP","floor":19.0},{"not_picked":["Heel Hook+1","Tactician"],"picked":"Outmaneuver","floor":19.0},{"not_picked":["PiercingWail","Dodge and Roll"],"picked":"Footwork","floor":20.0}],"player_experience":2085966,"relics_obtained":[{"floor":7.0,"key":"Girya"},{"floor":9.0,"key":"Peace Pipe"},{"floor":11.0,"key":"Mummified Hand"},{"floor":14.0,"key":"Pocketwatch"}],"event_choices":[{"damage_healed":0.0,"max_hp_gain":0.0,"max_hp_loss":0.0,"gold_gain":0.0,"cards_transformed":["Strike_G"],"event_name":"Living Wall","player_choice":"Change","floor":2.0,"gold_loss":0.0,"damage_taken":0.0,"cards_obtained":["Bane"]},{"damage_healed":0.0,"max_hp_gain":0.0,"max_hp_loss":0.0,"gold_gain":0.0,"event_name":"Shining Light","player_choice":"Ignored","floor":13.0,"gold_loss":0.0,"damage_taken":0.0},{"damage_healed":0,"gold_gain":0,"player_choice":"Fought Bandits","damage_taken":0,"max_hp_gain":0,"max_hp_loss":0,"event_name":"Masked Bandits","floor":21,"gold_loss":0}],"is_beta":false,"boss_relics":[{"not_picked":["Pandora\u0027s Box","Velvet Choker"],"picked":"Runic Dome"}],"items_purged_floors":[],"is_endless":false,"potions_floor_spawned":[1,4,5,11,12,19,20],"killed_by":"Masked Bandits","ascension_level":20}}