{"host":"cbu6enf2xtq4r7r3","time":1612115132,"event":{"mods":["2.2 Compatiblity","AlwaysNeverKeys","BaseMod","Better Match","Better Note","Better Sensory Stone","Better Skull","Better Third Choice","Colored Map","Colored Powertips","Defuse TimeMaze Blight","Emptier Cage","Minty Spire (QoL Compilation)","Permanent Neow","Quick Restart","Random Character Button","Relic Sorter","Reorder Act Four","Shop Mod","StSLib"],"gold_per_floor":[115,127,147,162,237,237,270,270,270,270,297,19,19,44,44,44,44],"floor_reached":16,"language":"ENG","playtime":338,"items_purged":["Strike_B"],"score":159,"play_id":"bd5c14d5-55df-4a43-b535-0e1f07fa85fc","local_time":"20210131184532","is_ascension_mode":true,"campfire_choices":[{"data":"Zap","floor":6,"key":"SMITH"},{"data":"Barrage","floor":8,"key":"SMITH"},{"data":"Genetic Algorithm","floor":13,"key":"SMITH"},{"data":"Genetic Algorithm","floor":15,"key":"SMITH"}],"circlet_count":0,"master_deck":["Strike_B","Strike_B","Strike_B","Defend_B","Defend_B","Defend_B","Defend_B","Zap+1","Dualcast","Ball Lightning","Ball Lightning","Barrage+1","Genetic Algorithm+1","Leap","Genetic Algorithm+1"],"relics":["Cracked Core","NeowsBlessing","Toy Ornithopter","Question Card","Mummified Hand","Oddly Smooth Stone","Pear"],"acts_visited":["Exordium"],"potions_floor_usage":[7,11],"damage_taken":[{"damage":0,"enemies":"Small Slimes","floor":1,"turns":1},{"damage":0,"enemies":"2 Louse","floor":2,"turns":1},{"damage":0,"enemies":"Jaw Worm","floor":3,"turns":1},{"damage":6,"enemies":"Blue Slaver","floor":4,"turns":3},{"damage":15,"enemies":"Gremlin Nob","floor":7,"turns":3},{"damage":10,"enemies":"3 Sentries","floor":11,"turns":4},{"damage":22,"enemies":"Gremlin Nob","floor":14,"turns":4},{"damage":28,"enemies":"The Guardian","floor":16,"turns":2}],"seed_played":"7754699790081664453","potions_obtained":[{"floor":2,"key":"SteroidPotion"},{"floor":3,"key":"SpeedPotion"}],"is_trial":false,"path_per_floor":["M","M","M","M","?","R","E","R","T","?","E","$","R","E","R","B"],"character_chosen":"DEFECT","items_purchased":["Oddly Smooth Stone","Leap"],"campfire_rested":0,"item_purchase_floors":[12,12],"current_hp_per_floor":[68,68,68,62,51,51,36,36,36,36,31,31,31,19,19,0,0],"gold":44,"neow_bonus":"THREE_ENEMY_KILL","is_daily":false,"chose_seed":false,"campfire_upgraded":4,"win_rate":0.0,"timestamp":1612115132,"path_taken":["M","M","M","M","?","R","E","R","T","?","E","$","R","E","R","BOSS"],"items_purchased_type":["Relic","Card"],"build_version":"2020-12-22","purchased_purges":1,"victory":false,"max_hp_per_floor":[75,75,75,75,75,75,75,75,75,75,75,75,75,85,85,85,85],"card_choices":[{"not_picked":["Barrage","Leap"],"picked":"Ball Lightning","floor":1},{"not_picked":["Static Discharge","Double Energy"],"picked":"Ball Lightning","floor":2},{"not_picked":["Leap","Double Energy"],"picked":"Barrage","floor":3},{"not_picked":["Streamline","Chaos","Steam"],"picked":"SKIP","floor":4},{"not_picked":["Rebound","Darkness","Skim"],"picked":"SKIP","floor":7},{"not_picked":["BootSequence","Storm","Redo"],"picked":"Genetic Algorithm","floor":11},{"not_picked":["Streamline","Tempest","Rip and Tear"],"picked":"Genetic Algorithm","floor":14}],"player_experience":120699,"relics_obtained":[{"floor":7,"key":"Toy Ornithopter"},{"floor":9,"key":"Question Card"},{"floor":11,"key":"Mummified Hand"},{"floor":14,"key":"Pear"}],"event_choices":[{"damage_healed":0,"gold_gain":75,"player_choice":"Gold","damage_taken":11,"max_hp_gain":0,"max_hp_loss":0,"event_name":"betterThird:BetterGoop","floor":5,"gold_loss":0},{"damage_healed":0,"gold_gain":0,"player_choice":"Ignored","damage_taken":270,"max_hp_gain":0,"max_hp_loss":0,"event_name":"betterThird:BetterSerpent","floor":10,"gold_loss":0}],"is_beta":false,"boss_relics":[],"items_purged_floors":[12],"is_endless":false,"potions_floor_spawned":[2,3],"killed_by":"The Guardian","ascension_level":7}}