{"host":"wuernuywc9gl215o","time":1612092393,"event":{"mods":["AchievementEnabler","BaseMod","Block Reminder","Key Reminder","Minty Spire (QoL Compilation)","Permanent Neow","Potion Indicator Mod","Quick Restart","Relic Stats"],"gold_per_floor":[116,66,76,95,95,124,299,311,311,47,47,67,100,0,0,105,105,125,135,135,135,146,146,163,163,187,202,237,247,247,264,264,362,362,376,38,38,52,62,62,62],"floor_reached":40,"language":"ENG","playtime":3347,"items_purged":["Doubt","Strike_G"],"score":648,"play_id":"35f0eefa-a770-420a-85ba-568a8475fac3","local_time":"20210131112633","is_ascension_mode":true,"campfire_choices":[{"floor":11.0,"key":"REST"},{"floor":15.0,"key":"REST"},{"floor":23.0,"key":"REST"},{"data":"Corpse Explosion","floor":25.0,"key":"SMITH"},{"data":"Blur","floor":30.0,"key":"SMITH"},{"data":"Burst","floor":32.0,"key":"SMITH"}],"circlet_count":0,"master_deck":["Strike_G","Strike_G","Strike_G","Defend_G","Defend_G","Defend_G","Defend_G","Defend_G","Survivor","Neutralize","Corpse Explosion+1","Slice","Backflip","Blade Dance","Burst+1","Poisoned Stab","Footwork","Finesse","Prepared","Dagger Spray+1","Tools of the Trade","Leg Sweep+1","Bane+1","Blur+1","Flechettes+1","PiercingWail","Dodge and Roll+1","Dash+1","Corpse Explosion","Predator+1","Enlightenment","Heel Hook+1","Outmaneuver+1","PiercingWail"],"relics":["Ring of the Snake","Bag of Marbles","keyreminder:keyreminder","Molten Egg 2","Snecko Eye","Nunchaku","Ancient Tea Set","Pocketwatch","SlaversCollar","Pear"],"acts_visited":["Exordium","TheCity","TheBeyond"],"potions_floor_usage":[33],"damage_taken":[{"damage":7.0,"enemies":"Jaw Worm","floor":1.0,"turns":4.0},{"damage":0.0,"enemies":"2 Louse","floor":3.0,"turns":2.0},{"damage":0.0,"enemies":"Cultist","floor":4.0,"turns":4.0},{"damage":46.0,"enemies":"Lagavulin","floor":6.0,"turns":7.0},{"damage":11.0,"enemies":"3 Louse","floor":8.0,"turns":2.0},{"damage":0.0,"enemies":"Large Slime","floor":12.0,"turns":5.0},{"damage":8.0,"enemies":"Gremlin Nob","floor":13.0,"turns":3.0},{"damage":25.0,"enemies":"Slime Boss","floor":16.0,"turns":7.0},{"damage":38.0,"enemies":"Spheric Guardian","floor":18.0,"turns":8.0},{"damage":19.0,"enemies":"2 Thieves","floor":19.0,"turns":3.0},{"damage":0.0,"enemies":"Snecko","floor":22.0,"turns":6.0},{"damage":3.0,"enemies":"Shelled Parasite and Fungi","floor":24.0,"turns":5.0},{"damage":0.0,"enemies":"3 Cultists","floor":27.0,"turns":2.0},{"damage":15.0,"enemies":"Gremlin Leader","floor":28.0,"turns":7.0},{"damage":4.0,"enemies":"Centurion and Healer","floor":29.0,"turns":5.0},{"damage":1.0,"enemies":"Snake Plant","floor":31.0,"turns":4.0},{"damage":36,"enemies":"Collector","floor":33,"turns":15},{"damage":4,"enemies":"3 Shapes","floor":35,"turns":3},{"damage":0,"enemies":"Orb Walker","floor":38,"turns":2},{"damage":36,"enemies":"Maw","floor":39,"turns":11},{"damage":47,"enemies":"Giant Head","floor":40,"turns":7}],"seed_played":"-975550352944490892","potions_obtained":[{"floor":4.0,"key":"SkillPotion"},{"floor":6.0,"key":"LiquidBronze"},{"floor":12.0,"key":"FearPotion"},{"floor":19.0,"key":"BlessingOfTheForge"},{"floor":22.0,"key":"Swift Potion"},{"floor":27.0,"key":"Regen Potion"},{"floor":31.0,"key":"Regen Potion"},{"floor":33,"key":"BlessingOfTheForge"}],"is_trial":false,"path_per_floor":["M","?","M","M","?","E","?","M","T","$","R","M","E","$","R","B",null,"M","M","?","?","M","R","M","R","T","M","E","M","R","M","R","B",null,"M","$","?","M","M","E"],"character_chosen":"THE_SILENT","items_purchased":["Poisoned Stab","Footwork","Finesse","Pear","Enlightenment"],"campfire_rested":3,"item_purchase_floors":[10,10,10,36,36],"current_hp_per_floor":[56,56,56,56,61,15,15,4,4,4,26,26,18,18,40,15,60,22,3,28,28,28,50,47,47,47,47,47,43,43,42,42,21,62,58,68,68,68,32,0,0],"gold":62,"neow_bonus":"THREE_RARE_CARDS","is_daily":false,"chose_seed":false,"campfire_upgraded":3,"win_rate":0.0,"timestamp":1612092393,"path_taken":["M","?","M","M","?","E","?","?","T","?","R","M","E","$","R","BOSS","M","M","?","?","M","R","?","R","T","M","E","M","R","M","R","BOSS","M","$","?","?","M","E"],"items_purchased_type":["Card","Card","Card","Relic","Card"],"build_version":"2020-12-22","purchased_purges":2,"victory":false,"max_hp_per_floor":[70,70,70,70,75,75,75,75,75,75,75,75,75,75,75,75,75,75,75,75,75,75,75,75,75,75,75,75,75,75,75,75,75,75,75,85,85,85,85,85,85],"relic_stats":{"Nunchaku":[13],"counters":[21,112],"Snecko Eye":[166,176,156,184],"obtain_stats":[{"keyreminder:keyreminder":9,"SlaversCollar":34,"Nunchaku":21,"Pear":36,"Snecko Eye":17,"Molten Egg 2":13,"Bag of Marbles":6,"Ancient Tea Set":26,"Ring of the Snake":0,"Pocketwatch":28},{"keyreminder:keyreminder":5,"SlaversCollar":17,"Nunchaku":10,"Pear":18,"Snecko Eye":8,"Molten Egg 2":7,"Bag of Marbles":4,"Ancient Tea Set":12,"Ring of the Snake":0,"Pocketwatch":14},{"keyreminder:keyreminder":19,"SlaversCollar":89,"Nunchaku":45,"Pear":92,"Snecko Eye":34,"Molten Egg 2":27,"Bag of Marbles":17,"Ancient Tea Set":56,"Ring of the Snake":0,"Pocketwatch":65}],"Ring of the Snake":[42],"Pocketwatch":[27]},"card_choices":[{"not_picked":["Night Terror","Storm of Steel"],"picked":"Corpse Explosion","floor":0.0},{"not_picked":["Dodge and Roll","Flechettes"],"picked":"Slice","floor":1.0},{"not_picked":["Concentrate","Crippling Poison"],"picked":"Backflip","floor":3.0},{"not_picked":["Sucker Punch","Dodge and Roll"],"picked":"Blade Dance","floor":4.0},{"not_picked":["Underhanded Strike","Outmaneuver"],"picked":"Burst","floor":6.0},{"not_picked":["Eviscerate","Quick Slash","Endless Agony"],"picked":"SKIP","floor":8.0},{"not_picked":["Masterful Stab","Acrobatics"],"picked":"Prepared","floor":12.0},{"not_picked":["Venomology","Escape Plan"],"picked":"Dagger Spray+1","floor":13.0},{"not_picked":["Glass Knife+1","Unload+1"],"picked":"Tools of the Trade","floor":16.0},{"not_picked":["Poisoned Stab+1","Calculated Gamble"],"picked":"Leg Sweep+1","floor":18.0},{"not_picked":["Dagger Throw+1","Distraction+1"],"picked":"Bane+1","floor":19.0},{"not_picked":["Well Laid Plans","Tactician"],"picked":"Blur","floor":22.0},{"not_picked":["Poisoned Stab+1","Escape Plan"],"picked":"Flechettes+1","floor":24.0},{"not_picked":["Backstab+1","Infinite Blades"],"picked":"PiercingWail","floor":27.0},{"not_picked":["Deadly Poison","Choke+1"],"picked":"Dodge and Roll+1","floor":28.0},{"not_picked":["Underhanded Strike+1","Eviscerate+1"],"picked":"Dash+1","floor":29.0},{"not_picked":["PiercingWail","Dagger Spray+1","Well Laid Plans"],"picked":"SKIP","floor":31.0},{"not_picked":["Doppelganger","Unload+1"],"picked":"Corpse Explosion","floor":33},{"not_picked":["Prepared+1","Outmaneuver+1"],"picked":"Predator+1","floor":35},{"not_picked":["Flying Knee+1","Dagger Spray+1"],"picked":"Outmaneuver+1","floor":38},{"not_picked":["Heel Hook+1","Storm of Steel"],"picked":"PiercingWail","floor":39}],"player_experience":719045,"relics_obtained":[{"floor":6.0,"key":"Bag of Marbles"},{"floor":13.0,"key":"Molten Egg 2"},{"floor":21.0,"key":"Nunchaku"},{"floor":26.0,"key":"Ancient Tea Set"},{"floor":28.0,"key":"Pocketwatch"}],"event_choices":[{"cards_removed":["Decay"],"damage_healed":0.0,"max_hp_gain":0.0,"max_hp_loss":0.0,"gold_gain":0.0,"event_name":"The Cleric","player_choice":"Card Removal","floor":2.0,"gold_loss":50.0,"damage_taken":0.0},{"damage_healed":0.0,"max_hp_gain":5.0,"max_hp_loss":0.0,"gold_gain":0.0,"event_name":"Big Fish","player_choice":"Donut","floor":5.0,"gold_loss":0.0,"damage_taken":0.0},{"damage_healed":0.0,"max_hp_gain":0.0,"max_hp_loss":0.0,"gold_gain":175.0,"event_name":"Liars Game","player_choice":"AGREE","floor":7.0,"gold_loss":0.0,"damage_taken":0.0,"cards_obtained":["Doubt"]},{"damage_healed":25.0,"max_hp_gain":0.0,"max_hp_loss":0.0,"gold_gain":0.0,"event_name":"The Library","player_choice":"Heal","floor":20.0,"gold_loss":0.0,"damage_taken":0.0},{"damage_healed":0.0,"max_hp_gain":0.0,"max_hp_loss":0.0,"gold_gain":0.0,"event_name":"Wheel of Change","player_choice":"Relic","floor":21.0,"gold_loss":0.0,"damage_taken":0.0},{"damage_healed":0,"gold_gain":0,"cards_transformed":["Strike_G"],"player_choice":"Transformed","damage_taken":0,"max_hp_gain":0,"max_hp_loss":0,"event_name":"Transmorgrifier","floor":37,"gold_loss":0,"cards_obtained":["Heel Hook"]}],"is_beta":false,"boss_relics":[{"not_picked":["Busted Crown","Velvet Choker"],"picked":"Snecko Eye"},{"not_picked":["SacredBark","Philosopher\u0027s Stone"],"picked":"SlaversCollar"}],"items_purged_floors":[10,14],"is_endless":false,"potions_floor_spawned":[4,6,12,19,22,27,31,33],"killed_by":"Giant Head","ascension_level":8}}