{"host":"x5w9zppki4gdwvc7","time":1612131757,"event":{"mods":["AchievementEnabler","BaseMod","Colored Powertips","DeckTracker","Minty Spire (QoL Compilation)","Relic Sorter","SuperFastMode"],"gold_per_floor":[113,113,188,188,205,205,231,231,231,10,10,10,26,42,42,42,42],"floor_reached":16,"language":"ENG","playtime":390,"items_purged":["Defend_R"],"score":113,"play_id":"740b1c13-39c5-4ebb-89d5-065896290732","local_time":"20210131232237","is_ascension_mode":true,"campfire_choices":[{"data":"Bash","floor":6,"key":"SMITH"},{"data":"Limit Break","floor":8,"key":"SMITH"},{"data":"Anger","floor":11,"key":"SMITH"},{"data":"Shrug It Off","floor":15,"key":"SMITH"}],"circlet_count":0,"master_deck":["Strike_R","Strike_R","Strike_R","Defend_R","Defend_R","Defend_R","Bash+1","Anger+1","Limit Break+1","Shrug It Off+1","Thunderclap"],"relics":["Burning Blood","Tiny Chest","Eternal Feather","Juzu Bracelet"],"acts_visited":["Exordium"],"potions_floor_usage":[16],"damage_taken":[{"damage":8,"enemies":"2 Louse","floor":1,"turns":3},{"damage":12,"enemies":"Jaw Worm","floor":5,"turns":2},{"damage":32,"enemies":"Gremlin Nob","floor":7,"turns":4},{"damage":0,"enemies":"Small Slimes","floor":13,"turns":3},{"damage":35,"enemies":"Exordium Thugs","floor":14,"turns":4},{"damage":49,"enemies":"The Guardian","floor":16,"turns":5}],"seed_played":"5906832393914272572","potions_obtained":[{"floor":1,"key":"LiquidBronze"}],"is_trial":false,"path_per_floor":["M","?","?","?","M","R","E","R","T","$","R","?","M","M","R","B"],"character_chosen":"IRONCLAD","items_purchased":["Juzu Bracelet"],"campfire_rested":0,"item_purchase_floors":[10],"current_hp_per_floor":[78,71,60,90,84,84,58,58,58,58,64,64,70,41,47,0,0],"gold":42,"neow_bonus":"ONE_RANDOM_RARE_CARD","is_daily":false,"chose_seed":false,"campfire_upgraded":4,"win_rate":0.0,"timestamp":1612131757,"path_taken":["M","?","?","?","?","R","E","R","T","$","R","?","M","M","R","BOSS"],"items_purchased_type":["Relic"],"build_version":"2020-12-22","purchased_purges":1,"victory":false,"max_hp_per_floor":[80,80,80,90,90,90,90,90,90,90,90,90,90,90,90,90,90],"card_choices":[{"not_picked":["Reckless Charge","Dual Wield","Cleave"],"picked":"SKIP","floor":1},{"not_picked":["Perfected Strike","Havoc"],"picked":"Anger","floor":5},{"not_picked":["Infernal Blade","Dropkick"],"picked":"Limit Break","floor":7},{"not_picked":["Power Through","Clothesline","Sword Boomerang"],"picked":"SKIP","floor":13},{"not_picked":["Clash","Searing Blow"],"picked":"Thunderclap","floor":14}],"player_experience":346666,"relics_obtained":[{"floor":7,"key":"Tiny Chest"},{"floor":9,"key":"Eternal Feather"}],"event_choices":[{"cards_removed":["Strike_R"],"damage_healed":0,"gold_gain":0,"player_choice":"Card Removal","damage_taken":7,"max_hp_gain":0,"max_hp_loss":0,"event_name":"Golden Wing","floor":2,"gold_loss":0},{"damage_healed":0,"gold_gain":75,"player_choice":"Gather Gold","damage_taken":11,"max_hp_gain":0,"max_hp_loss":0,"event_name":"World of Goop","floor":3,"gold_loss":0},{"cards_removed":["Barricade"],"damage_healed":20,"gold_gain":0,"player_choice":"Offered Rare","damage_taken":0,"max_hp_gain":10,"max_hp_loss":0,"event_name":"Bonfire Elementals","floor":4,"gold_loss":0},{"damage_healed":0,"gold_gain":0,"cards_transformed":["Strike_R"],"player_choice":"Change","damage_taken":0,"max_hp_gain":0,"max_hp_loss":0,"event_name":"Living Wall","floor":12,"gold_loss":0,"cards_obtained":["Shrug It Off"]}],"is_beta":false,"boss_relics":[],"items_purged_floors":[10],"is_endless":false,"potions_floor_spawned":[1],"killed_by":"The Guardian","ascension_level":3}}