{"host":"natui9yr7uuq78xo","time":1612064117,"event":{"mods":["BaseMod","Better Third Choice","BetterRewards","Downfall","Minty Spire (QoL Compilation)","StSLib"],"gold_per_floor":[99,99,112,112,22,22,47,63,63,74,84,84,84,101,112,112,112,112],"floor_reached":16,"language":"ENG","playtime":764,"items_purged":["downfall:Malfunctioning"],"score":92,"play_id":"42987130-bcd8-4817-aea3-ebb9d80c1ef5","local_time":"20210130173517","is_ascension_mode":false,"campfire_choices":[{"data":"bronze:Goto","floor":1.0,"key":"SMITH"},{"data":"bronze:FollowUp","floor":6,"key":"SMITH"},{"data":"bronze:Shell","floor":9,"key":"SMITH"},{"data":"bronze:Frontload","floor":12,"key":"SMITH"}],"circlet_count":0,"master_deck":["bronze:Strike+1","bronze:Strike+1","bronze:Strike","bronze:Strike","bronze:Defend","bronze:Defend+1","bronze:Defend","bronze:Defend","bronze:Replicate","bronze:Goto+1","bronze:CloningBeam","bronze:Explode","bronze:Frontload+1","bronze:FollowUp+1","bronze:Shell+1","bronze:CleanCode"],"relics":["bronze:BronzeCore","Bag of Preparation"],"acts_visited":["Exordium"],"potions_floor_usage":[],"damage_taken":[{"damage":0.0,"enemies":"Cultist","floor":3.0,"turns":3.0},{"damage":9,"enemies":"Cultist","floor":4,"turns":3},{"damage":0,"enemies":"downfall:FleeingMerchant","floor":5,"turns":4},{"damage":11,"enemies":"Jaw Worm","floor":8,"turns":4},{"damage":11,"enemies":"Small Slimes","floor":10,"turns":3},{"damage":0,"enemies":"Blue Slaver","floor":11,"turns":3},{"damage":0,"enemies":"2 Fungi Beasts","floor":14,"turns":4},{"damage":14,"enemies":"3 Louse","floor":15,"turns":2},{"damage":32,"enemies":"IC_STATUS_ARCHETYPE","floor":16,"turns":10}],"seed_played":"8297631548631693369","potions_obtained":[{"floor":4,"key":"bronze:FreeFunctionsPotion"},{"floor":11,"key":"EssenceOfSteel"},{"floor":14,"key":"DistilledChaos"}],"is_trial":false,"path_per_floor":["R","?","M","?","$","R","T","M","R","M","M","R","?","M","M","B"],"character_chosen":"THE_AUTOMATON","items_purchased":[],"campfire_rested":0,"item_purchase_floors":[],"current_hp_per_floor":[77,77,77,68,68,68,68,57,57,46,46,46,46,46,32,0,0,0],"gold":112,"neow_bonus":"TEN_PERCENT_HP_BONUS","is_daily":false,"chose_seed":false,"campfire_upgraded":4,"win_rate":0.0,"timestamp":1612064117,"path_taken":["R","?","M","?","$","R","T","M","R","M","M","R","?","M","M","BOSS"],"items_purchased_type":[],"build_version":"2020-12-22","purchased_purges":1,"victory":false,"max_hp_per_floor":[77,77,77,77,77,77,77,77,77,77,77,77,77,77,77,77,77,77],"card_choices":[{"not_picked":["bronze:Shield","bronze:Invalidate"],"picked":"bronze:CloningBeam","floor":3.0},{"not_picked":[],"picked":"bronze:Explode","floor":4},{"not_picked":["bronze:ChosenStrike","bronze:Deprecate"],"picked":"bronze:Frontload","floor":4},{"not_picked":["bronze:BuggyMess","bronze:Overheat"],"picked":"bronze:FollowUp","floor":5},{"not_picked":["bronze:Turbo","bronze:CloningBeam"],"picked":"bronze:Shell","floor":8},{"not_picked":["bronze:Shield","bronze:DelayedSlice","bronze:Frontload"],"picked":"SKIP","floor":10},{"not_picked":["bronze:Iterate","bronze:NullPointer","bronze:DarkDash"],"picked":"SKIP","floor":11},{"not_picked":["bronze:DelayedSlice","bronze:FollowUp"],"picked":"bronze:CleanCode","floor":14},{"not_picked":["bronze:Invalidate","bronze:DelayedGuard","bronze:WildBeam"],"picked":"SKIP","floor":15}],"player_experience":356527,"relics_obtained":[{"floor":7,"key":"Bag of Preparation"}],"event_choices":[],"is_beta":false,"boss_relics":[],"items_purged_floors":[5],"is_endless":false,"potions_floor_spawned":[4,11,14],"killed_by":"IC_STATUS_ARCHETYPE","ascension_level":0}}