{"host":"q8dylvk6gsg58l93","time":1612135341,"event":{"mods":["2.2 Compatiblity","AchievementEnabler","Aspiration","BaseMod","BetterRewards","Conspire","Defuse TimeMaze Blight","Friendly Minions","GifTheSpireLib","Hubris","Infinite Spire","Minty Spire (QoL Compilation)","Remove Card Discount Mod","Replay The Spire","Shop Mod","Spikes Relics","StSLib","Stuff the Spire","SuperFastMode","The Necromancer"],"gold_per_floor":[111,111,121,137,79,79,105,115,115,130,140,140,140,153,153,254,254,265,111,111,26,41,69,69,69,96,131,131,131,131,144,144,246,246,246,246],"floor_reached":35,"language":"ENG","playtime":1809,"items_purged":[],"score":397,"play_id":"ff0627ff-81b8-40e4-9ec5-f82f81bb00bd","local_time":"20210131172221","is_ascension_mode":false,"campfire_choices":[{"data":"Fasting2","floor":6.0,"key":"SMITH"},{"floor":15.0,"key":"REST"},{"floor":25.0,"key":"REST"},{"floor":32.0,"key":"REST"}],"circlet_count":1,"master_deck":["Strike_P","Strike_P","Strike_P","Strike_P","Defend_P","Defend_P","Defend_P","Eruption","Vigilance","Consecrate","Tantrum","Fasting2+1","Wallop","FlyingSleeves","EmptyFist","FollowUp","StuffTheSpire:Ambrosia","DevaForm","LessonLearned","Consecrate","J.A.X.","Halt","Blasphemy"],"relics":["HolyWater","aspiration:Nostalgia","Ring of the Snake","infinitespire:Broken Mirror","SpikesRelics:SneckoPlush","Nunchaku","Mirror","infinitespire:Lucky Rock","Circlet","hubris:Backtick","Iron Hammer","Meat on the Bone","RetroEgg","Ancient Tea Set","Ring of Chaos"],"acts_visited":[],"potions_floor_usage":[],"damage_taken":[{"damage":1.0,"enemies":"Jaw Worm","floor":1.0,"turns":3.0},{"damage":0.0,"enemies":"Cultist","floor":3.0,"turns":2.0},{"damage":12.0,"enemies":"conspire:RoseBush","floor":4.0,"turns":1.0},{"damage":36.0,"enemies":"Lagavulin","floor":7.0,"turns":4.0},{"damage":0.0,"enemies":"Looter","floor":8.0,"turns":1.0},{"damage":0.0,"enemies":"Exordium Wildlife","floor":10.0,"turns":2.0},{"damage":0.0,"enemies":"2 Fungi Beasts","floor":11.0,"turns":2.0},{"damage":0.0,"enemies":"Blue Slaver","floor":14.0,"turns":1.0},{"damage":15.0,"enemies":"Hexaghost","floor":16.0,"turns":5.0},{"damage":2.0,"enemies":"Shell Parasite","floor":18.0,"turns":3.0},{"damage":13.0,"enemies":"3 Byrds","floor":22.0,"turns":3.0},{"damage":53.0,"enemies":"Slavers","floor":23.0,"turns":4.0},{"damage":2.0,"enemies":"Gremlin Leader","floor":27.0,"turns":3.0},{"damage":22.0,"enemies":"Snake Plant","floor":31.0,"turns":3.0},{"damage":24.0,"enemies":"Champ","floor":33.0,"turns":5.0},{"damage":0.0,"enemies":"3 Darklings","floor":35.0,"turns":3.0}],"seed_played":"-8583622550844409350","potions_obtained":[{"floor":7.0,"key":"Energy Potion"},{"floor":10.0,"key":"Death Potion"},{"floor":14.0,"key":"Energy Potion"},{"floor":18.0,"key":"Swift Potion"},{"floor":22.0,"key":"Dexterity Potion"},{"floor":33.0,"key":"BlessingOfTheForge"}],"is_trial":false,"path_per_floor":["M","?","M","M","$","R","E","M","T","M","M","$","?","M","R","B",null,"M","$","?","?","M","E","$","R","T","E","AVR","T","?","M","R","B",null,"M"],"character_chosen":"WATCHER","items_purchased":["Wallop","SpikesRelics:SneckoPlush"],"campfire_rested":3,"item_purchase_floors":[5,19],"current_hp_per_floor":[71,71,71,59,59,59,23,23,23,23,23,23,23,24,45,31,74,73,73,73,73,61,9,9,32,32,31,31,31,31,22,45,34,80,81,81],"gold":246,"neow_bonus":"NOSTALGIA","is_daily":false,"chose_seed":false,"campfire_upgraded":1,"win_rate":0.0,"timestamp":1612135341,"path_taken":["M","?","?","M","$","R","E","M","T","M","M","$","?","M","R","BOSS","M","$","?","?","M","E","?","R","T","E","AVR","?","?","?","R","BOSS","M"],"items_purchased_type":["Card","Relic"],"build_version":"2020-12-22","purchased_purges":0,"victory":false,"max_hp_per_floor":[72,72,72,72,72,72,72,72,72,72,72,72,72,73,73,74,74,75,75,75,75,76,77,77,77,77,78,78,78,78,79,79,80,80,81,81],"card_choices":[{"not_picked":["Protect","JustLucky"],"picked":"Consecrate","floor":1.0},{"not_picked":["Nirvana","Replay:AtTheReady"],"picked":"Tantrum","floor":3.0},{"not_picked":["Replay:ManipulateFuture","Nirvana"],"picked":"Fasting2","floor":4.0},{"not_picked":["Blasphemy","Scrawl"],"picked":"FlyingSleeves","floor":7.0},{"not_picked":["PathToVictory","Crescendo"],"picked":"EmptyFist","floor":8.0},{"not_picked":["ClearTheMind","Replay:ManipulateFuture","Meditate"],"picked":"SKIP","floor":10.0},{"not_picked":["ThirdEye","JustLucky"],"picked":"FollowUp","floor":11.0},{"not_picked":["StuffTheSpire:Harmony","StuffTheSpire:Perfection"],"picked":"StuffTheSpire:Ambrosia","floor":13.0},{"not_picked":["FollowUp","Replay:ManipulateFuture"],"picked":"DevaForm","floor":14.0},{"not_picked":["ConjureBlade","Blasphemy"],"picked":"LessonLearned","floor":16.0},{"not_picked":["Weave+1","CrushJoints"],"picked":"Consecrate","floor":18.0},{"not_picked":["BowlingBash","CrushJoints","ClearTheMind+1"],"picked":"SKIP","floor":22.0},{"not_picked":["WindmillStrike","Evaluate"],"picked":"Halt","floor":23.0},{"not_picked":["CutThroughFate","Study","Scrawl"],"picked":"SKIP","floor":27.0},{"not_picked":["Study","Weave","EmptyMind+1"],"picked":"SKIP","floor":31.0},{"not_picked":["ConjureBlade","Replay:LoomingThreat"],"picked":"Blasphemy","floor":33.0}],"player_experience":146368,"relics_obtained":[{"floor":7.0,"key":"Bronze Scales"},{"floor":9.0,"key":"infinitespire:Broken Mirror"},{"floor":23.0,"key":"Mirror"},{"floor":26.0,"key":"infinitespire:Lucky Rock"},{"floor":27.0,"key":"vexMod:FocusSash"},{"floor":29.0,"key":"RetroEgg"}],"event_choices":[{"cards_removed":["Defend_P"],"damage_healed":0.0,"max_hp_gain":0.0,"max_hp_loss":0.0,"gold_gain":0.0,"event_name":"Bonfire Elementals","player_choice":"Offered Basic","floor":2.0,"gold_loss":0.0,"damage_taken":0.0},{"damage_healed":0.0,"max_hp_gain":0.0,"max_hp_loss":0.0,"gold_gain":0.0,"event_name":"Drug Dealer","player_choice":"Obtain J.A.X.","floor":20.0,"gold_loss":0.0,"damage_taken":0.0,"cards_obtained":["J.A.X."]},{"damage_healed":0.0,"max_hp_gain":0.0,"max_hp_loss":0.0,"gold_gain":0.0,"event_name":"Addict","player_choice":"Obtained Relic","floor":21.0,"gold_loss":85.0,"damage_taken":0.0,"relics_obtained":["Nunchaku"]},{"cards_removed":["Wallop"],"damage_healed":0.0,"max_hp_gain":0.0,"max_hp_loss":0.0,"gold_gain":0.0,"event_name":"WeMeetAgain","player_choice":"Gave Card","floor":30.0,"gold_loss":0.0,"damage_taken":0.0,"relics_obtained":["Ancient Tea Set"]}],"is_beta":false,"boss_relics":[{"not_picked":["ChewingGum","conspire:RoyalGoblet"],"picked":"HolyWater"},{"not_picked":["conspire:RunicOctahedron","Abe\u0027s Treasure"],"picked":"Ring of Chaos"}],"items_purged_floors":[],"is_endless":false,"potions_floor_spawned":[7,10,14,18,22,33],"killed_by":"3 Darklings","ascension_level":0}}