{"host":"syozzdlzcqop4jia","time":1612130928,"event":{"mods":["BaseMod","Colored Map","Colored Powertips","Minty Spire (QoL Compilation)","Quick Restart"],"gold_per_floor":[12,25,25,25,35,60,76,94,145,145,145,155,172,204,204,309,309,323,97,108,126,145,145,60,94,94,104,120,120,120,131,131,131,131],"floor_reached":33,"language":"ENG","playtime":2947,"items_purged":[],"score":400,"play_id":"ab20d969-291c-44e1-b334-ee4da6784db0","local_time":"20210131230848","is_ascension_mode":true,"campfire_choices":[{"floor":11,"key":"REST"},{"floor":15,"key":"REST"},{"floor":23,"key":"REST"},{"floor":29,"key":"REST"},{"floor":32,"key":"REST"}],"circlet_count":0,"master_deck":["Strike_R+1","Strike_R+1","Strike_R+1","Strike_R+1","Strike_R+1","Defend_R+1","Defend_R+1","Defend_R+1","Defend_R+1","Bash","Berserk+1","Armaments","Flame Barrier","Pommel Strike","Cleave","Perfected Strike","Perfected Strike","Cleave","Shrug It Off+1","Carnage","Reaper","Anger","Rage+1","Pummel+1","Pommel Strike+1","Flex+1","Perfected Strike","Wild Strike","Blood for Blood","Flex+1"],"relics":["Burning Blood","Toxic Egg 2","Akabeko","Singing Bowl","Runic Pyramid","Anchor","Dream Catcher","Juzu Bracelet","Orichalcum"],"acts_visited":["Exordium","TheCity"],"potions_floor_usage":[8,12,14,21,25,27],"damage_taken":[{"damage":6,"enemies":"Small Slimes","floor":1,"turns":5},{"damage":0,"enemies":"2 Louse","floor":2,"turns":4},{"damage":0,"enemies":"Cultist","floor":5,"turns":4},{"damage":43,"enemies":"3 Sentries","floor":6,"turns":10},{"damage":1,"enemies":"3 Louse","floor":7,"turns":4},{"damage":32,"enemies":"Exordium Wildlife","floor":8,"turns":3},{"damage":0,"enemies":"Looter","floor":12,"turns":2},{"damage":15,"enemies":"Blue Slaver","floor":13,"turns":3},{"damage":24,"enemies":"Gremlin Nob","floor":14,"turns":4},{"damage":0,"enemies":"Slime Boss","floor":16,"turns":8},{"damage":36,"enemies":"Shell Parasite","floor":18,"turns":5},{"damage":23,"enemies":"Spheric Guardian","floor":20,"turns":4},{"damage":23,"enemies":"Shelled Parasite and Fungi","floor":21,"turns":6},{"damage":19,"enemies":"Snecko","floor":22,"turns":4},{"damage":21,"enemies":"Slavers","floor":25,"turns":6},{"damage":24,"enemies":"3 Cultists","floor":27,"turns":5},{"damage":62,"enemies":"Shelled Parasite and Fungi","floor":28,"turns":6},{"damage":21,"enemies":"Snecko","floor":31,"turns":4},{"damage":68,"enemies":"Champ","floor":33,"turns":7}],"seed_played":"1689286851432352632","potions_obtained":[{"floor":1,"key":"FairyPotion"},{"floor":6,"key":"SmokeBomb"},{"floor":8,"key":"EntropicBrew"},{"floor":10,"key":"EssenceOfSteel"},{"floor":14,"key":"Fruit Juice"},{"floor":16,"key":"FearPotion"},{"floor":22,"key":"Explosive Potion"},{"floor":28,"key":"SkillPotion"}],"is_trial":false,"path_per_floor":["M","M","$","?","M","E","M","M","T","?","R","M","M","E","R","B",null,"M","$","M","M","M","R","?","E","T","M","M","R","?","M","R","B"],"character_chosen":"IRONCLAD","items_purchased":["Rage+1","Anchor"],"campfire_rested":5,"item_purchase_floors":[19,19],"current_hp_per_floor":[80,80,80,80,80,43,48,22,22,22,46,52,43,30,55,61,85,55,55,38,21,8,33,33,24,24,14,7,32,32,23,51,0,0],"gold":131,"neow_bonus":"THREE_RARE_CARDS","is_daily":false,"chose_seed":false,"campfire_upgraded":0,"win_rate":0.0,"timestamp":1612130928,"path_taken":["M","M","$","?","M","E","M","M","T","?","R","M","M","E","R","BOSS","M","$","M","M","M","R","?","E","T","M","M","R","?","M","R","BOSS"],"items_purchased_type":["Card","Relic"],"build_version":"2020-12-22","purchased_purges":0,"victory":false,"max_hp_per_floor":[80,80,80,80,80,80,80,80,80,80,80,80,80,85,85,85,85,85,85,85,85,85,85,85,85,85,85,85,85,85,87,89,89,89],"card_choices":[{"not_picked":["Offering","Barricade"],"picked":"Berserk","floor":0},{"not_picked":["Whirlwind","Spot Weakness"],"picked":"Armaments","floor":1},{"not_picked":["Combust","True Grit"],"picked":"Flame Barrier","floor":2},{"not_picked":["Clothesline","Sword Boomerang"],"picked":"Pommel Strike","floor":5},{"not_picked":["Warcry+1","Iron Wave"],"picked":"Cleave","floor":6},{"not_picked":["Anger","Armaments+1"],"picked":"Perfected Strike","floor":7},{"not_picked":["Uppercut","Sentinel+1"],"picked":"Perfected Strike","floor":8},{"not_picked":["Power Through+1","Disarm+1"],"picked":"Cleave","floor":12},{"not_picked":["Warcry+1","Reckless Charge"],"picked":"Shrug It Off+1","floor":13},{"not_picked":["Heavy Blade","Second Wind+1"],"picked":"Carnage","floor":14},{"not_picked":["Barricade","Bludgeon"],"picked":"Reaper","floor":16},{"not_picked":["Twin Strike","Clothesline"],"picked":"Anger","floor":18},{"not_picked":["Ghostly Armor+1","Clash+1"],"picked":"Pummel+1","floor":20},{"not_picked":["Searing Blow","Headbutt"],"picked":"Pommel Strike+1","floor":21},{"not_picked":["Bludgeon","Twin Strike"],"picked":"Flex+1","floor":22},{"not_picked":["Whirlwind","Clash"],"picked":"Perfected Strike","floor":25},{"not_picked":["Perfected Strike","Bloodletting+1"],"picked":"Wild Strike","floor":27},{"not_picked":["Pommel Strike","Heavy Blade"],"picked":"Blood for Blood","floor":28},{"not_picked":["Bloodletting+1","Second Wind+1"],"picked":"Flex+1","floor":29},{"not_picked":["True Grit+1","Sentinel+1","Clothesline"],"picked":"Singing Bowl","floor":31},{"not_picked":["Iron Wave","Dual Wield+1","Rampage"],"picked":"Singing Bowl","floor":32}],"player_experience":483150,"relics_obtained":[{"floor":6,"key":"Toxic Egg 2"},{"floor":9,"key":"Akabeko"},{"floor":14,"key":"Singing Bowl"},{"floor":25,"key":"Juzu Bracelet"},{"floor":26,"key":"Orichalcum"}],"event_choices":[{"damage_healed":0,"gold_gain":0,"player_choice":"Grow","damage_taken":0,"max_hp_gain":0,"max_hp_loss":0,"event_name":"Living Wall","floor":4,"gold_loss":0,"cards_upgraded":["Berserk"]},{"damage_healed":0,"gold_gain":0,"player_choice":"Got Potions","damage_taken":0,"max_hp_gain":0,"max_hp_loss":0,"event_name":"Lab","floor":10,"gold_loss":0},{"damage_healed":0,"gold_gain":0,"player_choice":"Obtained Relic","damage_taken":0,"relics_obtained":["Dream Catcher"],"max_hp_gain":0,"max_hp_loss":0,"event_name":"Addict","floor":24,"gold_loss":85},{"damage_healed":0,"gold_gain":0,"player_choice":"Simplicity","damage_taken":0,"max_hp_gain":0,"max_hp_loss":0,"event_name":"Back to Basics","floor":30,"gold_loss":0,"cards_upgraded":["Strike_R","Strike_R","Strike_R","Strike_R","Strike_R","Defend_R","Defend_R","Defend_R","Defend_R"]}],"is_beta":false,"boss_relics":[{"not_picked":["Runic Cube","SacredBark"],"picked":"Runic Pyramid"}],"items_purged_floors":[],"is_endless":false,"potions_floor_spawned":[1,6,8,14,16,18,22,28],"killed_by":"Champ","ascension_level":4}}