{"host":"87mnajev72vv2sjg","time":1612062553,"event":{"mods":["BaseMod","BetterRewards","Colored Map","Curses Come First","Infinite Spire","Minty Spire (QoL Compilation)","Replay The Spire","Shop Mod","StSLib","SuperFastMode","The Bug Knight"],"gold_per_floor":[115,132,150,150,162,187,187,212,212,239,239,255,274,290,290,290,290],"floor_reached":16,"language":"ENG","playtime":971,"items_purged":[],"score":114,"play_id":"f016f894-15ae-4555-a653-bfabdb354af6","local_time":"20210130220913","is_ascension_mode":false,"campfire_choices":[{"floor":7,"key":"REST"},{"data":"ReplayTheSpireMod:Corrosion Curse","floor":11,"key":"SMITH"},{"data":"ReplayReversal","floor":11,"key":"SMITH"}],"circlet_count":0,"master_deck":["Strike_R","Strike_R","Strike_R","Strike_R","Strike_R","Defend_R","Defend_R","Defend_R","Defend_R","Bash","Power Through","Headbutt","ReplayTheSpireMod:Corrosion Curse+1","ReplayReversal+1","Armaments","Hemogenesis","Rupture"],"relics":["Burning Blood","Strawberry","CaptainsWheel","Replay:Arrowhead","Pen Nib"],"acts_visited":["Exordium"],"potions_floor_usage":[6,16,16,16],"damage_taken":[{"damage":0,"enemies":"Jaw Worm","floor":1,"turns":4},{"damage":0,"enemies":"Cultist","floor":2,"turns":3},{"damage":2,"enemies":"2 Louse","floor":3,"turns":3},{"damage":2,"enemies":"Large Slime","floor":5,"turns":9},{"damage":46,"enemies":"Gremlin Nob","floor":6,"turns":6},{"damage":64,"enemies":"HollowMod:MossKnight","floor":8,"turns":18},{"damage":4,"enemies":"Exordium Thugs","floor":12,"turns":6},{"damage":8,"enemies":"Lots of Slimes","floor":13,"turns":6},{"damage":7,"enemies":"Blue Slaver","floor":14,"turns":4},{"damage":47,"enemies":"Fading Forest","floor":16,"turns":7}],"seed_played":"1300895479089891943","potions_obtained":[{"floor":3,"key":"Cursed Concoction"},{"floor":5,"key":"PowerPotion"},{"floor":12,"key":"Toxic Potion"},{"floor":13,"key":"FearPotion"},{"floor":15,"key":"Reflective Coating"}],"is_trial":false,"path_per_floor":["M","M","M","?","M","E","R","E","T","T","R","M","M","M","R_BF","B"],"character_chosen":"IRONCLAD","items_purchased":["Power Through"],"campfire_rested":1,"item_purchase_floors":[0],"current_hp_per_floor":[80,80,80,73,77,44,70,17,17,17,17,24,27,31,31,0,0],"gold":290,"neow_bonus":"","is_daily":false,"chose_seed":false,"campfire_upgraded":2,"win_rate":0.0,"timestamp":1612062553,"path_taken":["M","M","M","?","M","E","R","E","T","?","R","M","M","M","R_BF","BOSS"],"items_purchased_type":["Card"],"build_version":"2020-12-22","purchased_purges":0,"victory":false,"max_hp_per_floor":[80,80,80,80,80,87,87,87,87,87,87,87,87,87,87,87,87],"card_choices":[{"not_picked":["Heavy Blade","Blood for Blood"],"picked":"Headbutt","floor":1},{"not_picked":["Clash","Cleave"],"picked":"ReplayTheSpireMod:Corrosion Curse","floor":2},{"not_picked":["Thunderclap","Anger"],"picked":"ReplayReversal","floor":3},{"not_picked":["Battle Trance","Inflame"],"picked":"Armaments","floor":5},{"not_picked":["True Grit","ReplayTheSpireMod:Corrosion Curse"],"picked":"Hemogenesis","floor":6},{"not_picked":["Flex","Pummel"],"picked":"Rupture","floor":8},{"not_picked":["Clothesline","Armaments","Iron Wave"],"picked":"SKIP","floor":12},{"not_picked":["Anger","Perfected Strike","Defy Death"],"picked":"SKIP","floor":13},{"not_picked":["Power Through","Iron Wave","Inflame"],"picked":"SKIP","floor":14}],"player_experience":314963,"relics_obtained":[{"floor":6,"key":"Strawberry"},{"floor":8,"key":"CaptainsWheel"},{"floor":9,"key":"Replay:Arrowhead"},{"floor":10,"key":"Pen Nib"}],"event_choices":[{"cards_removed":["Perfected Strike"],"damage_healed":0,"gold_gain":0,"player_choice":"Card Removal","damage_taken":7,"max_hp_gain":0,"max_hp_loss":0,"event_name":"Golden Wing","floor":4,"gold_loss":0}],"is_beta":false,"boss_relics":[],"items_purged_floors":[],"is_endless":false,"potions_floor_spawned":[3,5,12,13],"killed_by":"Fading Forest","ascension_level":0}}