{"host":"mb4cisebr17g8vuz","time":1612121695,"event":{"mods":["AchievementEnabler","BaseMod","Colored Map","Colored Powertips","Minty Spire (QoL Compilation)","SuperFastMode","everything is the same but u backflip on backflip"],"gold_per_floor":[367,380,390,58,72,101,101,130,208,234,253,269,269,296,296,296,296],"floor_reached":16,"language":"KOR","playtime":688,"items_purged":[],"score":244,"play_id":"4dd05b25-f640-4f6b-9a06-dc9a8c3fdfc2","local_time":"20210131143455","is_ascension_mode":true,"campfire_choices":[{"data":"Perfected Strike","floor":7,"key":"SMITH"},{"floor":15,"key":"DIG"}],"circlet_count":0,"master_deck":["AscendersBane","Strike_R","Strike_R","Strike_R","Strike_R","Strike_R","Defend_R","Defend_R","Defend_R","Defend_R","Bash","Perfected Strike+1","Anger","Pommel Strike","Shrug It Off","Twin Strike","Perfected Strike","Evolve","Wild Strike","Battle Trance"],"relics":["Burning Blood","Question Card","Magic Flower","Turnip","Smiling Mask","Shovel","Kunai"],"acts_visited":["Exordium"],"potions_floor_usage":[6,10,14,16],"damage_taken":[{"damage":4,"enemies":"2 Louse","floor":1,"turns":3},{"damage":0,"enemies":"Cultist","floor":2,"turns":2},{"damage":7,"enemies":"Jaw Worm","floor":3,"turns":3},{"damage":11,"enemies":"Blue Slaver","floor":5,"turns":4},{"damage":18,"enemies":"Gremlin Nob","floor":6,"turns":4},{"damage":17,"enemies":"3 Sentries","floor":8,"turns":9},{"damage":20,"enemies":"Lagavulin","floor":10,"turns":5},{"damage":8,"enemies":"Large Slime","floor":11,"turns":4},{"damage":8,"enemies":"Exordium Wildlife","floor":12,"turns":4},{"damage":12,"enemies":"3 Sentries","floor":14,"turns":5},{"damage":51,"enemies":"Hexaghost","floor":16,"turns":10}],"seed_played":"4389347971798926885","potions_obtained":[{"floor":2,"key":"Dexterity Potion"},{"floor":3,"key":"Fruit Juice"},{"floor":6,"key":"BloodPotion"},{"floor":10,"key":"Swift Potion"}],"is_trial":false,"path_per_floor":["M","M","M","$","M","E","R","E","T","E","M","M","?","E","R","B"],"character_chosen":"IRONCLAD","items_purchased":["Shrug It Off","Question Card"],"campfire_rested":0,"item_purchase_floors":[4,4],"current_hp_per_floor":[68,68,67,67,62,55,55,47,47,50,51,52,52,49,49,0,0],"gold":296,"neow_bonus":"TWO_FIFTY_GOLD","is_daily":false,"chose_seed":false,"campfire_upgraded":1,"win_rate":0.0,"timestamp":1612121695,"path_taken":["M","M","M","$","M","E","R","E","T","E","M","M","?","E","R","BOSS"],"items_purchased_type":["Card","Relic"],"build_version":"2020-12-22","purchased_purges":0,"victory":false,"max_hp_per_floor":[68,68,68,68,68,73,73,73,73,73,73,73,73,73,73,73,73],"card_choices":[{"not_picked":["Iron Wave","Flame Barrier"],"picked":"Perfected Strike","floor":1},{"not_picked":["True Grit","Sword Boomerang"],"picked":"Anger","floor":2},{"not_picked":["Clothesline","Heavy Blade"],"picked":"Pommel Strike","floor":3},{"not_picked":["Ghostly Armor","Thunderclap","Iron Wave"],"picked":"Twin Strike","floor":5},{"not_picked":["True Grit","Blood for Blood","Hemokinesis","Clash"],"picked":"SKIP","floor":6},{"not_picked":["Hemokinesis","Havoc","Fiend Fire"],"picked":"Perfected Strike","floor":8},{"not_picked":["Hemokinesis","Sentinel","Flex"],"picked":"Evolve","floor":10},{"not_picked":["Warcry","Heavy Blade","Cleave"],"picked":"Wild Strike","floor":11},{"not_picked":["Ghostly Armor","Flex","Infernal Blade","Warcry"],"picked":"SKIP","floor":12},{"not_picked":["Carnage","Entrench","Clothesline","Searing Blow"],"picked":"SKIP","floor":14}],"player_experience":239076,"relics_obtained":[{"floor":6,"key":"Magic Flower"},{"floor":8,"key":"Turnip"},{"floor":10,"key":"Smiling Mask"},{"floor":14,"key":"Shovel"},{"floor":15,"key":"Kunai"}],"event_choices":[{"damage_healed":0,"gold_gain":0,"player_choice":"1 cards matched","damage_taken":0,"max_hp_gain":0,"max_hp_loss":0,"event_name":"Match and Keep!","floor":13,"gold_loss":0,"cards_obtained":["Battle Trance"]}],"is_beta":false,"boss_relics":[],"items_purged_floors":[],"is_endless":false,"potions_floor_spawned":[2,3,6,10,11],"killed_by":"Hexaghost","ascension_level":17}}