{"host":"6to8m083wj0ro91z","time":1612109549,"event":{"mods":["BaseMod","Better Third Choice","BetterRewards","CatGirl Mod","ChefMod","Friendly Minions","GungeonMod","Hubris","Mad Scientist","Marisa????????","Minty Spire (QoL Compilation)","Railgun Mod","Robot Space Explorer","Shade Mod","Spicy Shops","StSLib","The Alterego","The Blackbeard","The Death Knight","The Dragonkin","The Gatherer","The Marked","The Mystic","The Necromancer","The Servant 0.9.4","TheSurvivalist"],"gold_per_floor":[117,117,117,135,147,147,182,200,200,232,232,242,252,17,17,122,122,122],"floor_reached":17,"language":"ENG","playtime":752,"items_purged":["survmod:Strike","survmod:Strike","survmod:Strike"],"score":192,"play_id":"600edf0b-d0dd-4fa1-96a3-e121377413f9","local_time":"20210131171229","is_ascension_mode":false,"campfire_choices":[{"data":"survmod:Sprint","floor":6,"key":"SMITH"},{"data":"survmod:VersatileOffense","floor":11,"key":"SMITH"},{"data":"survmod:GoForFace","floor":15,"key":"SMITH"}],"circlet_count":0,"master_deck":["survmod:Strike","survmod:Defend","survmod:Defend","survmod:Defend","survmod:Defend","survmod:VersatileOffense+1","survmod:Sprint+1","survmod:GoForFace+1","Swift Strike","survmod:GoForFace","survmod:NockAnArrow","survmod:GoForFace+1"],"relics":["survmod:InnateMutation","DemoMod:GnawedKey","Eternal Feather","Mercury Hourglass","hubris:SlimyHat","Membership Card","ClockworkSouvenir","DemoMod:GlassGuonStoneRelic","hubris:ScarierMask"],"acts_visited":["Exordium","TheCity"],"potions_floor_usage":[7,7],"damage_taken":[{"damage":0,"enemies":"Cultist","floor":1,"turns":3},{"damage":0,"enemies":"2 Louse","floor":4,"turns":3},{"damage":0,"enemies":"Jaw Worm","floor":5,"turns":2},{"damage":7,"enemies":"3 Sentries","floor":7,"turns":6},{"damage":0,"enemies":"Blue Slaver","floor":8,"turns":3},{"damage":0,"enemies":"Lagavulin","floor":10,"turns":5},{"damage":0,"enemies":"2 Fungi Beasts","floor":12,"turns":3},{"damage":0,"enemies":"Looter","floor":13,"turns":3},{"damage":1,"enemies":"Hexaghost","floor":16,"turns":6}],"seed_played":"4508530891083264978","potions_obtained":[{"floor":1,"key":"BlessingOfTheForge"},{"floor":4,"key":"Explosive Potion"},{"floor":5,"key":"ColorlessPotion"},{"floor":13,"key":"DemoMod:LeadSkinPotion"},{"floor":16,"key":"Block Potion"}],"is_trial":false,"path_per_floor":["M","$","?","M","M","R","E","M","T","E","R","M","M","$","R","B",null],"character_chosen":"THE_SURVIVOR","items_purchased":["DemoMod:GnawedKey","Eternal Feather","survmod:GoForFace","Swift Strike","Membership Card","ClockworkSouvenir"],"campfire_rested":0,"item_purchase_floors":[0,0,0,0,14,14],"current_hp_per_floor":[27,27,27,27,27,30,23,23,23,23,29,29,29,29,35,34,50,50],"gold":122,"neow_bonus":"","is_daily":false,"chose_seed":false,"campfire_upgraded":3,"win_rate":0.0,"timestamp":1612109549,"path_taken":["M","?","?","M","M","R","E","M","T","E","R","M","M","?","R","BOSS"],"items_purchased_type":["Relic","Relic","Card","Card","Relic","Relic"],"build_version":"2020-12-22","purchased_purges":3,"victory":false,"max_hp_per_floor":[50,50,50,50,50,50,50,50,50,50,50,50,50,50,50,50,50,50],"card_choices":[{"not_picked":["survmod:LongShot","survmod:TrickShot","survmod:NockAnArrow"],"picked":"SKIP","floor":1},{"not_picked":["survmod:SimpleMutation","survmod:TacticalManeuver","survmod:FlashbangShot"],"picked":"SKIP","floor":4},{"not_picked":["survmod:LongShot","survmod:FindCover","survmod:QuickDash"],"picked":"SKIP","floor":5},{"not_picked":["survmod:MarkedShot","survmod:QuickDash","survmod:SwiftKick"],"picked":"SKIP","floor":7},{"not_picked":["survmod:FlashbangTrap","survmod:TakeAim"],"picked":"survmod:GoForFace","floor":8},{"not_picked":["survmod:MarkTrap","survmod:LeapingShot"],"picked":"survmod:NockAnArrow","floor":10},{"not_picked":["survmod:FocusedFire","survmod:PoisonTrap","survmod:MarkedFromAfar"],"picked":"SKIP","floor":12},{"not_picked":["survmod:SimpleMutation","survmod:LongShot"],"picked":"survmod:GoForFace","floor":13}],"player_experience":1138679,"relics_obtained":[{"floor":7,"key":"Mercury Hourglass"},{"floor":10,"key":"hubris:SlimyHat"}],"event_choices":[],"is_beta":false,"boss_relics":[{"not_picked":["Philosopher\u0027s Stone","Astrolabe"],"picked":"hubris:ScarierMask"}],"items_purged_floors":[0,0,0],"is_endless":false,"potions_floor_spawned":[1,4,5,13,16],"ascension_level":0}}