{"host":"p8f0otjoacyb9giz","time":1612103198,"event":{"mods":["AchievementEnabler","BaseMod","Downfall","Minty Spire (QoL Compilation)","StSLib"],"gold_per_floor":[99,99,99,99,99,99,152,252,152,152,181,192,207,236,251,251,251,251],"floor_reached":16,"language":"ENG","playtime":355,"items_purged":[],"score":138,"play_id":"e195bc60-4f82-4d98-b9af-1567f4214be8","local_time":"20210131172638","is_ascension_mode":true,"campfire_choices":[{"floor":6,"key":"RECALL"},{"data":"sneckomod:RainOfDice","floor":9,"key":"SMITH"}],"circlet_count":0,"master_deck":["sneckomod:Strike+1","sneckomod:Strike","sneckomod:Strike","sneckomod:Defend","sneckomod:Defend","sneckomod:Defend","sneckomod:TailWhip","sneckomod:SnekBite","sneckomod:Unknown","Slice+1","sneckomod:UnknownCommonAttack","sneckomod:RainOfDice+1","sneckomod:IronFang","sneckomod:SoulDraw","sneckomod:Unknown0Cost","sneckomod:WideSting"],"relics":["sneckomod:SneckoSoul","downfall:HeartsMalice","Peace Pipe","sneckomod:LoadedDie","downfall:HeartBlessingRed","downfall:ShatteredFragment","StoneCalendar","Whetstone"],"acts_visited":["Exordium"],"potions_floor_usage":[16],"damage_taken":[{"damage":0,"enemies":"Small Slimes","floor":2,"turns":1},{"damage":0,"enemies":"2 Louse","floor":4,"turns":1},{"damage":0,"enemies":"Lagavulin","floor":11,"turns":1},{"damage":0,"enemies":"Cultist","floor":12,"turns":2},{"damage":9,"enemies":"2 Fungi Beasts","floor":13,"turns":2},{"damage":9,"enemies":"Gremlin Nob","floor":14,"turns":3},{"damage":0,"enemies":"Lots of Slimes","floor":15,"turns":2},{"damage":44,"enemies":"DF_ARCHETYPE_STREAMLINE","floor":16,"turns":6}],"seed_played":"6530437325402765986","potions_obtained":[{"floor":12,"key":"Swift Potion"},{"floor":14,"key":"sneckomod:DiceRollPotion"}],"is_trial":false,"path_per_floor":["R","M","?","M","?","R","T","?","R","?","E","M","M","E","M","B"],"character_chosen":"THE_SNECKO","items_purchased":[],"campfire_rested":0,"item_purchase_floors":[],"current_hp_per_floor":[90,90,83,83,83,83,83,83,83,62,62,62,53,44,44,0,0,0],"gold":251,"neow_bonus":"THREE_ENEMY_KILL","is_daily":false,"chose_seed":false,"campfire_upgraded":1,"win_rate":0.0,"timestamp":1612103198,"path_taken":["R","M","?","M","?","R","T","?","R","?","E","M","M","E","M","BOSS"],"items_purchased_type":[],"build_version":"2020-12-22","purchased_purges":0,"victory":false,"max_hp_per_floor":[90,90,90,90,90,90,90,90,90,90,90,90,90,90,90,90,90,90],"card_choices":[{"not_picked":["sneckomod:Nope","sneckomod:QuickBite"],"picked":"sneckomod:UnknownCommonAttack","floor":2},{"not_picked":["sneckomod:SoulDraw","sneckomod:UnknownExhaust"],"picked":"sneckomod:RainOfDice","floor":4},{"not_picked":["sneckomod:Unknown0Cost","sneckomod:SoulRoll"],"picked":"sneckomod:IronFang","floor":11},{"not_picked":["sneckomod:UnknownX","sneckomod:UnknownExhaust"],"picked":"sneckomod:SoulDraw","floor":12},{"not_picked":["sneckomod:UnknownDexterity","sneckomod:Unknown2Cost"],"picked":"sneckomod:Unknown0Cost","floor":13},{"not_picked":["sneckomod:DiceCrush","sneckomod:QuickBite","sneckomod:SoulDraw"],"picked":"SKIP","floor":14},{"not_picked":["sneckomod:SnekBeam","sneckomod:UnknownUncommonSkill"],"picked":"sneckomod:WideSting","floor":15}],"player_experience":426934,"relics_obtained":[{"floor":7,"key":"sneckomod:LoadedDie"},{"floor":11,"key":"StoneCalendar"},{"floor":14,"key":"Whetstone"}],"event_choices":[{"damage_healed":0,"gold_gain":0,"player_choice":"Success","damage_taken":7,"relics_obtained":["Peace Pipe"],"max_hp_gain":0,"max_hp_loss":0,"event_name":"Scrap Ooze","floor":3,"gold_loss":0}],"is_beta":false,"boss_relics":[],"items_purged_floors":[],"is_endless":false,"potions_floor_spawned":[12,14],"killed_by":"DF_ARCHETYPE_STREAMLINE","ascension_level":1}}