{"host":"i4yzoangb31cseo0","time":1612101252,"event":{"mods":["AchievementEnabler","BaseMod","Colored Powertips","Curses Come First","Minty Spire (QoL Compilation)","Permanent Neow","Rare Cards Sparkle","StSLib"],"gold_per_floor":[112,112,112,11,21,50,50,50,77,28,81,101,119,149,149,273,273,287,386,386,184,204,204,217,217,217,127,141,16,37,37,37,165,165,181,206,56,56,56,90,90,104,104,104,145,169,169,169,169,169,169,169,45,85,85,85],"floor_reached":55,"language":"ENG","playtime":2154,"items_purged":["Strike_P","Strike_P","Eruption","Strike_P"],"score":821,"play_id":"f98a2ac1-fa63-4065-bc72-cbc50f52c0bf","local_time":"20210201002412","is_ascension_mode":false,"campfire_choices":[{"data":"Defend_P","floor":7.0,"key":"SMITH"},{"floor":15.0,"key":"REST"},{"floor":23.0,"key":"REST"},{"data":"Defend_P","floor":25.0,"key":"SMITH"},{"floor":32.0,"key":"REST"},{"data":"PathToVictory","floor":41.0,"key":"SMITH"},{"floor":49,"key":"RECALL"},{"data":"PathToVictory","floor":52,"key":"SMITH"}],"circlet_count":0,"master_deck":["Defend_P+1","Defend_P+1","Vigilance","PathToVictory+1","PathToVictory+1","PathToVictory+1"],"relics":["PureWater","NeowsBlessing","Golden Idol","Blood Vial","Gremlin Horn","Busted Crown","Omamori","HornCleat","Orichalcum","Nunchaku"],"acts_visited":["Exordium","TheCity","TheBeyond","TheEnding"],"potions_floor_usage":[50,50,54,54],"damage_taken":[{"damage":0.0,"enemies":"Jaw Worm","floor":1.0,"turns":1.0},{"damage":0.0,"enemies":"Small Slimes","floor":5.0,"turns":1.0},{"damage":0.0,"enemies":"Lagavulin","floor":6.0,"turns":1.0},{"damage":3.0,"enemies":"2 Louse","floor":12.0,"turns":3.0},{"damage":4.0,"enemies":"Blue Slaver","floor":13.0,"turns":3.0},{"damage":27.0,"enemies":"Slime Boss","floor":16.0,"turns":10.0},{"damage":22.0,"enemies":"2 Thieves","floor":18.0,"turns":5.0},{"damage":10.0,"enemies":"Spheric Guardian","floor":22.0,"turns":4.0},{"damage":13.0,"enemies":"3 Cultists","floor":24.0,"turns":5.0},{"damage":6.0,"enemies":"Snake Plant","floor":28.0,"turns":4.0},{"damage":23.0,"enemies":"Sentry and Sphere","floor":30.0,"turns":5.0},{"damage":0.0,"enemies":"Champ","floor":33.0,"turns":5.0},{"damage":2.0,"enemies":"3 Darklings","floor":35.0,"turns":6.0},{"damage":10.0,"enemies":"Orb Walker","floor":36.0,"turns":3.0},{"damage":0.0,"enemies":"Giant Head","floor":40.0,"turns":4.0},{"damage":18.0,"enemies":"Writhing Mass","floor":42.0,"turns":3.0},{"damage":0.0,"enemies":"Reptomancer","floor":45.0,"turns":3.0},{"damage":12.0,"enemies":"3 Darklings","floor":46.0,"turns":2.0},{"damage":36,"enemies":"Donu and Deca","floor":50,"turns":8},{"damage":45,"enemies":"Shield and Spear","floor":54,"turns":7},{"damage":21,"enemies":"The Heart","floor":55,"turns":2}],"seed_played":"-663168595326193217","potions_obtained":[{"floor":1.0,"key":"Dexterity Potion"},{"floor":5.0,"key":"GamblersBrew"},{"floor":16.0,"key":"Ancient Potion"},{"floor":22.0,"key":"Explosive Potion"},{"floor":24.0,"key":"SmokeBomb"},{"floor":36.0,"key":"LiquidMemories"},{"floor":42.0,"key":"SkillPotion"},{"floor":45.0,"key":"Energy Potion"},{"floor":46.0,"key":"BlessingOfTheForge"}],"is_trial":false,"path_per_floor":["M","?","?","$","M","E","R","?","T","$","T","M","M","?","R","B",null,"M","?","?","$","M","R","M","R","T","?","M","$","M","$","R","B",null,"M","M","$","?","?","E","R","M","T","?","E","M","$","?","R","B",null,"R","$","E","B"],"character_chosen":"WATCHER","items_purchased":["PathToVictory","PathToVictory","PathToVictory","Block Potion","DuplicationPotion","Energy Potion"],"campfire_rested":3,"item_purchase_floors":[4,10,21,21,53,53],"current_hp_per_floor":[72,72,72,72,72,72,72,54,54,54,54,53,51,51,72,45,72,50,50,50,50,42,63,52,52,52,52,48,48,27,27,48,50,72,70,62,62,62,62,64,64,48,48,48,50,40,40,63,63,27,63,63,63,18,0,0],"gold":85,"neow_bonus":"THREE_ENEMY_KILL","is_daily":false,"chose_seed":false,"campfire_upgraded":4,"win_rate":0.0,"timestamp":1612101252,"path_taken":["M","?","?","$","M","E","R","?","T","$","?","M","?","?","R","BOSS","M","?","?","$","M","R","M","R","T","?","?","$","M","$","R","BOSS","M","M","$","?","?","E","R","?","T","?","E","M","$","?","R","BOSS","R","$","E","BOSS"],"items_purchased_type":["Card","Card","Card","Potion","Potion","Potion"],"build_version":"2020-12-22","purchased_purges":4,"victory":false,"max_hp_per_floor":[72,72,72,72,72,72,72,72,72,72,72,72,72,72,72,72,72,72,72,72,72,72,72,72,72,72,72,72,72,72,72,72,72,72,72,72,72,72,72,72,72,72,72,72,72,72,72,63,63,63,63,63,63,63,63,63],"card_choices":[{"not_picked":["MentalFortress","Study","FlurryOfBlows"],"picked":"SKIP","floor":1.0},{"not_picked":["Halt","JustLucky","InnerPeace"],"picked":"SKIP","floor":5.0},{"not_picked":["DeceiveReality","BowlingBash","JustLucky"],"picked":"SKIP","floor":6.0},{"not_picked":["Evaluate","Consecrate","CutThroughFate"],"picked":"SKIP","floor":12.0},{"not_picked":["Meditate","Worship","FlyingSleeves"],"picked":"SKIP","floor":13.0},{"not_picked":["Halt","FollowUp+1","ThirdEye"],"picked":"SKIP","floor":18.0},{"not_picked":["Collect","Consecrate+1","EmptyBody"],"picked":"SKIP","floor":22.0},{"not_picked":["EmptyFist","WheelKick","Judgement"],"picked":"SKIP","floor":24.0},{"not_picked":["CrushJoints","Evaluate","Fasting2"],"picked":"SKIP","floor":28.0},{"not_picked":["PathToVictory","InnerPeace","Fasting2+1"],"picked":"SKIP","floor":30.0},{"not_picked":["CrushJoints"],"picked":"SKIP","floor":35.0},{"not_picked":["LikeWater"],"picked":"SKIP","floor":36.0},{"not_picked":["FearNoEvil+1"],"picked":"SKIP","floor":40.0},{"not_picked":["Consecrate"],"picked":"SKIP","floor":42.0},{"not_picked":["EmptyBody"],"picked":"SKIP","floor":45.0},{"not_picked":["Halt+1"],"picked":"SKIP","floor":46.0},{"not_picked":["FlurryOfBlows+1"],"picked":"SKIP","floor":54}],"player_experience":146838,"relics_obtained":[{"floor":9.0,"key":"Blood Vial"},{"floor":40.0,"key":"Omamori"},{"floor":43.0,"key":"HornCleat"},{"floor":45.0,"key":"Orichalcum"},{"floor":54,"key":"Nunchaku"}],"event_choices":[{"damage_healed":0.0,"max_hp_gain":0.0,"max_hp_loss":0.0,"gold_gain":0.0,"event_name":"Scrap Ooze","player_choice":"Fled","floor":2.0,"gold_loss":0.0,"damage_taken":0.0},{"damage_healed":0.0,"max_hp_gain":0.0,"max_hp_loss":0.0,"gold_gain":0.0,"event_name":"Liars Game","player_choice":"Ignored","floor":3.0,"gold_loss":0.0,"damage_taken":0.0},{"damage_healed":0.0,"max_hp_gain":0.0,"max_hp_loss":0.0,"gold_gain":0.0,"event_name":"Golden Idol","player_choice":"Take Damage","floor":8.0,"gold_loss":0.0,"damage_taken":18.0,"relics_obtained":["Golden Idol"]},{"damage_healed":0.0,"max_hp_gain":0.0,"max_hp_loss":0.0,"gold_gain":30.0,"event_name":"Dead Adventurer","player_choice":"Searched \u00273\u0027 times","floor":14.0,"gold_loss":0.0,"damage_taken":0.0,"relics_obtained":["Gremlin Horn"]},{"damage_healed":0.0,"max_hp_gain":0.0,"max_hp_loss":0.0,"gold_gain":99.0,"event_name":"Nest","player_choice":"Stole From Cult","floor":19.0,"gold_loss":0.0,"damage_taken":0.0},{"damage_healed":0.0,"max_hp_gain":0.0,"max_hp_loss":0.0,"gold_gain":0.0,"event_name":"Ghosts","player_choice":"Ignored","floor":20.0,"gold_loss":0.0,"damage_taken":0.0},{"cards_removed":["Defend_P"],"damage_healed":0.0,"max_hp_gain":0.0,"max_hp_loss":0.0,"gold_gain":0.0,"event_name":"Designer","player_choice":"Upgrade and Remove","floor":27.0,"gold_loss":90.0,"damage_taken":0.0,"cards_upgraded":["PathToVictory"]},{"damage_healed":0.0,"max_hp_gain":0.0,"max_hp_loss":0.0,"gold_gain":0.0,"event_name":"SensoryStone","player_choice":"Memory 1","floor":38.0,"gold_loss":0.0,"damage_taken":0.0},{"cards_removed":["Defend_P"],"damage_healed":0.0,"max_hp_gain":0.0,"max_hp_loss":0.0,"gold_gain":0.0,"event_name":"Bonfire Elementals","player_choice":"Offered Basic","floor":39.0,"gold_loss":0.0,"damage_taken":0.0},{"cards_removed":["Strike_P"],"damage_healed":0.0,"max_hp_gain":0.0,"max_hp_loss":0.0,"gold_gain":0.0,"event_name":"Falling","player_choice":"Removed Attack","floor":44.0,"gold_loss":0.0,"damage_taken":0.0},{"damage_healed":63,"gold_gain":0,"player_choice":"Heal","damage_taken":0,"max_hp_gain":0,"max_hp_loss":9,"event_name":"The Moai Head","floor":48,"gold_loss":0}],"is_beta":false,"boss_relics":[{"not_picked":["Cursed Key","Snecko Eye","Sozu"]},{"not_picked":["VioletLotus","Black Star"],"picked":"Busted Crown"}],"items_purged_floors":[4,21,29,37],"is_endless":false,"potions_floor_spawned":[1,5,16,22,24,36,42,45,46],"killed_by":"The Heart","ascension_level":0}}