{"host":"f0gpob8hq9vgebej","time":1612086275,"event":{"mods":["AchievementEnabler","BaseMod","Minty Spire (QoL Compilation)","Quick Restart","SuperFastMode"],"gold_per_floor":[109,124,135,146,162,162,20,20,46,65,65,65,76,92,92,166,166,178,196,208,208,208],"floor_reached":21,"language":"KOR","playtime":2297,"items_purged":["Strike_R"],"score":310,"play_id":"9896b90d-0adb-46b1-8033-5f7777b2ce7f","local_time":"20210131184435","is_ascension_mode":true,"campfire_choices":[{"data":"Demon Form","floor":6.0,"key":"SMITH"},{"data":"Shrug It Off","floor":12.0,"key":"SMITH"},{"floor":15.0,"key":"REST"}],"circlet_count":0,"master_deck":["AscendersBane","Strike_R","Strike_R","Strike_R","Defend_R","Defend_R","Defend_R","Bash","Body Slam","Cleave","Shrug It Off+1","Demon Form+1","Ghostly Armor","Spot Weakness","Sword Boomerang","Shrug It Off","Reaper","Havoc+1"],"relics":["Burning Blood","Nunchaku","Bag of Preparation"],"acts_visited":["Exordium","TheCity"],"potions_floor_usage":[],"damage_taken":[{"damage":6.0,"enemies":"Cultist","floor":1.0,"turns":3.0},{"damage":0.0,"enemies":"Small Slimes","floor":2.0,"turns":5.0},{"damage":13.0,"enemies":"Jaw Worm","floor":3.0,"turns":5.0},{"damage":39.0,"enemies":"Gremlin Gang","floor":4.0,"turns":6.0},{"damage":0.0,"enemies":"Large Slime","floor":5.0,"turns":3.0},{"damage":12.0,"enemies":"3 Louse","floor":10.0,"turns":4.0},{"damage":6.0,"enemies":"Exordium Thugs","floor":13.0,"turns":7.0},{"damage":23.0,"enemies":"Red Slaver","floor":14.0,"turns":5.0},{"damage":18.0,"enemies":"Slime Boss","floor":16.0,"turns":6.0},{"damage":17.0,"enemies":"3 Byrds","floor":18.0,"turns":6.0},{"damage":37.0,"enemies":"Chosen","floor":19.0,"turns":5.0},{"damage":29.0,"enemies":"Centurion and Healer","floor":20.0,"turns":5.0},{"damage":36,"enemies":"Sentry and Sphere","floor":21,"turns":5}],"seed_played":"1878443706150337532","potions_obtained":[{"floor":4.0,"key":"AttackPotion"},{"floor":5.0,"key":"EssenceOfSteel"},{"floor":13.0,"key":"Regen Potion"},{"floor":19.0,"key":"ColorlessPotion"}],"is_trial":false,"path_per_floor":["M","M","M","M","M","R","$","?","T","M","T","R","M","M","R","B",null,"M","M","M","M"],"character_chosen":"IRONCLAD","items_purchased":["Ghostly Armor"],"campfire_rested":1,"item_purchase_floors":[7],"current_hp_per_floor":[68,68,61,28,34,34,34,34,34,28,28,28,28,11,31,34,60,55,34,37,8,8],"gold":208,"neow_bonus":"REMOVE_TWO","is_daily":false,"chose_seed":false,"campfire_upgraded":2,"win_rate":0.0,"timestamp":1612086275,"path_taken":["M","M","M","M","?","R","$","?","T","M","?","R","M","?","R","BOSS","M","M","M","?"],"items_purchased_type":["Card"],"build_version":"2020-12-22","purchased_purges":1,"victory":false,"max_hp_per_floor":[68,68,68,68,68,68,68,68,68,68,68,68,68,68,68,68,68,68,68,68,68,68],"card_choices":[{"not_picked":["Clothesline","Uppercut"],"picked":"Body Slam","floor":1.0},{"not_picked":["Reckless Charge","Pommel Strike","Heavy Blade"],"picked":"SKIP","floor":2.0},{"not_picked":["Wild Strike","Twin Strike"],"picked":"Cleave","floor":3.0},{"not_picked":["Twin Strike","Thunderclap"],"picked":"Shrug It Off","floor":4.0},{"not_picked":["Iron Wave","Headbutt"],"picked":"Demon Form","floor":5.0},{"not_picked":["Shrug It Off","Battle Trance"],"picked":"Spot Weakness","floor":10.0},{"not_picked":["Body Slam","Twin Strike"],"picked":"Sword Boomerang","floor":13.0},{"not_picked":["Sever Soul","Headbutt"],"picked":"Shrug It Off","floor":14.0},{"not_picked":["Immolate","Offering"],"picked":"Reaper","floor":16.0},{"not_picked":["Rage","True Grit","Pommel Strike"],"picked":"SKIP","floor":18.0},{"not_picked":["Blood for Blood","Clothesline+1"],"picked":"Havoc+1","floor":19.0},{"not_picked":["Twin Strike","Headbutt","True Grit"],"picked":"SKIP","floor":20.0}],"player_experience":309685,"relics_obtained":[{"floor":9.0,"key":"Nunchaku"},{"floor":11.0,"key":"Bag of Preparation"}],"event_choices":[{"damage_healed":0.0,"max_hp_gain":0.0,"max_hp_loss":0.0,"gold_gain":0.0,"event_name":"Liars Game","player_choice":"Ignored","floor":8.0,"gold_loss":0.0,"damage_taken":0.0}],"is_beta":false,"boss_relics":[{"not_picked":["Fusion Hammer","Cursed Key","Velvet Choker"]}],"items_purged_floors":[7],"is_endless":false,"potions_floor_spawned":[4,5,13,19],"killed_by":"Sentry and Sphere","ascension_level":15}}