{"host":"0nx4xnj8k8h60evy","time":1612102702,"event":{"mods":["Act Like it!","BaseMod","Highlight Path","Marisa£®ÏF”Í°°ƒß¿Ì…≥£©","Minty Spire (QoL Compilation)","Reimu£®≤©¿ˆ¡È√Œ£©","Remilia£®¿Ÿ√◊¿Ú—«£©","SOS£®Àπ∞Õ¥Ô÷Æ◊”£©","StSLib","Youmu£®ªÍ∆«—˝√Œ£©"],"gold_per_floor":[109,121,138,15,15,15,30,30,30,64,139,87,100,119,119,218,218,238,256,268,268,268,268,283,295,295,312,343,442,442,455,455,557,557,568,21,72,82,131,131,164,182,206,206,216,236,263,282,282,282],"floor_reached":51,"language":"ZHS","playtime":3614,"items_purged":[],"score":1074,"play_id":"4854ee98-9252-4cca-9de0-0813a374ad6d","local_time":"20210131221822","is_ascension_mode":true,"campfire_choices":[{"data":"NB:ReiMu","floor":6,"key":"SMITH"},{"data":"InherentArray:ReiMu","floor":8,"key":"SMITH"},{"floor":15,"key":"REST"},{"floor":23,"key":"REST"},{"floor":30,"key":"REST"},{"floor":32,"key":"REST"},{"floor":40,"key":"REST"},{"floor":44,"key":"REST"},{"floor":49,"key":"REST"}],"circlet_count":0,"master_deck":["Strike_Lin:ReiMu","Strike_Lin:ReiMu","Strike_Lin:ReiMu","Strike_Lin:ReiMu","Defend_Lin:ReiMu","Defend_Lin:ReiMu","Defend_Lin:ReiMu","Defend_Lin:ReiMu","NB:ReiMu+1","Stagnation:ReiMu","UpKicking:ReiMu+1","SubcavityInstant:ReiMu","OctopathBindingBorder2:ReiMu","SpiritualOutbreak2:ReiMu","AlertArray:ReiMu","InherentArray:ReiMu+1","FoulBorder2:ReiMu","TightArray:ReiMu","PrepareRite:ReiMu+1","DependentForm:ReiMu","ShadowOfCrow2:ReiMu+1","SpringWay:ReiMu+1","DoubleButterfly:ReiMu","SubAcupoint:ReiMu+1","SpreadBorder2:ReiMu+1","AirManeuver:ReiMu+1","TakeOff:ReiMu+1","SpreadBorder2:ReiMu+1","YinYang:ReiMu","OrbThrow:ReiMu+1","BlastKick2:ReiMu","Crusade:ReiMu","TightArray:ReiMu","WonderfulDomain:ReiMu+1","RainPray2:ReiMu+1","WonderfulDomain:ReiMu+1","AirStrike:ReiMu","OrbThrow:ReiMu","AirStrike:ReiMu","Intuition:ReiMu+1"],"relics":["FlyPower:ReiMu","Bow_fan:ReiMu","Matryoshka","HornCleat","Toxic Egg 2","DonationBox:ReiMu","MutagenicStrength","Bronze Scales","Pear","Toy Ornithopter","Busted Crown","Orichalcum","Bottled Lightning","CatCart","Gambling Chip","Gremlin Horn","Tea:ReiMu","Potion Belt","MealTicket"],"acts_visited":["Exordium","TheCity","TheBeyond"],"potions_floor_usage":[7,22,25,28,39,39,48,50,50,50,50],"damage_taken":[{"damage":2,"enemies":"Small Slimes","floor":1,"turns":3},{"damage":7,"enemies":"Jaw Worm","floor":2,"turns":5},{"damage":0,"enemies":"2 Louse","floor":3,"turns":2},{"damage":2,"enemies":"Gremlin Gang","floor":7,"turns":3},{"damage":12,"enemies":"Lagavulin","floor":10,"turns":6},{"damage":12,"enemies":"2 Fungi Beasts","floor":13,"turns":3},{"damage":0,"enemies":"Looter","floor":14,"turns":3},{"damage":10,"enemies":"Hexaghost","floor":16,"turns":10},{"damage":16,"enemies":"Shell Parasite","floor":18,"turns":5},{"damage":3,"enemies":"3 Byrds","floor":19,"turns":4},{"damage":36,"enemies":"Centurion and Healer","floor":20,"turns":6},{"damage":27,"enemies":"Snecko","floor":24,"turns":7},{"damage":0,"enemies":"Snake Plant","floor":25,"turns":3},{"damage":12,"enemies":"Centurion and Healer","floor":27,"turns":8},{"damage":2,"enemies":"Book of Stabbing","floor":28,"turns":5},{"damage":0,"enemies":"Chosen and Byrds","floor":31,"turns":5},{"damage":8,"enemies":"Automaton","floor":33,"turns":12},{"damage":12,"enemies":"3 Shapes","floor":35,"turns":2},{"damage":75,"enemies":"Orin","floor":37,"turns":9},{"damage":0,"enemies":"Orb Walker","floor":38,"turns":2},{"damage":14,"enemies":"2 Orb Walkers","floor":39,"turns":4},{"damage":30,"enemies":"Giant Head","floor":41,"turns":9},{"damage":23,"enemies":"Writhing Mass","floor":42,"turns":6},{"damage":18,"enemies":"4 Shapes","floor":45,"turns":3},{"damage":15,"enemies":"3 Darklings","floor":46,"turns":3},{"damage":7,"enemies":"Spire Growth","floor":48,"turns":4},{"damage":19,"enemies":"Donu and Deca","floor":50,"turns":7}],"seed_played":"4939076130938497799","potions_obtained":[{"floor":2,"key":"PinkPotion:ReiMu"},{"floor":3,"key":"DuplicationPotion"},{"floor":7,"key":"BlessingOfTheForge"},{"floor":14,"key":"ZuzhouPotion:ReiMu"},{"floor":19,"key":"FairyPotion"},{"floor":22,"key":"Fruit Juice"},{"floor":22,"key":"BottledKami:ReiMu"},{"floor":27,"key":"Strength Potion"},{"floor":33,"key":"PinkPotion:ReiMu"},{"floor":38,"key":"HakureiPotion:ReiMu"},{"floor":39,"key":"Fruit Juice"},{"floor":41,"key":"Explosive Potion"},{"floor":45,"key":"Strength Potion"},{"floor":46,"key":"Regen Potion"}],"is_trial":false,"path_per_floor":["M","M","M","$","?","R","M","R","T","E","?","?","M","M","R","B",null,"M","M","M","?","?","R","M","M","T","M","E","?","R","M","R","B",null,"M","$","?","M","?","R","E","M","T","R","M","M","T","M","R","B",null],"character_chosen":"REIMU","items_purchased":["SpiritualOutbreak2:ReiMu","AlertArray:ReiMu","Orichalcum","BlastKick2:ReiMu","Crusade:ReiMu","Bottled Lightning"],"campfire_rested":7,"item_purchase_floors":[4,4,36,36,36,36],"current_hp_per_floor":[63,56,56,56,56,56,54,54,54,42,31,31,19,19,38,28,65,49,46,10,10,15,36,9,9,19,7,5,5,29,29,53,45,80,68,68,21,21,22,47,17,17,17,42,24,9,9,21,46,47],"gold":282,"neow_bonus":"RANDOM_COMMON_RELIC","is_daily":false,"chose_seed":false,"campfire_upgraded":2,"win_rate":0.0,"timestamp":1612102702,"path_taken":["M","M","M","$","?","R","M","R","T","E","?","?","?","M","R","BOSS","M","?","?","?","?","R","M","M","T","?","E","?","R","M","R","BOSS","M","$","?","M","?","R","E","M","T","R","M","M","?","?","R","BOSS"],"items_purchased_type":["Card","Card","Relic","Card","Card","Relic"],"build_version":"2020-12-22","purchased_purges":0,"victory":true,"max_hp_per_floor":[65,65,65,65,65,65,65,65,65,65,65,65,65,65,65,65,65,65,65,65,65,70,70,70,70,80,80,80,80,80,80,80,80,80,80,80,80,80,85,85,85,85,85,85,85,85,85,85,85,85],"card_choices":[{"not_picked":["OrbThrow:ReiMu","Mountainwind:ReiMu"],"picked":"UpKicking:ReiMu","floor":1},{"not_picked":["Intuition:ReiMu","MountainWay:ReiMu"],"picked":"SubcavityInstant:ReiMu","floor":2},{"not_picked":["UpKicking:ReiMu","Intuition:ReiMu"],"picked":"OctopathBindingBorder2:ReiMu","floor":3},{"not_picked":["Authority:ReiMu","CareerPray:ReiMu"],"picked":"InherentArray:ReiMu","floor":7},{"not_picked":["Shading:ReiMu","Authority:ReiMu"],"picked":"FoulBorder2:ReiMu","floor":10},{"not_picked":["RainPray2:ReiMu+1","Gathering:ReiMu"],"picked":"TightArray:ReiMu","floor":13},{"not_picked":["SealNeedle:ReiMu","Crusade:ReiMu"],"picked":"PrepareRite:ReiMu+1","floor":14},{"not_picked":["RunawayExorcism:ReiMu+1","Shading:ReiMu+1"],"picked":"DependentForm:ReiMu","floor":16},{"not_picked":["SpiritualOutbreak2:ReiMu","OrbThrow:ReiMu"],"picked":"ShadowOfCrow2:ReiMu+1","floor":18},{"not_picked":["SealNeedle:ReiMu","TakeOff:ReiMu+1"],"picked":"SpringWay:ReiMu+1","floor":19},{"not_picked":["Enchanting:ReiMu+1","Meditation:ReiMu+1"],"picked":"DoubleButterfly:ReiMu","floor":20},{"not_picked":["Intuition:ReiMu+1","SealNeedle:ReiMu"],"picked":"SubAcupoint:ReiMu+1","floor":24},{"not_picked":["SubcavityInstant:ReiMu+1","Revelation:ReiMu+1"],"picked":"SpreadBorder2:ReiMu+1","floor":25},{"not_picked":["Meditation:ReiMu+1","NineCharacters:ReiMu"],"picked":"AirManeuver:ReiMu+1","floor":27},{"not_picked":["NineCharacters:ReiMu","FoulBorder2:ReiMu"],"picked":"TakeOff:ReiMu+1","floor":28},{"not_picked":["SpiritualOutbreak2:ReiMu","Intuition:ReiMu+1"],"picked":"SpreadBorder2:ReiMu+1","floor":31},{"not_picked":["Shading:ReiMu+1","PrayRite:ReiMu+1"],"picked":"YinYang:ReiMu","floor":33},{"not_picked":[],"picked":"OrbThrow:ReiMu+1","floor":35},{"not_picked":[],"picked":"TightArray:ReiMu","floor":37},{"not_picked":[],"picked":"WonderfulDomain:ReiMu+1","floor":38},{"not_picked":[],"picked":"RainPray2:ReiMu+1","floor":39},{"not_picked":[],"picked":"WonderfulDomain:ReiMu+1","floor":41},{"not_picked":[],"picked":"AirStrike:ReiMu","floor":42},{"not_picked":[],"picked":"OrbThrow:ReiMu","floor":45},{"not_picked":[],"picked":"AirStrike:ReiMu","floor":46},{"not_picked":[],"picked":"Intuition:ReiMu+1","floor":48}],"player_experience":241968,"relics_obtained":[{"floor":9,"key":"Matryoshka"},{"floor":10,"key":"HornCleat"},{"floor":26,"key":"Bronze Scales"},{"floor":26,"key":"Pear"},{"floor":28,"key":"Toy Ornithopter"},{"floor":37,"key":"CatCart"},{"floor":39,"key":"Gambling Chip"},{"floor":41,"key":"Gremlin Horn"},{"floor":43,"key":"Tea:ReiMu"},{"floor":43,"key":"Potion Belt"},{"floor":47,"key":"MealTicket"}],"event_choices":[{"damage_healed":0,"gold_gain":0,"player_choice":"Grow","damage_taken":0,"max_hp_gain":0,"max_hp_loss":0,"event_name":"Living Wall","floor":5,"gold_loss":0,"cards_upgraded":["UpKicking:ReiMu"]},{"damage_healed":0,"gold_gain":75,"player_choice":"Gather Gold","damage_taken":11,"max_hp_gain":0,"max_hp_loss":0,"event_name":"World of Goop","floor":11,"gold_loss":0},{"damage_healed":0,"gold_gain":0,"player_choice":"Paid Gold","damage_taken":0,"relics_obtained":["Toxic Egg 2"],"max_hp_gain":0,"max_hp_loss":0,"event_name":"WeMeetAgain","floor":12,"gold_loss":52},{"damage_healed":0,"gold_gain":0,"player_choice":"Inject Mutagens","damage_taken":0,"relics_obtained":["MutagenicStrength"],"max_hp_gain":0,"max_hp_loss":0,"event_name":"Drug Dealer","floor":21,"gold_loss":0},{"damage_healed":0,"gold_gain":0,"player_choice":"Got Potions","damage_taken":0,"max_hp_gain":0,"max_hp_loss":0,"event_name":"Lab","floor":22,"gold_loss":0},{"damage_healed":0,"gold_gain":99,"player_choice":"Stole From Cult","damage_taken":0,"max_hp_gain":0,"max_hp_loss":0,"event_name":"Nest","floor":29,"gold_loss":0},{"damage_healed":0,"gold_gain":0,"player_choice":"Fight","damage_taken":0,"max_hp_gain":0,"max_hp_loss":0,"event_name":"OrinTheCat","floor":37,"gold_loss":0},{"damage_healed":0,"gold_gain":0,"player_choice":"Fight","damage_taken":0,"max_hp_gain":0,"max_hp_loss":0,"event_name":"Mysterious Sphere","floor":39,"gold_loss":0}],"is_beta":false,"boss_relics":[{"not_picked":["CrownOfHeavens:ReiMu","Sozu"],"picked":"DonationBox:ReiMu"},{"not_picked":["Runic Pyramid","Astrolabe"],"picked":"Busted Crown"}],"items_purged_floors":[],"is_endless":false,"potions_floor_spawned":[2,3,7,14,19,24,27,33,38,39,41,45,46],"ascension_level":4}}