{"host":"x5w9zppki4gdwvc7","time":1612118534,"event":{"mods":["AchievementEnabler","BaseMod","Colored Powertips","DeckTracker","Minty Spire (QoL Compilation)","Relic Sorter","SuperFastMode"],"gold_per_floor":[115,131,131,141,38,63,63,63,89,89,119,134,134,134,134,239,239,214,129,147,192,24,24,24,59,86,86,111,138,152,92,92,199,199,225,247,266,275,275,275,275,293,354,354,382,382,398,416,416,416],"floor_reached":51,"language":"ENG","playtime":3209,"items_purged":["Strike_G"],"score":843,"play_id":"16d2ae82-7a29-42f9-b93a-c1d223ff229c","local_time":"20210131194214","is_ascension_mode":true,"campfire_choices":[{"data":"Caltrops","floor":7,"key":"SMITH"},{"data":"Blur","floor":10,"key":"SMITH"},{"data":"Blur","floor":13,"key":"SMITH"},{"floor":15,"key":"REST"},{"data":"Infinite Blades","floor":23,"key":"SMITH"},{"data":"Prepared","floor":27,"key":"SMITH"},{"floor":32,"key":"REST"},{"floor":40,"key":"REST"},{"data":"Madness","floor":44,"key":"SMITH"},{"data":"Madness","floor":49,"key":"SMITH"}],"circlet_count":0,"master_deck":["Strike_G+1","Strike_G+1","Defend_G+1","Defend_G+1","Defend_G+1","Defend_G+1","Defend_G+1","Survivor+1","Neutralize+1","Blur+1","Infinite Blades+1","Blur+1","Dagger Throw+1","Caltrops+1","Acrobatics+1","Tools of the Trade+1","Quick Slash+1","Ghostly+1","Ghostly+1","Ghostly+1","Ghostly+1","Ghostly+1","Swift Strike+1","Slice+1","Prepared+1","Infinite Blades+1","Accuracy+1","Footwork+1","After Image+1","Backflip+1","Blade Dance+1","Accuracy+1","Purity+1","Madness+1","Madness+1","Pain","Blade Dance"],"relics":["Ring of the Snake","PreservedInsect","CeramicFish","Regal Pillow","Ancient Tea Set","WristBlade","Nunchaku","HornCleat","Bronze Scales","Cursed Key","Mark of the Bloom","Whetstone"],"acts_visited":["Exordium","TheCity","TheBeyond"],"potions_floor_usage":[16,50,50],"damage_taken":[{"damage":0,"enemies":"Small Slimes","floor":1,"turns":4},{"damage":0,"enemies":"Cultist","floor":2,"turns":5},{"damage":0,"enemies":"2 Louse","floor":4,"turns":5},{"damage":20,"enemies":"3 Sentries","floor":6,"turns":9},{"damage":0,"enemies":"Lagavulin","floor":11,"turns":8},{"damage":13,"enemies":"Large Slime","floor":12,"turns":7},{"damage":9,"enemies":"Hexaghost","floor":16,"turns":13},{"damage":27,"enemies":"2 Thieves","floor":18,"turns":5},{"damage":30,"enemies":"3 Byrds","floor":20,"turns":4},{"damage":0,"enemies":"Book of Stabbing","floor":25,"turns":5},{"damage":2,"enemies":"Sentry and Sphere","floor":28,"turns":5},{"damage":4,"enemies":"Shelled Parasite and Fungi","floor":29,"turns":4},{"damage":0,"enemies":"Snecko","floor":30,"turns":5},{"damage":5,"enemies":"Collector","floor":33,"turns":11},{"damage":0,"enemies":"3 Shapes","floor":35,"turns":5},{"damage":0,"enemies":"Orb Walker","floor":36,"turns":4},{"damage":1,"enemies":"Spire Growth","floor":37,"turns":4},{"damage":0,"enemies":"Maw","floor":45,"turns":7},{"damage":15,"enemies":"Jaw Worm Horde","floor":47,"turns":4},{"damage":0,"enemies":"Writhing Mass","floor":48,"turns":5},{"damage":10,"enemies":"Donu and Deca","floor":50,"turns":7}],"seed_played":"-5876456532212641867","potions_obtained":[{"floor":1,"key":"Ancient Potion"},{"floor":4,"key":"CunningPotion"},{"floor":16,"key":"PowerPotion"},{"floor":24,"key":"FairyPotion"},{"floor":24,"key":"Dexterity Potion"},{"floor":24,"key":"CultistPotion"}],"is_trial":false,"path_per_floor":["M","M","?","M","$","E","R","?","T","R","E","M","R","?","R","B",null,"M","?","M","?","$","R","?","E","T","R","M","M","M","$","R","B",null,"M","M","M","?","?","R","?","?","T","R","M","?","M","M","R","B",null],"character_chosen":"THE_SILENT","items_purchased":["Caltrops","Acrobatics","Swift Strike","Slice","Footwork"],"campfire_rested":3,"item_purchase_floors":[5,5,22,22,31],"current_hp_per_floor":[70,70,70,70,70,50,50,43,43,43,43,30,30,27,63,54,70,43,43,13,13,13,13,13,13,13,13,11,7,7,7,32,27,35,35,35,34,34,34,34,34,30,30,30,30,30,15,15,15,5],"gold":416,"neow_bonus":"UPGRADE_CARD","is_daily":false,"chose_seed":false,"campfire_upgraded":7,"win_rate":0.0,"timestamp":1612118534,"path_taken":["M","M","?","?","$","E","R","?","T","R","E","?","R","?","R","BOSS","M","?","M","?","?","R","?","E","T","R","M","?","M","$","R","BOSS","M","M","?","?","?","R","?","?","T","R","M","?","M","M","R","BOSS"],"items_purchased_type":["Card","Card","Card","Card","Card"],"build_version":"2020-12-22","purchased_purges":1,"victory":true,"max_hp_per_floor":[70,70,70,70,70,70,70,70,70,70,70,70,70,70,70,70,70,70,70,70,35,35,35,35,35,35,35,35,35,35,35,35,35,35,35,35,35,35,35,35,35,35,35,35,35,35,35,35,35,35],"card_choices":[{"not_picked":["Caltrops","Underhanded Strike"],"picked":"Blur","floor":1},{"not_picked":["Sucker Punch","Expertise"],"picked":"Infinite Blades","floor":2},{"not_picked":["Tactician","Riddle With Holes"],"picked":"Dagger Throw","floor":4},{"not_picked":["Distraction","Blur","Envenom"],"picked":"SKIP","floor":6},{"not_picked":["Backstab","Dagger Spray","Flying Knee"],"picked":"SKIP","floor":11},{"not_picked":["Bane","Predator","Prepared"],"picked":"SKIP","floor":12},{"not_picked":["Corpse Explosion","Envenom"],"picked":"Tools of the Trade","floor":16},{"not_picked":["Dagger Throw","Deadly Poison"],"picked":"Quick Slash","floor":18},{"not_picked":["Masterful Stab","Bouncing Flask","Poisoned Stab"],"picked":"SKIP","floor":20},{"not_picked":["Caltrops+1","Poisoned Stab"],"picked":"Prepared","floor":25},{"not_picked":["Poisoned Stab+1","Catalyst"],"picked":"Infinite Blades","floor":28},{"not_picked":["Finisher+1","Catalyst+1"],"picked":"Accuracy","floor":29},{"not_picked":["Poisoned Stab","Bane","Quick Slash"],"picked":"SKIP","floor":30},{"not_picked":["Poisoned Stab","Bane","Quick Slash"],"picked":"SKIP","floor":30},{"not_picked":["Doppelganger","Die Die Die"],"picked":"After Image","floor":33},{"not_picked":["PiercingWail","Concentrate"],"picked":"Backflip+1","floor":35},{"not_picked":["Eviscerate","Deadly Poison"],"picked":"Blade Dance+1","floor":36},{"not_picked":["Slice","Underhanded Strike+1"],"picked":"Accuracy+1","floor":37},{"not_picked":["Mind Blast","Good Instincts"],"picked":"Purity","floor":38},{"not_picked":["Expertise","Prepared"],"picked":"Blade Dance","floor":45},{"not_picked":["Skewer+1","Storm of Steel","Bane+1"],"picked":"SKIP","floor":47},{"not_picked":["PiercingWail+1","Outmaneuver","Bane"],"picked":"SKIP","floor":48}],"player_experience":331616,"relics_obtained":[{"floor":6,"key":"PreservedInsect"},{"floor":9,"key":"CeramicFish"},{"floor":11,"key":"Regal Pillow"},{"floor":25,"key":"HornCleat"},{"floor":26,"key":"Bronze Scales"},{"floor":43,"key":"Whetstone"}],"event_choices":[{"damage_healed":0,"gold_gain":0,"cards_transformed":["Strike_G"],"player_choice":"Transformed","damage_taken":0,"max_hp_gain":0,"max_hp_loss":0,"event_name":"Transmorgrifier","floor":3,"gold_loss":0,"cards_obtained":["Blur"]},{"damage_healed":0,"gold_gain":0,"player_choice":"Damaged","damage_taken":7,"max_hp_gain":0,"max_hp_loss":0,"event_name":"Wheel of Change","floor":8,"gold_loss":0},{"damage_healed":0,"gold_gain":0,"player_choice":"Success","damage_taken":3,"relics_obtained":["Ancient Tea Set"],"max_hp_gain":0,"max_hp_loss":0,"event_name":"Scrap Ooze","floor":14,"gold_loss":0},{"damage_healed":0,"gold_gain":0,"player_choice":"Obtained Relic","damage_taken":0,"relics_obtained":["Nunchaku"],"max_hp_gain":0,"max_hp_loss":0,"event_name":"Addict","floor":19,"gold_loss":85},{"damage_healed":0,"gold_gain":0,"player_choice":"Became a Ghost","damage_taken":0,"max_hp_gain":0,"max_hp_loss":35,"event_name":"Ghosts","floor":21,"gold_loss":0,"cards_obtained":["Ghostly","Ghostly","Ghostly","Ghostly","Ghostly"]},{"damage_healed":0,"gold_gain":0,"player_choice":"Got Potions","damage_taken":0,"max_hp_gain":0,"max_hp_loss":0,"event_name":"Lab","floor":24,"gold_loss":0},{"damage_healed":0,"gold_gain":0,"player_choice":"Memory 1","damage_taken":0,"max_hp_gain":0,"max_hp_loss":0,"event_name":"SensoryStone","floor":38,"gold_loss":0},{"damage_healed":0,"gold_gain":0,"player_choice":"Upgrade","damage_taken":0,"relics_obtained":["Mark of the Bloom"],"max_hp_gain":0,"max_hp_loss":0,"event_name":"MindBloom","floor":39,"gold_loss":0,"cards_upgraded":["Strike_G","Strike_G","Strike_G","Defend_G","Defend_G","Defend_G","Defend_G","Defend_G","Survivor","Dagger Throw","Acrobatics","Tools of the Trade","Quick Slash","Ghostly","Ghostly","Ghostly","Ghostly","Ghostly","Swift Strike","Slice","Infinite Blades","Accuracy","Footwork","After Image","Purity"]},{"cards_removed":["Strike_G"],"damage_healed":0,"gold_gain":0,"player_choice":"Removed Attack","damage_taken":0,"max_hp_gain":0,"max_hp_loss":0,"event_name":"Falling","floor":41,"gold_loss":0},{"damage_healed":0,"gold_gain":0,"player_choice":"Embrace Madness","damage_taken":4,"max_hp_gain":0,"max_hp_loss":0,"event_name":"Winding Halls","floor":42,"gold_loss":0,"cards_obtained":["Madness","Madness"]},{"damage_healed":0,"gold_gain":0,"player_choice":"Ignored","damage_taken":0,"max_hp_gain":0,"max_hp_loss":0,"event_name":"Mysterious Sphere","floor":46,"gold_loss":0}],"is_beta":false,"boss_relics":[{"not_picked":["Empty Cage","Ring of the Serpent"],"picked":"WristBlade"},{"not_picked":["SlaversCollar","Snecko Eye"],"picked":"Cursed Key"}],"items_purged_floors":[22],"is_endless":false,"potions_floor_spawned":[1,4,16,25,29,33,35,36,45],"ascension_level":2}}