{"host":"g7mkzn6qfoxkk5sz","time":1612087258,"event":{"mods":["BaseMod","Colored Map","Colored Powertips","Downfall","Hermit","Marisa????????","Minty Spire (QoL Compilation)","StSLib","The Animator","The Bug Knight","The Servant 0.9.4"],"gold_per_floor":[99,112,112,132,50,50,77,252,272,284,1,17,17,46,63,165,165,165,184,87,87,105,136,172,200,242,254,151,196,196,196,196],"floor_reached":30,"language":"ENG","playtime":2994,"items_purged":["Guardian:Strike_Guardian","Doubt"],"score":318,"play_id":"8ada36f9-687c-4441-965b-1bdeac3ae246","local_time":"20210131120058","is_ascension_mode":false,"campfire_choices":[{"data":"Guardian:TwinSlam","floor":1,"key":"SMITH"},{"data":"Guardian:DecasProtection","floor":13,"key":"SMITH"},{"data":"Guardian:CurlUp","floor":18,"key":"SMITH"}],"circlet_count":0,"master_deck":["Guardian:Strike_Guardian","Guardian:Strike_Guardian","Guardian:Strike_Guardian","Guardian:Defend_Guardian+1","Guardian:Defend_Guardian","Guardian:Defend_Guardian+1","Guardian:Defend_Guardian","Guardian:CurlUp+1","Guardian:TwinSlam+1","Guardian:DecasProtection+1","Guardian:Incinerate","Guardian:WalkerClaw+1","Guardian:ShieldSpikes+1","Guardian:PiercingHide+1","Guardian:Gem_Cyan","Guardian:Planning+1","Guardian:TemporalShield+1","Guardian:SentryBeam","Guardian:Recover+1","Guardian:ExploitGems+1","CurseOfTheBell","Guardian:Gem_Crimson","Guardian:Gem_Blue","Guardian:FloatingOrbs","Slimebound:CheckThePlaybook+1","downfall:Icky","Guardian:Gem_Red","Guardian:Gem_Lightblue","Guardian:Gem_Red","Guardian:Gem_Green","Pride","Guardian:TimeBomb+1"],"relics":["Guardian:ModeShifter","Toxic Egg 2","Lantern","Oddly Smooth Stone","Bronze Scales","Calling Bell","Blood Vial","Ornamental Fan","Dead Branch","MawBank","Regal Pillow","Anchor","Nunchaku","War Paint"],"acts_visited":["Exordium","TheCity"],"potions_floor_usage":[23,23,26,28],"damage_taken":[{"damage":5,"enemies":"Small Slimes","floor":2,"turns":4},{"damage":11,"enemies":"Jaw Worm","floor":4,"turns":4},{"damage":0,"enemies":"downfall:FleeingMerchant","floor":5,"turns":4},{"damage":6,"enemies":"Cultist","floor":9,"turns":3},{"damage":0,"enemies":"3 Louse","floor":10,"turns":2},{"damage":0,"enemies":"downfall:FleeingMerchant","floor":11,"turns":4},{"damage":5,"enemies":"Large Slime","floor":12,"turns":10},{"damage":13,"enemies":"Gremlin Nob","floor":14,"turns":5},{"damage":0,"enemies":"Exordium Wildlife","floor":15,"turns":5},{"damage":0,"enemies":"SI_SHIV_ARCHETYPE","floor":16,"turns":8},{"damage":0,"enemies":"Shell Parasite","floor":19,"turns":5},{"damage":0,"enemies":"downfall:FleeingMerchant","floor":20,"turns":4},{"damage":11,"enemies":"Chosen","floor":22,"turns":6},{"damage":10,"enemies":"Slavers","floor":23,"turns":4},{"damage":40,"enemies":"Centurion and Healer","floor":25,"turns":9},{"damage":16,"enemies":"Gremlin Leader","floor":26,"turns":8},{"damage":11,"enemies":"downfall:FleeingMerchant","floor":28,"turns":4},{"damage":12,"enemies":"Shelled Parasite and Fungi","floor":30,"turns":2}],"seed_played":"8706511978403350792","potions_obtained":[{"floor":12,"key":"Fire Potion"},{"floor":15,"key":"Explosive Potion"},{"floor":16,"key":"Energy Potion"},{"floor":23,"key":"SkillPotion"}],"is_trial":false,"path_per_floor":["R","M","?","M","$","?","T","?","M","M","$","M","R","E","M","B",null,"R","M","$","?","M","E","T","M","E","?","$","T","M"],"character_chosen":"GUARDIAN","items_purchased":["Guardian:ShieldSpikes+1","Oddly Smooth Stone","Guardian:TemporalShield+1","Guardian:FloatingOrbs"],"campfire_rested":0,"item_purchase_floors":[5,11,11,20],"current_hp_per_floor":[88,83,71,60,60,60,60,60,54,54,54,49,49,36,36,36,88,88,88,88,88,77,69,69,31,17,17,8,8,0,0,0],"gold":196,"neow_bonus":"TEN_PERCENT_HP_BONUS","is_daily":false,"chose_seed":false,"campfire_upgraded":3,"win_rate":0.0,"timestamp":1612087258,"path_taken":["R","M","?","M","$","?","T","?","M","M","$","M","R","E","M","BOSS","R","M","$","?","M","E","T","M","E","?","?","?","M"],"items_purchased_type":["Card","Relic","Card","Card"],"build_version":"2020-12-22","purchased_purges":2,"victory":false,"max_hp_per_floor":[88,88,88,88,88,88,88,88,88,88,88,88,88,88,88,88,88,88,88,88,88,88,88,88,88,88,88,88,88,88,88,88],"card_choices":[{"not_picked":["Guardian:Gem_Red","Guardian:Gem_Purple"],"picked":"Guardian:DecasProtection","floor":2},{"not_picked":["Guardian:Gem_Blue","Guardian:MultiBeam"],"picked":"Guardian:Incinerate","floor":4},{"not_picked":["Guardian:Gem_Cyan","Guardian:CrystalBeam"],"picked":"Guardian:WalkerClaw","floor":5},{"not_picked":["Guardian:RollAttack","Guardian:ShieldCharger+1"],"picked":"Guardian:PiercingHide+1","floor":9},{"not_picked":["Guardian:Reroute","Guardian:ArmoredProtocol"],"picked":"Guardian:Gem_Cyan","floor":10},{"not_picked":["Guardian:TemporalStrike","Guardian:DecasProtection+1"],"picked":"Guardian:Planning+1","floor":11},{"not_picked":["Guardian:StasisField+1","Guardian:Gem_Purple"],"picked":"Guardian:SentryBeam","floor":12},{"not_picked":["Guardian:SentryBeam","Guardian:ChargeCore"],"picked":"Guardian:Gem_Lightblue","floor":14},{"not_picked":["Guardian:RollAttack","Guardian:ShieldCharger+1"],"picked":"Guardian:Recover+1","floor":15},{"not_picked":["Guardian:StasisField+1","Guardian:TimeSifter"],"picked":"Guardian:ExploitGems+1","floor":16},{"not_picked":["Guardian:TimeBomb+1","Guardian:MultiBeam"],"picked":"Guardian:Gem_Crimson","floor":19},{"not_picked":["Guardian:Planning+1","Guardian:PrimingBeam"],"picked":"Guardian:Gem_Blue","floor":20},{"not_picked":["Guardian:DecasProtection+1","Guardian:RollAttack"],"picked":"Guardian:Gem_Red","floor":22},{"not_picked":["Guardian:Suspension+1","Guardian:RollAttack"],"picked":"Guardian:Gem_Lightblue","floor":23},{"not_picked":["Guardian:RefractedBeam","Guardian:ChargeCore"],"picked":"Guardian:Gem_Red","floor":25},{"not_picked":["Guardian:TemporalStrike","Guardian:Repulse"],"picked":"Guardian:Gem_Green","floor":26},{"not_picked":["Guardian:TemporalShield+1","Guardian:ChargeCore"],"picked":"Guardian:TimeBomb+1","floor":28}],"player_experience":450633,"relics_obtained":[{"floor":7,"key":"Lantern"},{"floor":14,"key":"Bronze Scales"},{"floor":17,"key":"Blood Vial"},{"floor":17,"key":"Ornamental Fan"},{"floor":17,"key":"Dead Branch"},{"floor":23,"key":"MawBank"},{"floor":24,"key":"Regal Pillow"},{"floor":26,"key":"Anchor"},{"floor":29,"key":"War Paint"}],"event_choices":[{"damage_healed":0,"gold_gain":0,"player_choice":"Success","damage_taken":12,"relics_obtained":["Toxic Egg 2"],"max_hp_gain":0,"max_hp_loss":0,"event_name":"Scrap Ooze","floor":3,"gold_loss":0},{"damage_healed":0,"gold_gain":0,"player_choice":"Grow","damage_taken":0,"max_hp_gain":0,"max_hp_loss":0,"event_name":"Living Wall","floor":6,"gold_loss":0,"cards_upgraded":["Guardian:WalkerClaw"]},{"damage_healed":0,"gold_gain":0,"player_choice":"Stole Relic","damage_taken":0,"relics_obtained":["Nunchaku"],"max_hp_gain":0,"max_hp_loss":0,"event_name":"Addict","floor":27,"gold_loss":0,"cards_obtained":["Pride"]}],"is_beta":false,"boss_relics":[{"not_picked":["Tiny House","Runic Pyramid"],"picked":"Calling Bell"}],"items_purged_floors":[11,28],"is_endless":false,"potions_floor_spawned":[12,15,16,23],"killed_by":"Shelled Parasite and Fungi","ascension_level":0}}