{"host":"w05x4i13f2m9joq1","time":1612070706,"event":{"mods":["Act Like it!","Bard","BaseMod","Better Altar","Better Match","Better Note","Better Sensory Stone","Better Skull","Better Third Choice","BetterRewards","CapriCore","Colored Map","Colored Powertips","Decade(???)","Defective Defect","Duelist Mod","Gensokyo","GifTheSpireLib","Googly Eyes","Infinite Spire","Ironclad Rager","Lobotomy","LobotomyExtend","Marisa????????","Melee Mod","Minty Spire (QoL Compilation)","Morshu Shopkeeper - ENHANCED","MostiFishMod","Quick Restart","Rare Cards Sparkle","Replay The Spire","Shop Mod","Spicy Shops","Spire Birthday Party","StSLib","Td1madao Mod","The Construct","The IronCluck","TheBandit","Uncapped","everything is the same but u backflip on backflip","slay the spire mod where everything is the same but ironclad has a cowboy hat"],"gold_per_floor":[11,23,23,34,54,87,87,106,154,154,31,100,129,129,129,224,224,441,401,401,411,430,462,476,476,476,489,535,48,60,0,0,100,100,115,426,444,458,48,48,48,48,48,48,58,78,108,134,146,158,170],"floor_reached":52,"language":"ENG","playtime":4372,"items_purged":["infinitespire:Pacifist","Injury"],"score":996,"play_id":"efd36805-e91c-4e80-bc5a-7cf4f01090ef","local_time":"20210131002506","is_ascension_mode":false,"campfire_choices":[{"floor":10,"key":"REST"},{"data":"Infinite Blades","floor":15,"key":"SMITH"},{"data":"Concentrate","floor":25,"key":"SMITH"},{"floor":32,"key":"REST"},{"data":"Transmutation","floor":40,"key":"SMITH"},{"data":"MostiFishMod:Neurotoxin","floor":49,"key":"SMITH"}],"circlet_count":0,"master_deck":["Survivor","Neutralize","Poisoned Stab","Poisoned Stab","Poisoned Stab","Poisoned Stab","Poisoned Stab","Dodge and Roll","Dodge and Roll","Dodge and Roll","Dodge and Roll","Dodge and Roll","Accuracy","Infinite Blades+1","infinitespire:Neurotoxin","Poisoned Stab","Noxious Fumes","Slice+1","Prepared","MostiFishMod:SpreadingSpore+1","ReplayTheSpireMod:Scrap Shanks+1","Acrobatics+1","Outmaneuver","Cloak And Dagger","Concentrate+1","Prepared","ReplayTheSpireMod:Splinters","MostiFishMod:Neurotoxin+1","Noxious Fumes","Prepared+1","Adrenaline","Prepared","Acrobatics+1","Dagger Throw","Hidden Blade","Gensokyo:BlemishedSteel","Poisoned Strike","MostiFishMod:ButterFly","Transmutation+1","Outmaneuver+1","Outmaneuver+1","Infinite Blades+1","MostiFishMod:VineMother+1","Replay:Poison Smokescreen+1"],"relics":["Ring of the Serpent","DaveBox","DianDianMeat","SynthV:TestCard","LetterFromLob","Replay:Bottled Flurry","Eternal Feather","Simple Rune","InkBottle","infinitespire:Satchel","Bag of Marbles","infinitespire:Eraser","SlaversCollar","infinitespire:Beetle Shell","Regal Pillow","infinitespire:CheckeredPen","Whetstone","Juzu Bracelet","Quantum Egg","GreenFoldingFan","infinitespire:Lucky Rock","BirthdayGift-Tetrahedron","ReplayTheSpireMod:ShopPack","Ice Cream","infinitespire:Broken Mirror","PatriotShield","Vampiric Spirits","MawBank"],"acts_visited":["Exordium","Gensokyo:Gensokyo","Gensokyo:Gensokyoer"],"potions_floor_usage":[16,22,23,24,27,33,33,38],"damage_taken":[{"damage":0,"enemies":"Gensokyo:3_Fairies","floor":1,"turns":4},{"damage":0,"enemies":"Gensokyo:2_Kodama","floor":2,"turns":5},{"damage":1,"enemies":"Gensokyo:Gryphon","floor":4,"turns":4},{"damage":0,"enemies":"Gensokyo:VengefulSpirit","floor":5,"turns":5},{"damage":44,"enemies":"Gensokyo:Cirno","floor":6,"turns":8},{"damage":12,"enemies":"Gensokyo:5_Fairies","floor":8,"turns":5},{"damage":30,"enemies":"Gensokyo:Aya","floor":13,"turns":5},{"damage":38,"enemies":"Gensokyo:Reimu","floor":16,"turns":10},{"damage":36,"enemies":"Gensokyo:AngelMirror","floor":18,"turns":4},{"damage":0,"enemies":"Gensokyo:2_Gloops","floor":21,"turns":4},{"damage":2,"enemies":"Gensokyo:Swordslinger","floor":22,"turns":5},{"damage":22,"enemies":"Gensokyo:Tenshi","floor":23,"turns":4},{"damage":0,"enemies":"Gensokyo:Wraith","floor":24,"turns":4},{"damage":63,"enemies":"Gensokyo:3_Gloops","floor":27,"turns":5},{"damage":33,"enemies":"Gensokyo:Slime_Group","floor":30,"turns":4},{"damage":101,"enemies":"Gensokyo:Eternal_Rivals","floor":33,"turns":8},{"damage":22,"enemies":"Gensokyo:AncientGuardian","floor":35,"turns":4},{"damage":32,"enemies":"Gensokyo:3_Boulders","floor":36,"turns":4},{"damage":8,"enemies":"Gensokyo:SeedOfUnknown","floor":37,"turns":3},{"damage":55,"enemies":"Gensokyo:Rafflesia","floor":38,"turns":4},{"damage":2,"enemies":"Gensokyo:Doremy","floor":41,"turns":1},{"damage":6,"enemies":"Gensokyo:3_Boulders","floor":45,"turns":2},{"damage":14,"enemies":"Gensokyo:Sharpion","floor":46,"turns":2},{"damage":6,"enemies":"Gensokyo:Marisa","floor":47,"turns":2},{"damage":6,"enemies":"Gensokyo:SeedOfUnknown","floor":48,"turns":2},{"damage":10,"enemies":"Gensokyo:Yuyuko","floor":50,"turns":3}],"seed_played":"-2336592205785638542","potions_obtained":[{"floor":1,"key":"Swift Potion"},{"floor":4,"key":"DistilledChaos"},{"floor":5,"key":"Languid Potion"},{"floor":16,"key":"LifebloodPotion"},{"floor":22,"key":"GamblersBrew"},{"floor":23,"key":"Ancient Potion"},{"floor":28,"key":"DuplicationPotion"},{"floor":36,"key":"Reflective Coating"},{"floor":45,"key":"Block Potion"},{"floor":48,"key":"Weak Potion"}],"is_trial":false,"path_per_floor":["M","M","?","M","M","E","?","M","T","R","COS","T","E","M","R","B",null,"M","?","AVR","M","M","E","M","R","T","M","?","$","M","COS","R","B",null,"M","M","M","M","COS","R","E","?","T","AVR","M","M","E","M","R","B",null,null],"character_chosen":"THE_SILENT","items_purchased":["Juzu Bracelet","Quantum Egg"],"campfire_rested":2,"item_purchase_floors":[29,29],"current_hp_per_floor":[46,48,51,54,59,21,21,16,16,55,82,82,63,63,75,49,141,121,121,121,141,159,158,178,193,193,153,213,213,202,249,363,320,388,402,413,443,432,592,616,691,691,691,691,729,766,804,843,843,843,843],"gold":182,"neow_bonus":"SILENT_ASSASSIN","is_daily":false,"chose_seed":false,"campfire_upgraded":4,"win_rate":0.0,"timestamp":1612070706,"path_taken":["M","M","?","M","M","E","?","?","T","R","COS","?","E","M","R","BOSS","M","?","AVR","M","M","E","M","R","T","M","?","?","M","COS","R","BOSS","M","M","M","M","COS","R","E","?","T","AVR","M","M","E","M","R","BOSS"],"items_purchased_type":["Relic","Relic"],"build_version":"2020-12-22","purchased_purges":2,"victory":true,"max_hp_per_floor":[64,66,69,73,78,84,84,91,91,91,118,118,129,129,129,141,141,154,154,154,168,183,199,216,216,216,234,294,294,316,363,363,388,388,414,441,469,498,658,658,693,693,693,693,729,766,804,843,843,843,843],"card_choices":[{"not_picked":["Calculated Gamble","Outmaneuver"],"picked":"Accuracy","floor":1},{"not_picked":["Expertise","Backflip","Prepared","MostiFishMod:PoisonShield"],"picked":"Infinite Blades","floor":2},{"not_picked":["Cloak And Dagger","Acrobatics","PiercingWail","Underhanded Strike"],"picked":"infinitespire:Neurotoxin","floor":4},{"not_picked":["Footwork","Cloak And Dagger","Deadly Poison","Sucker Punch"],"picked":"Poisoned Stab","floor":5},{"not_picked":["PiercingWail","Blade Dance","Deadly Poison","Hidden Blade"],"picked":"Noxious Fumes","floor":6},{"not_picked":["Outmaneuver","Leg Sweep","ReplayTheSpireMod:The Works","ReplayTheSpireMod:Tripwire"],"picked":"Slice","floor":8},{"not_picked":["Backstab","Terror","Dash","Quick Slash"],"picked":"Prepared","floor":13},{"not_picked":["MostiFishMod:Wind","ReplayTheSpireMod:Necrosis","Phantasmal Killer","MostiFishMod:Opportunism"],"picked":"MostiFishMod:SpreadingSpore","floor":16},{"not_picked":["MostiFishMod:PreservedThorns","Deflect","Quick Slash","MostiFishMod:PerfectParry"],"picked":"ReplayTheSpireMod:Scrap Shanks+1","floor":18},{"not_picked":["Blade Dance","MostiFishMod:PoisonShield","Backflip+1","Dagger Throw"],"picked":"Acrobatics+1","floor":21},{"not_picked":["Eviscerate","Caltrops","Tools of the Trade","Quick Slash"],"picked":"Outmaneuver","floor":22},{"not_picked":["Quick Slash","Acrobatics","Sucker Punch","Die Die Die"],"picked":"Cloak And Dagger","floor":23},{"not_picked":["Backflip","Dagger Spray","Acrobatics","Slice"],"picked":"Concentrate","floor":24},{"not_picked":["Dagger Spray","Backflip","Sucker Punch","Leg Sweep+1"],"picked":"Prepared","floor":27},{"not_picked":["All Out Attack","Outmaneuver+1","MostiFishMod:VineMother","Deflect"],"picked":"MostiFishMod:Neurotoxin","floor":28},{"not_picked":["ICR:Vanish","Backflip","Dagger Throw+1","Quick Slash"],"picked":"Noxious Fumes","floor":28},{"not_picked":["Sucker Punch","Bane","Acrobatics+1","Endless Agony"],"picked":"Prepared+1","floor":30},{"not_picked":["ReplayTheSpireMod:Necrosis","MostiFishMod:Confrontation","MostiFishMod:FullyArmed","Tools of the Trade"],"picked":"Adrenaline","floor":33},{"not_picked":["Dagger Spray","Masterful Stab","Sucker Punch","Accuracy"],"picked":"Prepared","floor":35},{"not_picked":["Backstab+1","Heel Hook+1","Toxin Wave","ReplayTheSpireMod:Tripwire+1"],"picked":"Acrobatics+1","floor":36},{"not_picked":["Dodge and Roll+1","Predator+1","Bane+1","MostiFishMod:PerfectParry"],"picked":"Dagger Throw","floor":37},{"not_picked":["Footwork","Acrobatics+1","Sucker Punch","Dagger Throw+1"],"picked":"Hidden Blade","floor":38},{"not_picked":["HandOfGreed","MostiFishMod:StoryBook","MostiFishMod:Awakening","MostiFishMod:Mottled"],"picked":"Poisoned Strike","floor":39},{"not_picked":["Dramatic Entrance","Magnetism","Secret Weapon","MostiFishMod:Kaleido"],"picked":"MostiFishMod:ButterFly","floor":39},{"not_picked":["ReplayTheSpireMod:Uncanny Aura","Replay:Sssssssssshield","MostiFishMod:ButterFly","Dramatic Entrance"],"picked":"Transmutation","floor":39},{"not_picked":["Terror","Calculated Gamble+1","Hidden Blade","MostiFishMod:Wind"],"picked":"Outmaneuver+1","floor":41},{"not_picked":["Acrobatics+1","Dagger Throw","Sucker Punch+1","Quick Slash+1"],"picked":"Outmaneuver+1","floor":45},{"not_picked":["Leg Sweep","Choke+1","Blade Dance+1","Escape Plan+1"],"picked":"Infinite Blades+1","floor":46},{"not_picked":["Quick Slash","Underhanded Strike+1","Outmaneuver+1","Riddle With Holes+1"],"picked":"MostiFishMod:VineMother+1","floor":47},{"not_picked":["Outmaneuver","Infinite Blades","ICR:Cloudkill+1","Backstab+1"],"picked":"Replay:Poison Smokescreen+1","floor":48}],"player_experience":154807,"relics_obtained":[{"floor":1,"key":"SynthV:TestCard"},{"floor":1,"key":"LetterFromLob"},{"floor":6,"key":"Eternal Feather"},{"floor":9,"key":"Simple Rune"},{"floor":12,"key":"InkBottle"},{"floor":13,"key":"infinitespire:Satchel"},{"floor":23,"key":"Regal Pillow"},{"floor":26,"key":"infinitespire:CheckeredPen"},{"floor":28,"key":"Whetstone"},{"floor":41,"key":"Ice Cream"},{"floor":43,"key":"infinitespire:Broken Mirror"},{"floor":47,"key":"MawBank"}],"event_choices":[],"is_beta":false,"boss_relics":[{"not_picked":["Replay:Bronze Core","Honey Jar"],"picked":"Ring of the Serpent"},{"not_picked":["Ring of Chaos","Black Star"],"picked":"GreenFoldingFan"}],"items_purged_floors":[29,44],"is_endless":false,"potions_floor_spawned":[1,4,5,8,16,21,22,23,36,45,48],"ascension_level":0}}