{"host":"v0xbo920qxoewo3e","time":1612089790,"event":{"mods":["Act Like it!","Aspiration","Astrologer","BaseMod","Conspire","Downfall","Friendly Minions","GifTheSpireLib","Halation","Hermit","Hubris","Infinite Spire","Jedi Mod","Jorbs\u0027s Wanderer Trilogy","Koishi","Marisa????????","Minty Spire (QoL Compilation)","Potionbrewer","Rare Cards Sparkle","Reimu??????","Remilia??????","Replay The Spire","StSLib","Stuff the Spire","The Animator","The Blackbeard","The Bladedancer","The Bug Knight","The Construct","The Cursed","The Disciple","The Gatherer","The Jungle","The Problem Sleuth","The Runesmith","The Servant 0.9.4","TheBandit","Unceasing Turn Reminder"],"gold_per_floor":[117,141,141,73,96,96,134,154,205,205,205,230,180,180,180,180,180],"floor_reached":16,"language":"ENG","playtime":2605,"items_purged":[],"score":155,"play_id":"b57f9f6a-2ea6-4317-9617-e6e159a2eaae","local_time":"20210131124310","is_ascension_mode":true,"campfire_choices":[{"data":"animator:KrulTepes","floor":6,"key":"SMITH"},{"data":"animator:Shion","floor":10,"key":"SMITH"},{"floor":15,"key":"REST"}],"circlet_count":0,"master_deck":["AscendersBane","animator:Strike_MadokaMagica","animator:Defend_MadokaMagica","animator:Strike","animator:Strike","animator:Defend","animator:Defend+1","animator:Defend","animator:IrohaTamaki","animator:YuiTsuruno","animator:KotoriKanbe","animator:KrulTepes+1","animator:Shion+1","animator:GuildGirl","animator:Biyorigo","animator:Guy","animator:GuildGirl","animator:Viivi","Pain"],"relics":["animator:LivingPicture","animator:TheMissingPiece","animator:PurgingStone","aspiration:HummingbirdHeart","Blood Vial","aspiration:TomeofQuesting","WarpedTongs"],"acts_visited":["Exordium"],"potions_floor_usage":[16,16,16,16],"damage_taken":[{"damage":3,"enemies":"Cultist","floor":1,"turns":5},{"damage":5,"enemies":"Small Slimes","floor":2,"turns":4},{"damage":1,"enemies":"Jaw Worm","floor":5,"turns":4},{"damage":18,"enemies":"HollowMod:MossKnight","floor":7,"turns":12},{"damage":0,"enemies":"2 Fungi Beasts","floor":8,"turns":4},{"damage":0,"enemies":"Large Slime","floor":12,"turns":5},{"damage":65,"enemies":"Fading Forest","floor":16,"turns":10}],"seed_played":"-428169939456209710","potions_obtained":[{"floor":2,"key":"potionbrewer:SplittingPotion"},{"floor":7,"key":"potionbrewer:SplittingPotion"}],"is_trial":false,"path_per_floor":["M","M","T","$","M","R","E","M","T","R","?","M","?","?","R","B"],"character_chosen":"THE_ANIMATOR","items_purchased":["animator:GuildGirl"],"campfire_rested":1,"item_purchase_floors":[4],"current_hp_per_floor":[41,36,36,36,35,35,17,19,19,19,19,21,21,21,40,0,0],"gold":180,"neow_bonus":"RANDOM_COLORLESS_2","is_daily":false,"chose_seed":false,"campfire_upgraded":2,"win_rate":0.0,"timestamp":1612089790,"path_taken":["M","M","?","$","M","R","E","M","T","R","?","?","?","?","R","BOSS"],"items_purchased_type":["Card"],"build_version":"2020-12-22","purchased_purges":0,"victory":false,"max_hp_per_floor":[66,66,66,66,66,66,66,66,66,66,66,66,66,66,66,66,66],"card_choices":[{"not_picked":["animator:Patchouli","animator:TakanashiRikka"],"picked":"animator:KotoriKanbe","floor":0},{"not_picked":["animator:Viivi","animator:YuiTsuruno"],"picked":"animator:KrulTepes","floor":1},{"not_picked":["animator:PandorasActor","animator:Gillette"],"picked":"animator:Shion","floor":2},{"not_picked":["animator:Lu","animator:Millim"],"picked":"animator:Biyorigo","floor":5},{"not_picked":["animator:ChaikaBohdan","animator:Layla"],"picked":"animator:Guy","floor":7},{"not_picked":["animator:Laby","animator:Priestess"],"picked":"animator:GuildGirl","floor":8},{"not_picked":["animator:GoblinSlayer","animator:Mitsuba"],"picked":"animator:Viivi","floor":12}],"player_experience":1444111,"relics_obtained":[{"floor":3,"key":"aspiration:HummingbirdHeart"},{"floor":7,"key":"Blood Vial"},{"floor":9,"key":"aspiration:TomeofQuesting"}],"event_choices":[{"cards_removed":["animator:Strike"],"damage_healed":0,"gold_gain":0,"player_choice":"Card Removal","damage_taken":0,"max_hp_gain":0,"max_hp_loss":0,"event_name":"The Cleric","floor":13,"gold_loss":50},{"damage_healed":0,"gold_gain":0,"player_choice":"Rummage","damage_taken":0,"relics_obtained":["WarpedTongs"],"max_hp_gain":0,"max_hp_loss":0,"event_name":"Accursed Blacksmith","floor":14,"gold_loss":0,"cards_obtained":["Pain"]}],"is_beta":false,"boss_relics":[],"items_purged_floors":[],"is_endless":false,"potions_floor_spawned":[2,7,12],"killed_by":"Fading Forest","ascension_level":11}}