{"host":"mvbzhnmyzfpc2155","time":1612067417,"event":{"mods":["BaseMod","Downfall","Hermit","Minty Spire (QoL Compilation)","StSLib","The Cursed"],"gold_per_floor":[99,99,116,116,116,132,155,155,172,172,190,190,217,217,232,232,232,232],"floor_reached":16,"language":"ENG","playtime":993,"items_purged":[],"score":100,"play_id":"abdda93b-383d-4bb4-9d1f-24387b10ad44","local_time":"20210130233017","is_ascension_mode":false,"campfire_choices":[],"circlet_count":0,"master_deck":["sneckomod:Strike","sneckomod:Strike","sneckomod:Strike","sneckomod:Defend","sneckomod:Defend","sneckomod:Defend","sneckomod:TailWhip","sneckomod:SnekBite","champ:HoldFirm","sneckomod:QuickBite","champ:BerserkersShout","sneckomod:UnknownCommonAttack","TalkToTheHand","sneckomod:Unknown2Cost","TheCursedMod:TacticalStrike","sneckomod:Restock","sneckomod:SoulDraw"],"relics":["sneckomod:SneckoSoul","Bag of Marbles","Blood Vial"],"acts_visited":["Exordium"],"potions_floor_usage":[13,16,16],"damage_taken":[{"damage":5,"enemies":"2 Louse","floor":3,"turns":3},{"damage":0,"enemies":"Cultist","floor":5,"turns":1},{"damage":7,"enemies":"Small Slimes","floor":6,"turns":3},{"damage":16,"enemies":"Red Slaver","floor":9,"turns":5},{"damage":3,"enemies":"3 Louse","floor":11,"turns":3},{"damage":22,"enemies":"3 Sentries","floor":13,"turns":8},{"damage":29,"enemies":"Gremlin Gang","floor":15,"turns":5},{"damage":53,"enemies":"SI_SHIV_ARCHETYPE","floor":16,"turns":9}],"seed_played":"-5188216502457358575","potions_obtained":[{"floor":6,"key":"ColorlessPotion"},{"floor":9,"key":"SneckoOil"},{"floor":13,"key":"sneckomod:MuddlingPotion"}],"is_trial":false,"path_per_floor":["R","?","M","?","M","M","T","R","M","R","M","R","E","?","M","B"],"character_chosen":"THE_SNECKO","items_purchased":[],"campfire_rested":0,"item_purchase_floors":[],"current_hp_per_floor":[99,99,94,94,94,87,87,87,86,86,83,83,61,61,49,0,0,0],"gold":232,"neow_bonus":"TEN_PERCENT_HP_BONUS","is_daily":false,"chose_seed":false,"campfire_upgraded":0,"win_rate":0.0,"timestamp":1612067417,"path_taken":["R","?","M","?","M","M","T","R","M","R","?","R","E","?","M","BOSS"],"items_purchased_type":[],"build_version":"2020-12-22","purchased_purges":0,"victory":false,"max_hp_per_floor":[99,99,99,99,99,99,99,99,99,99,99,99,99,99,99,99,99,99],"card_choices":[{"not_picked":["sneckomod:UnknownDraw","sneckomod:SoulDraw"],"picked":"sneckomod:Unknown1Cost","floor":3},{"not_picked":["sneckomod:DiceBlock","sneckomod:DefensiveFlair"],"picked":"sneckomod:QuickBite","floor":5},{"not_picked":["sneckomod:UnknownDraw","sneckomod:IronFang"],"picked":"sneckomod:UnknownCommonSkill","floor":6},{"not_picked":["sneckomod:Unknown1Cost","sneckomod:UnknownCommonSkill"],"picked":"sneckomod:UnknownCommonAttack","floor":9},{"not_picked":["sneckomod:DiceCrush","sneckomod:UnknownVulnerable"],"picked":"sneckomod:Unknown2Cost","floor":11},{"not_picked":["sneckomod:Unknown0Cost","sneckomod:Unknown1Cost"],"picked":"sneckomod:Restock","floor":13},{"not_picked":["sneckomod:IronFang","sneckomod:DiceBlock"],"picked":"sneckomod:SoulDraw","floor":15}],"player_experience":11332,"relics_obtained":[{"floor":7,"key":"Bag of Marbles"},{"floor":13,"key":"Blood Vial"}],"event_choices":[{"cards_removed":["Iron Wave"],"damage_healed":0,"gold_gain":0,"player_choice":"Took Card","damage_taken":0,"max_hp_gain":0,"max_hp_loss":0,"event_name":"NoteForYourself","floor":4,"gold_loss":0,"cards_obtained":["Iron Wave"]}],"is_beta":false,"boss_relics":[],"items_purged_floors":[],"is_endless":false,"potions_floor_spawned":[6,9,13],"killed_by":"SI_SHIV_ARCHETYPE","ascension_level":0}}