{"host":"sian7qp8a9pc9xwd","time":1612115945,"event":{"mods":["BaseMod","Minty Spire (QoL Compilation)","StSLib","SuperFastMode"],"gold_per_floor":[113,126,43,62,80,80,99,109,177,177,177,204,214,245,245,345,345,360,149,159,84,96,96,96,108,132,147,147,165,215,228,228,228,228],"floor_reached":33,"language":"ENG","playtime":2157,"items_purged":["Defend_P"],"score":363,"play_id":"a81d99ae-0862-4a80-afac-16ceefbeea29","local_time":"20210131125905","is_ascension_mode":false,"campfire_choices":[{"data":"Vault","floor":6.0,"key":"SMITH"},{"data":"CutThroughFate","floor":15.0,"key":"SMITH"},{"floor":23.0,"key":"REST"},{"data":"Eruption","floor":28.0,"key":"SMITH"},{"floor":32.0,"key":"REST"}],"circlet_count":0,"master_deck":["Strike_P","Strike_P+1","Strike_P","Defend_P","Defend_P","Eruption+1","Vigilance+1","Omniscience","CutThroughFate+1","FollowUp","Trip","Vault+1","FlurryOfBlows+1","FollowUp","Omniscience+1","LessonLearned","CutThroughFate+1"],"relics":["PureWater","White Beast Statue","Frozen Egg 2","Incense Burner","Anchor","VioletLotus","Bag of Marbles"],"acts_visited":["Exordium","TheCity"],"potions_floor_usage":[],"damage_taken":[{"damage":0.0,"enemies":"2 Louse","floor":1.0,"turns":1.0},{"damage":3.0,"enemies":"Jaw Worm","floor":2.0,"turns":3.0},{"damage":0.0,"enemies":"Cultist","floor":4.0,"turns":2.0},{"damage":10.0,"enemies":"Lots of Slimes","floor":5.0,"turns":3.0},{"damage":2.0,"enemies":"Looter","floor":7.0,"turns":3.0},{"damage":0.0,"enemies":"2 Fungi Beasts","floor":8.0,"turns":3.0},{"damage":0.0,"enemies":"Gremlin Nob","floor":12.0,"turns":2.0},{"damage":0.0,"enemies":"Gremlin Gang","floor":13.0,"turns":3.0},{"damage":0.0,"enemies":"Lagavulin","floor":14.0,"turns":5.0},{"damage":0.0,"enemies":"Slime Boss","floor":16.0,"turns":3.0},{"damage":2.0,"enemies":"Chosen","floor":18.0,"turns":3.0},{"damage":0.0,"enemies":"Spheric Guardian","floor":20.0,"turns":1.0},{"damage":41.0,"enemies":"Snecko","floor":22.0,"turns":5.0},{"damage":16.0,"enemies":"Cultist and Chosen","floor":25.0,"turns":6.0},{"damage":0.0,"enemies":"Centurion and Healer","floor":27.0,"turns":5.0},{"damage":0.0,"enemies":"Sentry and Sphere","floor":29.0,"turns":3.0},{"damage":11.0,"enemies":"Snake Plant","floor":31.0,"turns":4.0},{"damage":0,"enemies":"Champ","floor":33,"turns":1}],"seed_played":"5184494654929483141","potions_obtained":[{"floor":4.0,"key":"DistilledChaos"},{"floor":5.0,"key":"Energy Potion"},{"floor":8.0,"key":"EssenceOfSteel"},{"floor":12.0,"key":"FairyPotion"},{"floor":13.0,"key":"Swift Potion"},{"floor":14.0,"key":"ColorlessPotion"},{"floor":18.0,"key":"AttackPotion"},{"floor":20.0,"key":"FearPotion"},{"floor":22.0,"key":"Ancient Potion"},{"floor":25.0,"key":"SkillPotion"},{"floor":29.0,"key":"Swift Potion"}],"is_trial":false,"path_per_floor":["M","M","$","M","M","R","M","M","T","?","?","E","M","E","R","B",null,"M","$","M","?","M","R","$","M","T","M","R","M","?","M","R","B"],"character_chosen":"WATCHER","items_purchased":["Trip","LessonLearned"],"campfire_rested":2,"item_purchase_floors":[3,19],"current_hp_per_floor":[72,69,69,69,59,59,57,57,57,45,38,38,38,38,38,38,72,70,70,70,70,29,50,50,34,34,34,34,34,34,23,44,44,44],"gold":228,"neow_bonus":"ONE_RANDOM_RARE_CARD","is_daily":false,"chose_seed":false,"campfire_upgraded":3,"win_rate":0.0,"timestamp":1612115945,"path_taken":["M","M","$","M","M","R","M","M","T","?","?","E","M","E","R","BOSS","M","$","M","?","M","R","$","M","T","M","R","M","?","M","R","BOSS"],"items_purchased_type":["Card","Card"],"build_version":"2020-12-22","purchased_purges":1,"victory":false,"max_hp_per_floor":[72,72,72,72,72,72,72,72,72,72,72,72,72,72,72,72,72,72,72,72,72,72,72,72,72,72,72,72,72,72,72,72,72,72],"card_choices":[{"not_picked":["Crescendo","Nirvana"],"picked":"CutThroughFate","floor":1.0},{"not_picked":["CrushJoints","SashWhip"],"picked":"FollowUp","floor":2.0},{"not_picked":["ReachHeaven","Collect","SignatureMove"],"picked":"SKIP","floor":4.0},{"not_picked":["Consecrate","WreathOfFlame"],"picked":"Vault","floor":5.0},{"not_picked":["EmptyFist","Weave"],"picked":"FlurryOfBlows","floor":7.0},{"not_picked":["FlyingSleeves","Halt","Wallop"],"picked":"SKIP","floor":8.0},{"not_picked":["Consecrate","SignatureMove","Evaluate"],"picked":"SKIP","floor":12.0},{"not_picked":["SandsOfTime","Meditate"],"picked":"FollowUp","floor":13.0},{"not_picked":["JustLucky","SashWhip","Halt"],"picked":"SKIP","floor":14.0},{"not_picked":["ConjureBlade","Establishment+1"],"picked":"Omniscience","floor":16.0},{"not_picked":["Swivel","SandsOfTime","SignatureMove"],"picked":"SKIP","floor":18.0},{"not_picked":["BowlingBash","EmptyBody","JustLucky"],"picked":"SKIP","floor":20.0},{"not_picked":["FlyingSleeves+1","Consecrate","PathToVictory"],"picked":"SKIP","floor":22.0},{"not_picked":["FlurryOfBlows+1","Protect"],"picked":"CutThroughFate+1","floor":25.0},{"not_picked":["PathToVictory","InnerPeace","LikeWater+1"],"picked":"SKIP","floor":27.0},{"not_picked":["Meditate","PathToVictory","Halt"],"picked":"SKIP","floor":29.0},{"not_picked":["CarveReality","SashWhip","ReachHeaven+1"],"picked":"SKIP","floor":31.0}],"player_experience":848689,"relics_obtained":[{"floor":9.0,"key":"White Beast Statue"},{"floor":12.0,"key":"Incense Burner"},{"floor":14.0,"key":"Anchor"},{"floor":26.0,"key":"Bag of Marbles"}],"event_choices":[{"damage_healed":0.0,"max_hp_gain":0.0,"max_hp_loss":0.0,"gold_gain":0.0,"event_name":"Scrap Ooze","player_choice":"Success","floor":10.0,"gold_loss":0.0,"damage_taken":12.0,"relics_obtained":["Frozen Egg 2"]},{"cards_removed":["Strike_P"],"damage_healed":0.0,"max_hp_gain":0.0,"max_hp_loss":0.0,"gold_gain":0.0,"event_name":"Golden Wing","player_choice":"Card Removal","floor":11.0,"gold_loss":0.0,"damage_taken":7.0},{"cards_removed":["Defend_P"],"damage_healed":0.0,"max_hp_gain":0.0,"max_hp_loss":0.0,"gold_gain":0.0,"event_name":"Beggar","player_choice":"Gave Gold","floor":21.0,"gold_loss":75.0,"damage_taken":0.0},{"damage_healed":0.0,"max_hp_gain":0.0,"max_hp_loss":0.0,"gold_gain":100.0,"event_name":"The Joust","player_choice":"Bet on Murderer","floor":30.0,"gold_loss":50.0,"damage_taken":0.0}],"is_beta":false,"boss_relics":[{"not_picked":["Cursed Key","Ectoplasm"],"picked":"VioletLotus"}],"items_purged_floors":[19],"is_endless":false,"potions_floor_spawned":[4,5,8,12,13,14,16,18,20,22,25,27,29,31],"killed_by":"Champ","ascension_level":0}}