{"host":"cbu6enf2xtq4r7r3","time":1612135513,"event":{"mods":["2.2 Compatiblity","AlwaysNeverKeys","BaseMod","Better Match","Better Note","Better Sensory Stone","Better Skull","Better Third Choice","Colored Map","Colored Powertips","Defuse TimeMaze Blight","Emptier Cage","Minty Spire (QoL Compilation)","Permanent Neow","Quick Restart","Random Character Button","Relic Sorter","Reorder Act Four","Shop Mod","StSLib"],"gold_per_floor":[215,234,244,244,14,14,69,99,149,149,149,169,169,196,196,296,296,314,23,23,40,60,60,0,0,0,33,33,58,58,72,72,72,72],"floor_reached":33,"language":"ENG","playtime":842,"items_purged":[],"score":427,"play_id":"5dad310f-5e91-4ffc-88a7-39ab90fc8da2","local_time":"20210201002513","is_ascension_mode":true,"campfire_choices":[{"data":"Flash of Steel","floor":6,"key":"SMITH"},{"data":"Sword Boomerang","floor":13,"key":"SMITH"},{"data":"Inflame","floor":15,"key":"SMITH"},{"data":"Sword Boomerang","floor":23,"key":"SMITH"},{"data":"Pommel Strike","floor":25,"key":"SMITH"},{"data":"Twin Strike","floor":30,"key":"SMITH"},{"floor":32,"key":"REST"}],"circlet_count":0,"master_deck":["Strike_R","Strike_R+1","Strike_R","Strike_R+1","Defend_R","Defend_R","Defend_R","Defend_R","Bash","Twin Strike+1","Sword Boomerang+1","Cleave","Flash of Steel+1","Pommel Strike+1","Inflame+1","Impervious","Undo+1","Intimidate+1","Sword Boomerang+1","Necronomicurse","Infernal Blade"],"relics":["Burning Blood","Blood Vial","Potion Belt","Ginger","Bag of Marbles","Pen Nib","Regal Pillow","Mark of Pain","Incense Burner","Whetstone","WingedGreaves","Necronomicon","PreservedInsect"],"acts_visited":["Exordium","TheCity"],"potions_floor_usage":[7,8,16,21,27],"damage_taken":[{"damage":4,"enemies":"Small Slimes","floor":1,"turns":4},{"damage":9,"enemies":"Jaw Worm","floor":2,"turns":5},{"damage":10,"enemies":"2 Louse","floor":3,"turns":2},{"damage":4,"enemies":"Gremlin Nob","floor":7,"turns":3},{"damage":35,"enemies":"Lagavulin","floor":8,"turns":7},{"damage":6,"enemies":"Looter","floor":12,"turns":2},{"damage":0,"enemies":"Gremlin Nob","floor":14,"turns":2},{"damage":24,"enemies":"Hexaghost","floor":16,"turns":7},{"damage":0,"enemies":"Chosen","floor":18,"turns":4},{"damage":0,"enemies":"Spheric Guardian","floor":21,"turns":3},{"damage":23,"enemies":"Cultist and Chosen","floor":22,"turns":6},{"damage":8,"enemies":"Book of Stabbing","floor":27,"turns":3},{"damage":24,"enemies":"Slavers","floor":29,"turns":4},{"damage":19,"enemies":"Snake Plant","floor":31,"turns":3},{"damage":0,"enemies":"Champ","floor":33,"turns":1}],"seed_played":"2010497071633470704","potions_obtained":[{"floor":3,"key":"Block Potion"},{"floor":7,"key":"Swift Potion"},{"floor":12,"key":"SpeedPotion"},{"floor":18,"key":"AttackPotion"},{"floor":21,"key":"Dexterity Potion"},{"floor":31,"key":"Swift Potion"}],"is_trial":false,"path_per_floor":["M","M","M","?","$","R","?","E","T","?","?","M","R","E","R","B",null,"M","$","?","M","M","R","?","R","T","E","?","E","R","M","R","B"],"character_chosen":"IRONCLAD","items_purchased":["Flash of Steel","Blood Vial","Incense Burner"],"campfire_rested":1,"item_purchase_floors":[5,5,19],"current_hp_per_floor":[74,71,67,60,60,60,64,37,37,37,19,21,21,29,29,13,63,71,71,71,79,63,63,63,63,63,63,47,31,31,20,59,61,61],"gold":72,"neow_bonus":"HUNDRED_GOLD","is_daily":false,"chose_seed":false,"campfire_upgraded":6,"win_rate":0.0,"timestamp":1612135513,"path_taken":["M","M","M","?","$","R","?","E","T","?","?","M","R","E","R","BOSS","M","$","?","M","M","R","?","R","T","E","?","E","R","M","R","BOSS"],"items_purchased_type":["Card","Relic","Relic"],"build_version":"2020-12-22","purchased_purges":0,"victory":false,"max_hp_per_floor":[80,80,80,80,80,80,80,80,80,80,80,80,80,80,80,80,80,80,80,80,80,80,80,80,80,80,80,80,80,80,80,80,80,80],"card_choices":[{"not_picked":["Havoc","Perfected Strike"],"picked":"Twin Strike","floor":1},{"not_picked":["Perfected Strike","Anger"],"picked":"Sword Boomerang","floor":2},{"not_picked":["Rampage","Sentinel"],"picked":"Cleave","floor":3},{"not_picked":["Dual Wield","Thunderclap"],"picked":"Pommel Strike","floor":8},{"not_picked":["Body Slam","Blood for Blood","Evolve"],"picked":"SKIP","floor":12},{"not_picked":["Double Tap","Reckless Charge"],"picked":"Inflame","floor":14},{"not_picked":["Fiend Fire","Brutality"],"picked":"Impervious","floor":16},{"not_picked":["Sentinel","Entrench+1","Evolve"],"picked":"SKIP","floor":18},{"not_picked":["Flex","Sever Soul+1"],"picked":"Intimidate+1","floor":21},{"not_picked":["Evolve","Flex"],"picked":"Sword Boomerang","floor":22},{"not_picked":["Armaments","Thunderclap+1","Searing Blow"],"picked":"SKIP","floor":27},{"not_picked":["Armaments","Intimidate","True Grit"],"picked":"SKIP","floor":29},{"not_picked":["Power Through","Shockwave"],"picked":"Infernal Blade","floor":31}],"player_experience":123453,"relics_obtained":[{"floor":7,"key":"Potion Belt"},{"floor":8,"key":"Ginger"},{"floor":9,"key":"Bag of Marbles"},{"floor":14,"key":"Regal Pillow"},{"floor":26,"key":"Whetstone"},{"floor":27,"key":"WingedGreaves"},{"floor":28,"key":"Necronomicon"},{"floor":29,"key":"PreservedInsect"}],"event_choices":[{"cards_removed":["Strike_R"],"damage_healed":0,"gold_gain":0,"player_choice":"Card Removal","damage_taken":7,"max_hp_gain":0,"max_hp_loss":0,"event_name":"Golden Wing","floor":4,"gold_loss":0},{"damage_healed":0,"gold_gain":30,"player_choice":"Searched \u00273\u0027 times","damage_taken":0,"max_hp_gain":0,"max_hp_loss":0,"event_name":"Dead Adventurer","floor":7,"gold_loss":0},{"damage_healed":0,"gold_gain":0,"player_choice":"Ignored","damage_taken":149,"max_hp_gain":0,"max_hp_loss":0,"event_name":"betterThird:BetterSerpent","floor":10,"gold_loss":0},{"damage_healed":0,"gold_gain":0,"player_choice":"Relic ","damage_taken":18,"max_hp_gain":0,"max_hp_loss":0,"event_name":"betterThird:BetterScrap","floor":11,"gold_loss":0,"cards_obtained":["Darkness"]},{"cards_removed":["Flash of Steel"],"damage_healed":0,"gold_gain":0,"player_choice":"Take \u0026 Give","damage_taken":0,"max_hp_gain":0,"max_hp_loss":0,"event_name":"betterNote:BetterNote","floor":20,"gold_loss":0,"cards_obtained":["Undo"]},{"damage_healed":0,"gold_gain":0,"player_choice":"Paid Fearfully","damage_taken":0,"max_hp_gain":0,"max_hp_loss":0,"event_name":"Masked Bandits","floor":24,"gold_loss":60},{"damage_healed":0,"gold_gain":0,"player_choice":"Obtained Book","damage_taken":16,"max_hp_gain":0,"max_hp_loss":0,"event_name":"Cursed Tome","floor":28,"gold_loss":0}],"is_beta":false,"boss_relics":[{"not_picked":["Runic Dome","Sozu"],"picked":"Mark of Pain"}],"items_purged_floors":[],"is_endless":false,"potions_floor_spawned":[3,7,12,18,21,31],"killed_by":"Champ","ascension_level":7}}