{"host":"d54lcqy5t45er8jx","time":1612091668,"event":{"mods":["2.2 Compatiblity","BaseMod","CapriCore","Defuse TimeMaze Blight","Hermit","Hubris","Infinite Spire","Marisa£¨Ùöéë¡¡Øª×âÞÞ£©","Minty Spire (QoL Compilation)","Rare Cards Sparkle","Relic Stats","StSLib","The Animator","The Cursed","The Immortal","The Servant 0.9.4","WarShipGirlsR/??á´Ò³R mod"],"gold_per_floor":[114,129,144,52,52,52,82,82,82,107,126,143,143,198,198,270,295,310,328,353,373,373,373],"floor_reached":22,"language":"ENG","playtime":2433,"items_purged":["animator:Fredrika"],"score":562,"play_id":"2e7dff73-45f5-4630-b1c8-e78b394152e3","local_time":"20210131201428","daily_mods":["SealedDeck","Insanity","Heirloom","DeadlyEvents","Elite Swarm","Uncertain Future"],"is_ascension_mode":true,"campfire_choices":[{"data":"animator:Jibril","floor":6.0,"key":"SMITH"},{"data":"animator:Caster","floor":13.0,"key":"SMITH"},{"data":"animator:DolaStephanie","floor":15.0,"key":"SMITH"}],"circlet_count":0,"master_deck":["AscendersBane","animator:NagisaMomoe","animator:Jibril+1","animator:DolaCouronne","animator:Elsword","animator:Vanir","animator:Mitsuba","animator:ShinjiMatou","animator:NagisaMomoe","animator:SakuraMatou","animator:Ain","animator:Emonzaemon","animator:ElricAlphonse","animator:RinTohsaka","animator:ElricAlphonse","animator:IrohaTamaki","animator:SilverFang","animator:KyokoSakura","animator:Gillette","animator:MetalKnight","animator:Raven","animator:SakuraMatou","animator:Ain","animator:Gillette","animator:SayakaMiki","animator:Demiurge","animator:Caster+1","animator:DolaRiku","animator:Illya","animator:Priestess","animator:Ain","animator:NagisaMomoe","animator:MetalKnight","animator:Raven","animator:Ciel","animator:Elsword","animator:Berserker","animator:Guy","animator:RinTohsaka","animator:Genos","animator:Pride","animator:HighElfArcher","animator:Laby","animator:YuiTsuruno","animator:UneriGinkaku","animator:ShinjiMatou","animator:FielNirvalen","animator:Priestess","animator:DwarfShaman","animator:SayakaMiki","animator:Pride","animator:CowGirl","animator:DolaSchwi","animator:Pride","animator:Tatsumaki+1","animator:Scar","animator:DolaSchwi","animator:DolaStephanie+1","animator:Jibril","animator:FielNirvalen","animator:Cirno","animator:Ainz","animator:Gilgamesh+3","animator:ElricEdward","animator:Benimaru","animator:Arpeggio","animator:Kyubey","animator:Entoma+1","animator:Sebas+1","animator:CrowleyEusford+1","animator:ChlammyZell","animator:YuiTsuruno"],"relics":["animator:LivingPicture","animator:TheMissingPiece","animator:PurgingStone","Thread and Needle","hubris:Towel","Mercury Hourglass","Torii","Singing Bowl","infinitespire:Lucky Rock","Astrolabe","hubris:TenFootPole","infinitespire:Cupcake"],"acts_visited":["Exordium","TheCity"],"potions_floor_usage":[21],"damage_taken":[{"damage":1.0,"enemies":"Cultist","floor":1.0,"turns":4.0},{"damage":0.0,"enemies":"2 Louse","floor":2.0,"turns":2.0},{"damage":0.0,"enemies":"Small Slimes","floor":3.0,"turns":3.0},{"damage":13.0,"enemies":"3 Sentries","floor":7.0,"turns":4.0},{"damage":3.0,"enemies":"Gremlin Nob","floor":10.0,"turns":3.0},{"damage":2.0,"enemies":"Gremlin Gang","floor":11.0,"turns":3.0},{"damage":13.0,"enemies":"Red Slaver","floor":12.0,"turns":3.0},{"damage":7.0,"enemies":"3 Sentries","floor":14.0,"turns":4.0},{"damage":0.0,"enemies":"Hexaghost","floor":16.0,"turns":8.0},{"damage":9.0,"enemies":"Shell Parasite","floor":18.0,"turns":6.0},{"damage":10.0,"enemies":"Chosen","floor":19.0,"turns":5.0},{"damage":0,"enemies":"3 Cultists","floor":21,"turns":4},{"damage":73,"enemies":"Gremlin Leader","floor":22,"turns":5}],"seed_played":"8072965651952549098","potions_obtained":[{"floor":1.0,"key":"FearPotion"},{"floor":3.0,"key":"FearPotion"},{"floor":7.0,"key":"SpeedPotion"},{"floor":12.0,"key":"SteroidPotion"},{"floor":14.0,"key":"DistilledChaos"},{"floor":21,"key":"FairyPotion"}],"is_trial":true,"path_per_floor":["M","M","M","$","?","R","E","?","T","E","M","M","R","E","R","B",null,"M","M","AVR","M","E"],"character_chosen":"THE_ANIMATOR","items_purchased":["animator:Cirno"],"campfire_rested":0,"item_purchase_floors":[4],"current_hp_per_floor":[53,53,53,53,53,53,40,40,40,37,35,22,22,15,15,15,49,40,30,30,32,0,0],"gold":373,"neow_bonus":"","is_daily":false,"chose_seed":false,"campfire_upgraded":3,"win_rate":0.0,"timestamp":1612091668,"path_taken":["M","M","?","$","?","R","E","?","T","E","M","M","R","E","R","BOSS","M","?","AVR","M","?"],"items_purchased_type":["Card"],"build_version":"2020-12-22","purchased_purges":1,"victory":false,"max_hp_per_floor":[60,60,60,60,60,60,60,60,60,60,60,60,60,60,60,60,60,60,60,60,62,62,62],"relic_stats":{"Torii":12,"Singing Bowl":2,"counters":[13,52],"Astrolabe":["animator:Entoma","animator:Sebas","animator:CrowleyEusford"],"obtain_stats":[{"animator:PurgingStone":0,"Torii":9,"Singing Bowl":10,"animator:TheMissingPiece":0,"Astrolabe":17,"Thread and Needle":0,"animator:LivingPicture":0,"hubris:TenFootPole":20,"infinitespire:Lucky Rock":14,"hubris:Towel":5,"Mercury Hourglass":7,"infinitespire:Cupcake":20},{"animator:PurgingStone":0,"Torii":4,"Singing Bowl":5,"animator:TheMissingPiece":0,"Astrolabe":9,"Thread and Needle":0,"animator:LivingPicture":0,"hubris:TenFootPole":11,"infinitespire:Lucky Rock":8,"hubris:Towel":3,"Mercury Hourglass":4,"infinitespire:Cupcake":11},{"animator:PurgingStone":0,"Torii":13,"Singing Bowl":16,"animator:TheMissingPiece":0,"Astrolabe":33,"Thread and Needle":0,"animator:LivingPicture":0,"hubris:TenFootPole":43,"infinitespire:Lucky Rock":25,"hubris:Towel":9,"Mercury Hourglass":13,"infinitespire:Cupcake":43}],"Mercury Hourglass":[153]},"card_choices":[{"not_picked":["animator:Sloth","animator:Vanir"],"picked":"animator:DolaStephanie","floor":1.0},{"not_picked":["animator:IzunaHatsuse","animator:Witch"],"picked":"animator:Jibril","floor":2.0},{"not_picked":["animator:Kaijin","animator:Elsword"],"picked":"animator:FielNirvalen","floor":3.0},{"not_picked":["animator:GoblinSlayer","animator:Envy"],"picked":"animator:Ainz","floor":7.0},{"not_picked":["animator:Father","animator:Wiz"],"picked":"animator:Gilgamesh","floor":10.0},{"not_picked":["animator:Shinoa","animator:Mikaela"],"picked":"animator:ElricEdward","floor":11.0},{"not_picked":["animator:Cocytus","animator:Caster"],"picked":"animator:Benimaru","floor":12.0},{"not_picked":["animator:PinaCoLada","animator:Boros"],"picked":"animator:Arpeggio","floor":14.0},{"not_picked":["animator:Saitama","animator:Biyorigo"],"picked":"animator:Kyubey","floor":16.0},{"not_picked":["animator:ElricEdward","animator:ShinjiMatou"],"picked":"animator:ChlammyZell","floor":18.0},{"not_picked":["animator:MetalKnight","animator:Mitsuba+1"],"picked":"animator:YuiTsuruno","floor":19.0},{"not_picked":["animator:OrikoMikuni","animator:AcuraTooru","animator:DolaRiku"],"picked":"Singing Bowl","floor":21}],"player_experience":969595,"relics_obtained":[{"floor":7.0,"key":"Mercury Hourglass"},{"floor":9.0,"key":"Torii"},{"floor":10.0,"key":"Singing Bowl"},{"floor":14.0,"key":"infinitespire:Lucky Rock"}],"event_choices":[{"damage_healed":0.0,"max_hp_gain":0.0,"max_hp_loss":0.0,"gold_gain":0.0,"event_name":"Upgrade Shrine","player_choice":"Upgraded","floor":8.0,"gold_loss":0.0,"damage_taken":0.0,"cards_upgraded":["animator:Tatsumaki"]}],"is_beta":false,"boss_relics":[{"not_picked":["Philosopher\u0027s Stone","hubris:Stopwatch"],"picked":"Astrolabe"}],"items_purged_floors":[20],"is_endless":false,"potions_floor_spawned":[1,3,7,12,14,21],"killed_by":"Gremlin Leader","ascension_level":20}}