{"host":"97gqqvl04geh4ia8","time":1612108332,"event":{"mods":["BaseMod","Curses Come First","Downfall","Minty Spire (QoL Compilation)","Say the Spire","StSLib","The Dragon Tamer","The Servant 0.9.4","UnlockEverythingMod","[IsaacMod]ÒÔÈö¼âËþ","¡¾ÒÅÎï¿¨ÅÆ¡¿REMEMod"],"gold_per_floor":[167,178,178,178,478,514,134,169,194,194,37,37,37,57,57,152,152,178,277,290,173,198,233,254,254,254,254,288,297,324,344,344,444,444,464,523,596,596,410,410,434,463,463,481,520,537,537,216,216,216],"floor_reached":51,"language":"ZHS","playtime":1509,"items_purged":["Strike_R","Strike_R","Strike_R","Writhe","Strike_R","Defend_R"],"score":1013,"play_id":"f37eac6e-2ab2-49aa-8073-2083f7346dfa","local_time":"20210131235212","is_ascension_mode":true,"campfire_choices":[{"data":"Brutality","floor":10,"key":"SMITH"},{"data":"Pommel Strike","floor":12,"key":"SMITH"},{"data":"Clash","floor":15,"key":"SMITH"},{"data":"Barricade","floor":27,"key":"SMITH"},{"data":"Body Slam","floor":32,"key":"SMITH"},{"data":"Armaments","floor":40,"key":"SMITH"},{"data":"True Grit","floor":49,"key":"SMITH"}],"circlet_count":0,"master_deck":["Defend_R","Defend_R","Bash+1","FTL+1","Clash+1","Pommel Strike+1","Battle Trance","Brutality+1","Cleave","Barricade+1","Body Slam+1","Infernal Blade+1","Rupture","REME_Cut+1","Intimidate+1","Armaments+1","REME_Scribble+1","Madness","Madness","Pommel Strike+1","True Grit+1"],"relics":["HushsDoor","REME_ComplimentaryCards","DoctorsRemote","Tiny House","CeramicFish","Habit","HowToJump","Magic Flower","Tiny Chest","Membership Card","REME_ChargedStone","SatanicBible","Potion Belt","GuppysTail","Pear","Juzu Bracelet","Red Skull","Coffee Dripper","DeathBook","Thread and Needle","White Beast Statue","Singing Bowl","AnarchistCookbook","Mummified Hand","Bottled Tornado","Lizard Tail","NineVolt"],"acts_visited":["Exordium","TheCity","TheBeyond"],"potions_floor_usage":[16,24,33,44,46,50,50,50,50],"damage_taken":[{"damage":1,"enemies":"Jaw Worm","floor":1,"turns":3},{"damage":0,"enemies":"Cultist","floor":2,"turns":3},{"damage":6,"enemies":"Gremlin Nob","floor":6,"turns":3},{"damage":8,"enemies":"Lagavulin","floor":8,"turns":5},{"damage":5,"enemies":"2 Louse","floor":14,"turns":2},{"damage":4,"enemies":"Slime Boss","floor":16,"turns":5},{"damage":0,"enemies":"2 Thieves","floor":18,"turns":2},{"damage":0,"enemies":"3 Byrds","floor":20,"turns":3},{"damage":0,"enemies":"REME_1_Revenger","floor":23,"turns":4},{"damage":1,"enemies":"Centurion and Healer","floor":24,"turns":4},{"damage":10,"enemies":"Gremlin Leader","floor":28,"turns":3},{"damage":0,"enemies":"Sentry and Sphere","floor":30,"turns":3},{"damage":8,"enemies":"Snake Plant","floor":31,"turns":2},{"damage":18,"enemies":"Collector","floor":33,"turns":6},{"damage":0,"enemies":"Orb Walker","floor":35,"turns":2},{"damage":0,"enemies":"Mind Bloom Boss Battle","floor":36,"turns":2},{"damage":0,"enemies":"3 Darklings","floor":41,"turns":1},{"damage":0,"enemies":"Giant Head","floor":42,"turns":3},{"damage":0,"enemies":"Reptomancer","floor":45,"turns":2},{"damage":0,"enemies":"Maw","floor":46,"turns":3},{"damage":17,"enemies":"Awakened One","floor":50,"turns":5}],"seed_played":"-6566951310205208851","potions_obtained":[{"floor":0,"key":"PowerPotion"},{"floor":1,"key":"PowerPotion"},{"floor":6,"key":"Explosive Potion"},{"floor":14,"key":"Fire Potion"},{"floor":16,"key":"Fire Potion"},{"floor":23,"key":"SteroidPotion"},{"floor":24,"key":"BloodPotion"},{"floor":30,"key":"Fire Potion"},{"floor":35,"key":"Fire Potion"},{"floor":42,"key":"Fruit Juice"},{"floor":46,"key":"Fruit Juice"}],"is_trial":false,"path_per_floor":["M","M","?","?","?","E","$","E","T","R","$","R","?","M","R","B",null,"M","?","M","$","T","E","M","?","T","R","E","?","M","M","R","B",null,"M","?","T","?","$","R","M","E","T","?","E","M","?","$","R","B",null],"character_chosen":"IRONCLAD","items_purchased":["Habit","HowToJump","Membership Card","SatanicBible","Barricade","DeathBook","Singing Bowl","Armaments","Lizard Tail","NineVolt","True Grit"],"campfire_rested":0,"item_purchase_floors":[7,7,11,17,21,34,39,39,48,48,48],"current_hp_per_floor":[84,84,84,77,77,71,71,63,63,63,63,63,63,58,58,54,70,70,70,70,70,70,70,69,69,79,79,69,69,69,61,61,43,63,63,63,63,63,63,63,63,68,68,64,64,76,76,76,76,86],"gold":216,"neow_bonus":"BOSS_RELIC","is_daily":false,"chose_seed":false,"campfire_upgraded":7,"win_rate":0.0,"timestamp":1612108332,"path_taken":["M","M","?","?","?","E","?","E","T","R","$","R","?","M","R","BOSS","M","?","?","$","?","E","M","?","T","R","E","?","M","M","R","BOSS","M","?","?","?","$","R","M","E","T","?","E","M","?","$","R","BOSS"],"items_purchased_type":["Relic","Relic","Relic","Relic","Card","Relic","Relic","Card","Relic","Relic","Card"],"build_version":"2020-12-22","purchased_purges":6,"victory":true,"max_hp_per_floor":[85,85,85,85,85,85,85,85,85,85,85,85,85,85,85,85,70,70,70,70,70,70,70,70,70,80,80,80,80,80,80,80,80,63,63,63,63,63,63,63,63,68,68,73,73,83,83,83,83,86],"card_choices":[{"not_picked":["Rampage","REME_FearOfPain"],"picked":"Clash","floor":0},{"not_picked":["Ghostly Armor","Fire Breathing"],"picked":"Pommel Strike","floor":1},{"not_picked":["Flex","Anger"],"picked":"Bomb","floor":2},{"not_picked":["Flame Barrier","Corruption"],"picked":"Battle Trance","floor":6},{"not_picked":["Sever Soul","Havoc"],"picked":"Brutality","floor":8},{"not_picked":["Twin Strike","Heavy Blade","Headbutt"],"picked":"SKIP","floor":14},{"not_picked":["Wild Strike","Sword Boomerang+1"],"picked":"Cleave","floor":18},{"not_picked":["Sword Boomerang+1","Cleave","Perfected Strike"],"picked":"SKIP","floor":20},{"not_picked":["Spot Weakness","Pummel","Corruption"],"picked":"SKIP","floor":23},{"not_picked":["Body Slam","Twin Strike","Infernal Blade"],"picked":"SKIP","floor":24},{"not_picked":["Twin Strike","Infernal Blade"],"picked":"Body Slam","floor":24},{"not_picked":["Anger","Pummel+1"],"picked":"Infernal Blade+1","floor":28},{"not_picked":["True Grit","Hemokinesis"],"picked":"Rupture","floor":30},{"not_picked":["Carnage","Twin Strike","Fire Breathing"],"picked":"SKIP","floor":31},{"not_picked":["Twin Strike","Evolve"],"picked":"REME_Cut+1","floor":35},{"not_picked":["Entrench","Havoc+1"],"picked":"Intimidate+1","floor":36},{"not_picked":["Havoc","Carnage+1"],"picked":"REME_Scribble+1","floor":41},{"not_picked":["Wild Strike+1","Twin Strike","Uppercut"],"picked":"Singing Bowl","floor":42},{"not_picked":["Perfected Strike+1","REME_FearOfPain+1"],"picked":"Pommel Strike+1","floor":45},{"not_picked":["Anger","Pommel Strike","Clothesline+1"],"picked":"Singing Bowl","floor":46}],"player_experience":27068,"relics_obtained":[{"floor":6,"key":"CeramicFish"},{"floor":8,"key":"Magic Flower"},{"floor":9,"key":"Tiny Chest"},{"floor":22,"key":"Potion Belt"},{"floor":23,"key":"GuppysTail"},{"floor":26,"key":"Pear"},{"floor":28,"key":"Juzu Bracelet"},{"floor":36,"key":"Thread and Needle"},{"floor":37,"key":"White Beast Statue"},{"floor":42,"key":"AnarchistCookbook"},{"floor":43,"key":"Mummified Hand"},{"floor":45,"key":"Bottled Tornado"}],"event_choices":[{"damage_healed":0,"gold_gain":0,"player_choice":"Forge","damage_taken":0,"max_hp_gain":0,"max_hp_loss":0,"event_name":"Accursed Blacksmith","floor":3,"gold_loss":0,"cards_upgraded":["Bash"]},{"cards_removed":["Strike_R"],"damage_healed":0,"gold_gain":0,"player_choice":"Card Removal","damage_taken":7,"max_hp_gain":0,"max_hp_loss":0,"event_name":"Golden Wing","floor":4,"gold_loss":0},{"damage_healed":0,"gold_gain":0,"player_choice":"Leave","damage_taken":0,"max_hp_gain":0,"max_hp_loss":0,"event_name":"The Cleric","floor":13,"gold_loss":0},{"damage_healed":0,"gold_gain":99,"player_choice":"Stole From Cult","damage_taken":0,"max_hp_gain":0,"max_hp_loss":0,"event_name":"Nest","floor":19,"gold_loss":0},{"damage_healed":0,"gold_gain":0,"player_choice":"Opened","damage_taken":0,"relics_obtained":["Red Skull"],"max_hp_gain":0,"max_hp_loss":0,"event_name":"The Mausoleum","floor":29,"gold_loss":0,"cards_obtained":["Writhe"]},{"damage_healed":0,"gold_gain":0,"player_choice":"Fight","damage_taken":0,"max_hp_gain":0,"max_hp_loss":0,"event_name":"MindBloom","floor":36,"gold_loss":0},{"cards_removed":["Defend_R"],"damage_healed":0,"gold_gain":0,"player_choice":"Removed Skill","damage_taken":0,"max_hp_gain":0,"max_hp_loss":0,"event_name":"Falling","floor":38,"gold_loss":0},{"damage_healed":0,"gold_gain":0,"player_choice":"Embrace Madness","damage_taken":9,"max_hp_gain":0,"max_hp_loss":0,"event_name":"Winding Halls","floor":44,"gold_loss":0,"cards_obtained":["Madness","Madness"]}],"is_beta":false,"boss_relics":[{"not_picked":["REME_DuelDisc","Sozu"],"picked":"REME_ChargedStone"},{"not_picked":[]},{"not_picked":["Astrolabe","Runic Cube"],"picked":"Coffee Dripper"},{"not_picked":[]}],"items_purged_floors":[7,17,21,34,39,48],"is_endless":false,"potions_floor_spawned":[1,6,14,16,23,24,30,31,35,36,41,42,45,46],"ascension_level":1}}