{"host":"2tgyrzvaa7l04o2e","time":1612105926,"event":{"mods":["BaseMod","Highlight Path","Minty Spire (QoL Compilation)","Permanent Neow","Relic Stats"],"gold_per_floor":[111,186,206,226,226,226,254,268,268,193,193,193,193],"floor_reached":12,"language":"ENG","playtime":366,"items_purged":["Strike_G"],"score":156,"play_id":"dc737ada-f556-4718-80e2-f6a9512223d6","local_time":"20210131161206","is_ascension_mode":true,"campfire_choices":[{"data":"Neutralize","floor":6,"key":"SMITH"},{"floor":11,"key":"REST"}],"circlet_count":0,"master_deck":["AscendersBane","Strike_G","Strike_G","Strike_G","Strike_G","Defend_G","Defend_G","Defend_G","Defend_G","Survivor","Neutralize+1","Grand Finale","Dagger Spray","Blur","Dagger Throw","Dagger Spray","Terror"],"relics":["Ring of the Snake","Akabeko","Singing Bowl"],"acts_visited":["Exordium"],"potions_floor_usage":[12],"damage_taken":[{"damage":1,"enemies":"Small Slimes","floor":1,"turns":4},{"damage":1,"enemies":"2 Louse","floor":3,"turns":3},{"damage":0,"enemies":"Cultist","floor":4,"turns":5},{"damage":35,"enemies":"Lagavulin","floor":7,"turns":9},{"damage":0,"enemies":"Gremlin Gang","floor":8,"turns":1},{"damage":32,"enemies":"Gremlin Nob","floor":12,"turns":3}],"seed_played":"-8665543775274228747","potions_obtained":[{"floor":8,"key":"Strength Potion"}],"is_trial":false,"path_per_floor":["M","?","M","M","?","R","E","M","T","$","R","E"],"character_chosen":"THE_SILENT","items_purchased":[],"campfire_rested":1,"item_purchase_floors":[],"current_hp_per_floor":[58,47,46,46,46,46,11,11,11,11,29,0,0],"gold":193,"neow_bonus":"THREE_RARE_CARDS","is_daily":false,"chose_seed":false,"campfire_upgraded":1,"win_rate":0.0,"timestamp":1612105926,"path_taken":["M","?","M","M","?","R","E","M","T","$","R","E"],"items_purchased_type":[],"build_version":"2020-12-22","purchased_purges":1,"victory":false,"max_hp_per_floor":[60,60,60,60,60,60,60,60,60,60,60,60,60],"relic_stats":{"Singing Bowl":0,"counters":[6,25],"obtain_stats":[{"Singing Bowl":9,"Akabeko":7,"Ring of the Snake":0},{"Singing Bowl":5,"Akabeko":4,"Ring of the Snake":0},{"Singing Bowl":22,"Akabeko":21,"Ring of the Snake":0}],"Ring of the Snake":[12]},"card_choices":[{"not_picked":["Adrenaline","After Image"],"picked":"Grand Finale","floor":0},{"not_picked":["Cloak And Dagger","Bane"],"picked":"Dagger Spray","floor":1},{"not_picked":["Caltrops","Masterful Stab"],"picked":"Blur","floor":3},{"not_picked":["Accuracy","Infinite Blades"],"picked":"Dagger Throw","floor":4},{"not_picked":["Bane","Riddle With Holes"],"picked":"Dagger Spray","floor":7},{"not_picked":["Predator","Bane"],"picked":"Terror","floor":8}],"player_experience":677957,"relics_obtained":[{"floor":7,"key":"Akabeko"},{"floor":9,"key":"Singing Bowl"}],"event_choices":[{"damage_healed":0,"gold_gain":75,"player_choice":"Gather Gold","damage_taken":11,"max_hp_gain":0,"max_hp_loss":0,"event_name":"World of Goop","floor":2,"gold_loss":0},{"cards_removed":["Defend_G"],"damage_healed":0,"gold_gain":0,"player_choice":"Purged","damage_taken":0,"max_hp_gain":0,"max_hp_loss":0,"event_name":"Purifier","floor":5,"gold_loss":0}],"is_beta":false,"boss_relics":[],"items_purged_floors":[10],"is_endless":false,"potions_floor_spawned":[8],"killed_by":"Gremlin Nob","ascension_level":20}}