{"host":"cwjcp8ldy62zu3uk","time":1612057167,"event":{"mods":["AchievementEnabler","Act Like it!","BaseMod","Better Note","CapriCore","Colored Powertips","DeckTracker","Friendly Minions","Gensokyo","GifTheSpireLib","KinomotoSakuraMod(ÙÊñýÜâ?)","Koishi","Marisa£¨Ùöéë¡¡Øª×âÞÞ£©","Minty Spire (QoL Compilation)","Random Character Button","Rare Cards Sparkle","Reimu£¨ÚÏ???£©","StSLib","The Hierophant","The Immortal","The Mystic","The Servant 0.9.4","Yakumo Yukari mod","Yuyuko"],"gold_per_floor":[111,111,125,87,162,190,365,365,392,392,409,31,31,66,66,169,169,186,186,5,19,38,67,81,81,135,153,153,172,172,182,182,280,280,290,34,54,73,89,89,118,118,143,143,154,154,167,185,185,185],"floor_reached":51,"language":"KOR","playtime":4550,"items_purged":["Doubt","Regret"],"score":809,"play_id":"fda971a5-6409-469f-b1ff-43516a34c481","local_time":"20210131103927","is_ascension_mode":false,"campfire_choices":[{"data":"Enlightenment","floor":8.0,"key":"SMITH"},{"data":"mysticmod:Haste","floor":10.0,"key":"SMITH"},{"data":"mysticmod:PreparedCaster","floor":15.0,"key":"SMITH"},{"data":"mysticmod:MysticalShield","floor":25.0,"key":"SMITH"},{"data":"mysticmod:Dedication","floor":30.0,"key":"SMITH"},{"data":"mysticmod:Dedication+1","floor":32.0,"key":"SMITH"},{"data":"mysticmod:MagicWeapon","floor":40,"key":"SMITH"},{"data":"mysticmod:Spellstrike","floor":42,"key":"SMITH"},{"data":"mysticmod:Dedication+2","floor":44,"key":"SMITH"},{"data":"mysticmod:BladeMaster","floor":49,"key":"SMITH"}],"circlet_count":0,"master_deck":["mysticmod:Strike_Mystic","mysticmod:Strike_Mystic","mysticmod:Strike_Mystic","mysticmod:Strike_Mystic","mysticmod:Defend_Mystic","mysticmod:Defend_Mystic+1","mysticmod:Defend_Mystic","mysticmod:Defend_Mystic","mysticmod:ArcaneDodge","mysticmod:ShockingGrasp","mysticmod:Probe","mysticmod:Haste+1","Enlightenment+1","mysticmod:TomeOfSpells+1","mysticmod:Grapple","mysticmod:Disengage","mysticmod:Riposte","mysticmod:PreparedCaster+1","mysticmod:Fireball","mysticmod:GeminiForm","mysticmod:EnchantedMoulinet","mysticmod:Snowball+1","mysticmod:MysticalShield+1","mysticmod:BladeMaster+1","mysticmod:BulkUp+1","mysticmod:Fly","mysticmod:Dedication+4","mysticmod:EbbAndFlow","mysticmod:Spellstrike+1","mysticmod:MagicWeapon+1","mysticmod:GreaterInvisibility","mysticmod:MightyMagic+1"],"relics":["mysticmod:SpellBook","NeowsBlessing","Eternal Feather","Art of War","War Paint","Mercury Hourglass","Singing Bowl","RedLine:ReiMu","Chemical X","MealTicket","RuthlessExorcism:ReiMu","mysticmod:CrystalBall","OrangePellets","Oddly Smooth Stone","Dream Catcher"],"acts_visited":["Exordium","TheCity","TheBeyond"],"potions_floor_usage":[50,50],"damage_taken":[{"damage":0.0,"enemies":"2 Louse","floor":1.0,"turns":1.0},{"damage":0.0,"enemies":"Cultist","floor":3.0,"turns":1.0},{"damage":0.0,"enemies":"Gremlin Nob","floor":6.0,"turns":1.0},{"damage":10.0,"enemies":"Jaw Worm","floor":11.0,"turns":5.0},{"damage":13.0,"enemies":"Lagavulin","floor":14.0,"turns":5.0},{"damage":9.0,"enemies":"Slime Boss","floor":16.0,"turns":7.0},{"damage":18.0,"enemies":"2 Thieves","floor":18.0,"turns":4.0},{"damage":12.0,"enemies":"Chosen","floor":21.0,"turns":4.0},{"damage":1.0,"enemies":"3 Cultists","floor":22.0,"turns":3.0},{"damage":25.0,"enemies":"Book of Stabbing","floor":23.0,"turns":6.0},{"damage":9.0,"enemies":"Centurion and Healer","floor":24.0,"turns":3.0},{"damage":21.0,"enemies":"Snake Plant","floor":27.0,"turns":4.0},{"damage":0.0,"enemies":"Chosen and Byrds","floor":29.0,"turns":4.0},{"damage":0.0,"enemies":"3 Cultists","floor":31.0,"turns":3.0},{"damage":29.0,"enemies":"Collector","floor":33.0,"turns":11.0},{"damage":0.0,"enemies":"Orb Walker","floor":35.0,"turns":2.0},{"damage":9,"enemies":"3 Darklings","floor":37,"turns":4},{"damage":0,"enemies":"Transient","floor":38,"turns":5},{"damage":13,"enemies":"Jaw Worm Horde","floor":39,"turns":2},{"damage":35,"enemies":"Giant Head","floor":41,"turns":7},{"damage":0,"enemies":"3 Darklings","floor":45,"turns":3},{"damage":7,"enemies":"4 Shapes","floor":47,"turns":2},{"damage":2,"enemies":"Sphere and 2 Shapes","floor":48,"turns":3},{"damage":69,"enemies":"Donu and Deca","floor":50,"turns":8}],"seed_played":"-278487911393376205","potions_obtained":[{"floor":1.0,"key":"Swift Potion"},{"floor":3.0,"key":"Weak Potion"},{"floor":11.0,"key":"FearPotion"},{"floor":14.0,"key":"LiquidMemories"},{"floor":18.0,"key":"BlessingOfTheForge"},{"floor":21.0,"key":"Regen Potion"},{"floor":28.0,"key":"Energy Potion"},{"floor":28.0,"key":"SkillPotion"},{"floor":28.0,"key":"Swift Potion"},{"floor":29.0,"key":"Dexterity Potion"},{"floor":31.0,"key":"DistilledChaos"},{"floor":33.0,"key":"Fire Potion"},{"floor":35.0,"key":"PowerPotion"},{"floor":37,"key":"Regen Potion"}],"is_trial":false,"path_per_floor":["M","?","M","$","?","E","?","R","T","R","M","$","?","E","R","B",null,"M","?","$","M","M","E","M","R","T","M","?","M","R","M","R","B",null,"M","$","M","M","M","R","E","R","T","R","M","?","M","M","R","B",null],"character_chosen":"MYSTIC_CLASS","items_purchased":["mysticmod:Grapple","mysticmod:PreparedCaster","War Paint","mysticmod:Fireball","Chemical X","mysticmod:BladeMaster","OrangePellets"],"campfire_rested":0,"item_purchase_floors":[4,12,12,12,20,20,36],"current_hp_per_floor":[77,77,77,77,66,66,66,75,75,77,67,67,67,54,66,57,77,59,59,59,47,55,32,25,40,40,19,19,19,34,36,51,22,83,85,85,76,78,67,85,52,70,70,88,90,90,83,81,93,39],"gold":185,"neow_bonus":"THREE_ENEMY_KILL","is_daily":false,"chose_seed":false,"campfire_upgraded":10,"win_rate":0.0,"timestamp":1612057167,"path_taken":["M","?","M","?","?","E","?","R","T","R","M","$","?","E","R","BOSS","M","?","$","M","?","E","M","R","T","M","?","?","R","M","R","BOSS","M","$","M","M","M","R","E","R","T","R","M","?","M","?","R","BOSS"],"items_purchased_type":["Card","Card","Relic","Card","Relic","Card","Relic"],"build_version":"2020-12-22","purchased_purges":2,"victory":true,"max_hp_per_floor":[77,77,77,77,77,77,77,77,77,77,77,77,77,77,77,77,77,77,77,77,77,77,79,81,81,81,81,81,81,81,83,83,83,83,85,85,85,87,89,89,91,91,91,91,93,93,93,93,93,93],"card_choices":[{"not_picked":["mysticmod:TomeOfSpells","mysticmod:Grease"],"picked":"mysticmod:Probe","floor":1.0},{"not_picked":["mysticmod:BladeMaster","mysticmod:CorrosiveTouch"],"picked":"mysticmod:TomeOfSpells","floor":3.0},{"not_picked":["mysticmod:TomeOfSpells","mysticmod:PowerSlash"],"picked":"mysticmod:Disengage","floor":6.0},{"not_picked":["mysticmod:Shield","mysticmod:Alacrity"],"picked":"mysticmod:Riposte","floor":11.0},{"not_picked":["mysticmod:Flurry","mysticmod:DiviningBlow"],"picked":"mysticmod:GeminiForm","floor":14.0},{"not_picked":["mysticmod:SpontaneousCaster","mysticmod:Lunge"],"picked":"mysticmod:EnchantedMoulinet","floor":16.0},{"not_picked":["mysticmod:Fly","mysticmod:BulkUp"],"picked":"mysticmod:Snowball+1","floor":18.0},{"not_picked":["mysticmod:Shield","mysticmod:MagicMissile"],"picked":"mysticmod:BulkUp+1","floor":21.0},{"not_picked":["mysticmod:Daze","mysticmod:Disengage"],"picked":"mysticmod:Fly","floor":22.0},{"not_picked":["mysticmod:Disengage","mysticmod:HunkerDown+1","mysticmod:BulkUp+1"],"picked":"Singing Bowl","floor":23.0},{"not_picked":["mysticmod:MightyMagic","mysticmod:Probe","mysticmod:Grease"],"picked":"Singing Bowl","floor":24.0},{"not_picked":["mysticmod:PreparedCaster","mysticmod:MysticalShield"],"picked":"mysticmod:Dedication","floor":27.0},{"not_picked":["mysticmod:HeavyStrike","mysticmod:Riposte"],"picked":"mysticmod:EbbAndFlow","floor":29.0},{"not_picked":["mysticmod:HeavyStrike","mysticmod:Snowball","mysticmod:Riposte"],"picked":"Singing Bowl","floor":31.0},{"not_picked":["mysticmod:KnowledgePool","mysticmod:Haste"],"picked":"mysticmod:Spellstrike","floor":33.0},{"not_picked":["mysticmod:Riposte","mysticmod:TomeOfSpells+1","mysticmod:BulkUp+1"],"picked":"Singing Bowl","floor":35.0},{"not_picked":["mysticmod:Alacrity+1","mysticmod:LightningBolt+1"],"picked":"mysticmod:MagicWeapon","floor":37},{"not_picked":["mysticmod:Daze+1","mysticmod:ChargedParry+1","mysticmod:VorpalThrust"],"picked":"Singing Bowl","floor":38},{"not_picked":["mysticmod:MagicMissile","mysticmod:AllIn","mysticmod:Sideswipe+1"],"picked":"Singing Bowl","floor":39},{"not_picked":["mysticmod:BladedDash+1","mysticmod:PowerSlash+1","mysticmod:MagicMissile"],"picked":"Singing Bowl","floor":41},{"not_picked":["mysticmod:MagicWeapon","mysticmod:Feint","mysticmod:Dedication"],"picked":"Singing Bowl","floor":45},{"not_picked":["mysticmod:PunishingArmor+1","mysticmod:CorrosiveTouch"],"picked":"mysticmod:GreaterInvisibility","floor":47},{"not_picked":["mysticmod:TomeOfSpells","mysticmod:Stoneskin+1"],"picked":"mysticmod:MightyMagic+1","floor":48}],"player_experience":124211,"relics_obtained":[{"floor":6.0,"key":"Eternal Feather"},{"floor":9.0,"key":"Art of War"},{"floor":14.0,"key":"Singing Bowl"},{"floor":23.0,"key":"MealTicket"},{"floor":26.0,"key":"RuthlessExorcism:ReiMu"},{"floor":41,"key":"Oddly Smooth Stone"},{"floor":43,"key":"Dream Catcher"}],"event_choices":[{"damage_healed":0.0,"max_hp_gain":0.0,"max_hp_loss":0.0,"gold_gain":0.0,"event_name":"Match and Keep!","player_choice":"2 cards matched","floor":2.0,"gold_loss":0.0,"damage_taken":0.0,"cards_obtained":["mysticmod:Haste","Enlightenment"]},{"damage_healed":0.0,"max_hp_gain":0.0,"max_hp_loss":0.0,"gold_gain":75.0,"event_name":"World of Goop","player_choice":"Gather Gold","floor":5.0,"gold_loss":0.0,"damage_taken":11.0},{"damage_healed":0.0,"max_hp_gain":0.0,"max_hp_loss":0.0,"gold_gain":175.0,"event_name":"Liars Game","player_choice":"AGREE","floor":7.0,"gold_loss":0.0,"damage_taken":0.0,"cards_obtained":["Doubt"]},{"damage_healed":0.0,"max_hp_gain":0.0,"max_hp_loss":0.0,"gold_gain":0.0,"event_name":"Big Fish","player_choice":"Box","floor":13.0,"gold_loss":0.0,"damage_taken":0.0,"relics_obtained":["Mercury Hourglass"],"cards_obtained":["Regret"]},{"damage_healed":0.0,"max_hp_gain":0.0,"max_hp_loss":0.0,"gold_gain":0.0,"event_name":"Match and Keep!","player_choice":"1 cards matched","floor":19.0,"gold_loss":0.0,"damage_taken":0.0,"cards_obtained":["mysticmod:MysticalShield"]},{"damage_healed":0.0,"max_hp_gain":0.0,"max_hp_loss":0.0,"gold_gain":0.0,"event_name":"Lab","player_choice":"Got Potions","floor":28.0,"gold_loss":0.0,"damage_taken":0.0},{"damage_healed":0,"gold_gain":0,"player_choice":"Upgraded","damage_taken":0,"max_hp_gain":0,"max_hp_loss":0,"event_name":"Upgrade Shrine","floor":46,"gold_loss":0,"cards_upgraded":["mysticmod:Dedication"]}],"is_beta":false,"boss_relics":[{"not_picked":["mysticmod:DeckOfManyThings","Philosopher\u0027s Stone"],"picked":"RedLine:ReiMu"},{"not_picked":["Runic Pyramid","Pandora\u0027s Box"],"picked":"mysticmod:CrystalBall"}],"items_purged_floors":[12,36],"is_endless":false,"potions_floor_spawned":[1,3,11,14,18,21,29,31,33,35,37,39,45],"ascension_level":0}}