{"host":"03gh5aw7xaqhv7p2","time":1612132777,"event":{"mods":["BaseMod","Colored Powertips","Infinite Spire","Minty Spire (QoL Compilation)","StSLib"],"gold_per_floor":[118,135,135,135,151,182,194,206,251,251,282,282,307,323,323,400,400,413,425,438,450,466,466,495,495,520,520,520,283,308,327,327,399,399,409,409,309,309,309],"floor_reached":38,"language":"ENG","playtime":2064,"items_purged":["Strike_P","Strike_P"],"score":1072,"play_id":"264d6d77-591d-4de0-8d98-7e2674e546a5","local_time":"20210131233937","is_ascension_mode":true,"campfire_choices":[{"data":"SignatureMove","floor":10,"key":"SMITH"},{"data":"Vigilance","floor":12,"key":"SMITH"},{"data":"Perseverance","floor":15,"key":"SMITH"},{"data":"ForeignInfluence","floor":23,"key":"SMITH"},{"floor":25,"key":"REST"},{"data":"Eruption","floor":27,"key":"SMITH"},{"floor":32,"key":"REST"}],"circlet_count":0,"master_deck":["AscendersBane","Strike_P","Strike_P","Defend_P","Defend_P","Defend_P","Defend_P","Eruption+1","Vigilance+1","BowlingBash+1","Consecrate","SignatureMove+1","ForeignInfluence+1","Perseverance+1","Fasting2+1","ThirdEye+1","EmptyBody+1","DevaForm","Evaluate+1"],"relics":["PureWater","NeowsBlessing","Ice Cream","Singing Bowl","Pen Nib","Ancient Tea Set","infinitespire:WardingShard","Sozu","Calipers","Blood Vial","ClockworkSouvenir","Lantern","Black Star"],"acts_visited":["Exordium","TheCity","TheBeyond"],"potions_floor_usage":[6,6,7,11,20],"damage_taken":[{"damage":0.0,"enemies":"2 Louse","floor":1.0,"turns":1.0},{"damage":0.0,"enemies":"Small Slimes","floor":2.0,"turns":1.0},{"damage":0.0,"enemies":"Jaw Worm","floor":5.0,"turns":1.0},{"damage":57,"enemies":"Gremlin Nob","floor":6,"turns":6},{"damage":0,"enemies":"Exordium Thugs","floor":7,"turns":3},{"damage":0,"enemies":"2 Fungi Beasts","floor":8,"turns":2},{"damage":0,"enemies":"Lagavulin","floor":11,"turns":4},{"damage":16,"enemies":"Gremlin Nob","floor":13,"turns":3},{"damage":8,"enemies":"Blue Slaver","floor":14,"turns":3},{"damage":0,"enemies":"Hexaghost","floor":16,"turns":6},{"damage":0,"enemies":"Shell Parasite","floor":18,"turns":3},{"damage":0,"enemies":"3 Byrds","floor":19,"turns":5},{"damage":4,"enemies":"Snake Plant","floor":20,"turns":4},{"damage":0,"enemies":"Sentry and Sphere","floor":21,"turns":4},{"damage":5,"enemies":"3 Cultists","floor":22,"turns":3},{"damage":29,"enemies":"Slavers","floor":24,"turns":5},{"damage":5,"enemies":"Book of Stabbing","floor":30,"turns":5},{"damage":13,"enemies":"Shelled Parasite and Fungi","floor":31,"turns":4},{"damage":8,"enemies":"Automaton","floor":33,"turns":12},{"damage":10,"enemies":"3 Shapes","floor":35,"turns":6},{"damage":88,"enemies":"2 Orb Walkers","floor":38,"turns":4}],"seed_played":"-2455894113572748371","potions_obtained":[{"floor":2.0,"key":"BlessingOfTheForge"},{"floor":5.0,"key":"Regen Potion"},{"floor":6,"key":"DuplicationPotion"},{"floor":8,"key":"Regen Potion"},{"floor":14,"key":"Weak Potion"}],"is_trial":false,"path_per_floor":["M","M","?","?","M","E","M","M","T","R","E","R","E","M","R","B",null,"M","M","M","M","M","R","E","R","T","R","?","$","E","M","R","B",null,"M","?","$","?"],"character_chosen":"WATCHER","items_purchased":["ClockworkSouvenir"],"campfire_rested":2,"item_purchase_floors":[29],"current_hp_per_floor":[61,61,56,56,56,14,16,18,18,18,30,30,16,8,8,10,60,62,64,60,62,57,57,30,55,55,55,55,55,52,43,68,62,80,72,72,72,0,0],"gold":309,"neow_bonus":"THREE_ENEMY_KILL","is_daily":false,"chose_seed":false,"campfire_upgraded":5,"win_rate":0.0,"timestamp":1612132777,"path_taken":["M","M","?","?","M","E","M","M","T","R","E","R","E","M","R","BOSS","M","M","M","M","M","R","E","R","T","R","?","?","E","M","R","BOSS","M","?","$","?"],"items_purchased_type":["Relic"],"build_version":"2020-12-22","purchased_purges":2,"victory":false,"max_hp_per_floor":[68,68,68,68,68,68,70,72,72,72,72,72,74,74,74,76,76,78,80,80,82,82,82,84,84,84,84,84,84,84,86,86,86,86,86,82,82,82,82],"card_choices":[{"not_picked":["Tantrum","ClearTheMind"],"picked":"BowlingBash","floor":1.0},{"not_picked":["Study","JustLucky"],"picked":"Consecrate","floor":2.0},{"not_picked":["FlyingSleeves","CutThroughFate","Halt"],"picked":"SKIP","floor":5.0},{"not_picked":["Meditate","Sanctity"],"picked":"SignatureMove","floor":6},{"not_picked":["InnerPeace","FlurryOfBlows","ClearTheMind"],"picked":"Singing Bowl","floor":7},{"not_picked":["FlyingSleeves","CrushJoints","JustLucky"],"picked":"Singing Bowl","floor":8},{"not_picked":["DeceiveReality","Pray"],"picked":"ForeignInfluence","floor":11},{"not_picked":["EmptyMind","Tantrum","SignatureMove"],"picked":"Singing Bowl","floor":13},{"not_picked":["Consecrate","Vault"],"picked":"Perseverance","floor":14},{"not_picked":["Ragnarok","Alpha","DeusExMachina"],"picked":"Singing Bowl","floor":16},{"not_picked":["BowlingBash","FlurryOfBlows","Wallop"],"picked":"Singing Bowl","floor":18},{"not_picked":["Meditate","Fasting2","Halt"],"picked":"Singing Bowl","floor":19},{"not_picked":["CutThroughFate","Halt"],"picked":"Fasting2+1","floor":20},{"not_picked":["Consecrate","Wallop","BowlingBash"],"picked":"Singing Bowl","floor":21},{"not_picked":["Collect+1","TalkToTheHand"],"picked":"ThirdEye+1","floor":22},{"not_picked":["Collect","Halt","Pray"],"picked":"Singing Bowl","floor":24},{"not_picked":["WaveOfTheHand","Prostrate"],"picked":"EmptyBody+1","floor":30},{"not_picked":["EmptyMind","FlyingSleeves","BowlingBash"],"picked":"Singing Bowl","floor":31},{"not_picked":["Establishment","MasterReality"],"picked":"DevaForm","floor":33},{"not_picked":["FlurryOfBlows","SashWhip"],"picked":"Evaluate+1","floor":35}],"player_experience":1956553,"relics_obtained":[{"floor":6,"key":"Singing Bowl"},{"floor":9,"key":"Pen Nib"},{"floor":11,"key":"Ancient Tea Set"},{"floor":13,"key":"infinitespire:WardingShard"},{"floor":24,"key":"Calipers"},{"floor":26,"key":"Blood Vial"},{"floor":30,"key":"Lantern"}],"event_choices":[{"damage_healed":0.0,"max_hp_gain":0.0,"max_hp_loss":0.0,"gold_gain":0.0,"event_name":"Scrap Ooze","player_choice":"Success","floor":3.0,"gold_loss":0.0,"damage_taken":5.0,"relics_obtained":["Ice Cream"]},{"damage_healed":0.0,"max_hp_gain":0.0,"max_hp_loss":0.0,"gold_gain":0.0,"event_name":"Living Wall","player_choice":"Grow","floor":4.0,"gold_loss":0.0,"damage_taken":0.0,"cards_upgraded":["BowlingBash"]},{"damage_healed":0,"gold_gain":0,"player_choice":"0 cards matched","damage_taken":0,"max_hp_gain":0,"max_hp_loss":0,"event_name":"Match and Keep!","floor":28,"gold_loss":0,"cards_obtained":[]},{"damage_healed":0,"gold_gain":0,"player_choice":"Max HP","damage_taken":0,"max_hp_gain":0,"max_hp_loss":4,"event_name":"Winding Halls","floor":36,"gold_loss":0},{"damage_healed":0,"gold_gain":0,"player_choice":"Fight","damage_taken":0,"max_hp_gain":0,"max_hp_loss":0,"event_name":"Mysterious Sphere","floor":38,"gold_loss":0}],"is_beta":false,"boss_relics":[{"not_picked":["Runic Dome","VioletLotus"],"picked":"Sozu"},{"not_picked":["Fusion Hammer","Philosopher\u0027s Stone"],"picked":"Black Star"}],"items_purged_floors":[29,37],"is_endless":false,"potions_floor_spawned":[2,5,6,8,14,21,22,31,33,35],"killed_by":"2 Orb Walkers","ascension_level":20}}