{"host":"3mxu71uy664p0kso","time":1612102747,"event":{"mods":["AchievementEnabler","Arknights","BaseMod","Colored Map","Minty Spire (QoL Compilation)","StSLib","The Dragon Tamer"],"gold_per_floor":[110,0,17,17,17,17,42,42,92,66,80,97,111,126,126,222,222,236,255,273,283,302,302,330,330,356,17,33,50,50,66,66,171,171,189,203,107,125,175,175,175,187,187,207,34,49,49,49,49],"floor_reached":47,"language":"KOR","playtime":3533,"items_purged":["DTMod:Strike","DTMod:Strike","DTMod:LastStand"],"score":555,"play_id":"bcb4c8a1-593f-498b-9ac6-71aa9fc79c34","local_time":"20210131231907","is_ascension_mode":false,"metric_token":479,"campfire_choices":[{"data":"DTMod:SwitchingTactic","floor":6.0,"key":"SMITH"},{"data":"DTMod:Hide","floor":8.0,"key":"SMITH"},{"data":"DTMod:Observe","floor":15.0,"key":"SMITH"},{"floor":23.0,"key":"REST"},{"floor":25.0,"key":"REST"},{"floor":30,"key":"REST"},{"floor":32,"key":"REST"},{"floor":40,"key":"REST"}],"dtmod_dragon_data":[0,50,2,1,4,10],"circlet_count":0,"master_deck":["DTMod:Strike","DTMod:Strike","DTMod:DoubleHit","DTMod:TargetDefense","DTMod:TargetDefense","DTMod:TargetDefense","DTMod:SwitchingTactic+1","DTMod:RunningTactic","DTMod:DragonDance","DTMod:HeatWave","DTMod:Hide+1","DTMod:FlameSlash","DTMod:BurningEnergy","DTMod:DragonDance","DTMod:Observe+1","DTMod:RepeatStrike","DTMod:BurningEnergy+1","DTMod:HeatWave","DTMod:Astonish","DTMod:Hide","DTMod:Safeguard","DTMod:Cover","DTMod:MaximumCharge+1","DTMod:Feint","DTMod:Multitask","DTMod:QuickFly+1","DTMod:HeatWave+1","DTMod:QuickFly","DTMod:DragonDance+1","DTMod:BlueScale","DTMod:Adaptation+1","DTMod:Feint+1","DTMod:HeatWave","DTMod:Cover+1"],"relics":["DTMod:PactStone","NeowsBlessing","Dream Catcher","Oddly Smooth Stone","Velvet Choker","Unceasing Top","Omamori","Bottled Lightning","SlaversCollar","Du-Vu Doll"],"acts_visited":["Exordium","TheCity","TheBeyond"],"potions_floor_usage":[33,33,38,44,47,47],"damage_taken":[{"damage":0.0,"enemies":"Cultist","floor":1.0,"turns":1.0},{"damage":0.0,"enemies":"2 Louse","floor":3.0,"turns":2.0},{"damage":0.0,"enemies":"3 Sentries","floor":7.0,"turns":2.0},{"damage":0.0,"enemies":"Jaw Worm","floor":11.0,"turns":5.0},{"damage":8.0,"enemies":"Gremlin Gang","floor":12.0,"turns":3.0},{"damage":2.0,"enemies":"Exordium Thugs","floor":13.0,"turns":3.0},{"damage":2.0,"enemies":"Blue Slaver","floor":14.0,"turns":3.0},{"damage":7.0,"enemies":"Slime Boss","floor":16.0,"turns":9.0},{"damage":0.0,"enemies":"Shell Parasite","floor":18.0,"turns":4.0},{"damage":0.0,"enemies":"Chosen","floor":19.0,"turns":3.0},{"damage":0.0,"enemies":"Snake Plant","floor":20.0,"turns":3.0},{"damage":0.0,"enemies":"Chosen and Byrds","floor":21.0,"turns":5.0},{"damage":3.0,"enemies":"Sentry and Sphere","floor":22.0,"turns":6.0},{"damage":20.0,"enemies":"Gremlin Leader","floor":24.0,"turns":7.0},{"damage":31.0,"enemies":"Snake Plant","floor":28.0,"turns":5.0},{"damage":6,"enemies":"Chosen and Byrds","floor":29,"turns":4},{"damage":0,"enemies":"Snecko","floor":31,"turns":6},{"damage":0,"enemies":"Collector","floor":33,"turns":8},{"damage":19,"enemies":"3 Darklings","floor":35,"turns":5},{"damage":0,"enemies":"Orb Walker","floor":36,"turns":3},{"damage":0,"enemies":"Writhing Mass","floor":38,"turns":5},{"damage":0,"enemies":"Mind Bloom Boss Battle","floor":39,"turns":6},{"damage":0,"enemies":"Maw","floor":42,"turns":7},{"damage":1,"enemies":"Sphere and 2 Shapes","floor":44,"turns":6},{"damage":0,"enemies":"Transient","floor":46,"turns":5},{"damage":54,"enemies":"4 Shapes","floor":47,"turns":8}],"seed_played":"-5977096060626748347","potions_obtained":[{"floor":1.0,"key":"AttackPotion"},{"floor":12.0,"key":"LiquidBronze"},{"floor":13.0,"key":"Regen Potion"},{"floor":16.0,"key":"Fire Potion"},{"floor":18.0,"key":"PowerPotion"},{"floor":28.0,"key":"SteroidPotion"},{"floor":31,"key":"Swift Potion"},{"floor":33,"key":"Explosive Potion"},{"floor":38,"key":"Explosive Potion"},{"floor":42,"key":"DistilledChaos"},{"floor":44,"key":"SneckoOil"},{"floor":46,"key":"FairyPotion"}],"is_trial":false,"path_per_floor":["M","$","M","?","$","R","E","R","T","$","M","M","M","M","R","B",null,"M","M","M","M","M","R","E","R","T","$","M","M","R","M","R","B",null,"M","M","$","M","?","R","?","M","T","M","$","M","M"],"character_chosen":"THE_DT","items_purchased":["DTMod:DragonDance","DTMod:FlameSlash","Bottled Lightning","DTMod:QuickFly","Swift Potion","PowerPotion"],"campfire_rested":5,"item_purchase_floors":[2,10,27,37,37,45],"current_hp_per_floor":[45,45,45,38,38,38,38,38,38,38,38,30,28,26,26,34,45,45,45,45,45,42,45,25,38,38,38,7,1,14,14,27,27,45,26,26,26,26,26,39,39,39,39,38,38,38,0,0,0],"gold":49,"neow_bonus":"THREE_ENEMY_KILL","is_daily":false,"chose_seed":false,"campfire_upgraded":3,"win_rate":0.0,"timestamp":1612102747,"path_taken":["M","?","M","?","$","R","E","R","T","?","M","M","M","M","R","BOSS","M","M","M","M","M","R","E","R","T","$","?","M","R","M","R","BOSS","M","M","$","M","?","R","?","?","T","M","?","M","M"],"items_purchased_type":["Card","Card","Relic","Card","Potion","Potion"],"build_version":"2020-12-22","purchased_purges":3,"victory":false,"max_hp_per_floor":[45,45,45,45,45,45,45,45,45,45,45,45,45,45,45,45,45,45,45,45,45,45,45,45,45,45,45,45,45,45,45,45,45,45,45,45,45,45,45,45,45,45,45,45,45,45,45,45,45],"card_choices":[{"not_picked":["DTMod:Punisher","DTMod:WarmUp"],"picked":"DTMod:RunningTactic","floor":1.0},{"not_picked":["DTMod:Cover","DTMod:WarmUp"],"picked":"DTMod:HeatWave","floor":3.0},{"not_picked":["DTMod:Conduct","DTMod:ShieldDrain"],"picked":"DTMod:Hide","floor":7.0},{"not_picked":["DTMod:Training","DTMod:BizarreTactic"],"picked":"DTMod:BurningEnergy","floor":11.0},{"not_picked":["DTMod:HeatWave","DTMod:BuildUp"],"picked":"DTMod:LastStand","floor":12.0},{"not_picked":["DTMod:BuildUp","DTMod:ShieldDrain"],"picked":"DTMod:DragonDance","floor":13.0},{"not_picked":["DTMod:DeepFocus","DTMod:DarkBreath"],"picked":"DTMod:Observe","floor":14.0},{"not_picked":["DTMod:EchoTactic","DTMod:LightShield"],"picked":"DTMod:RepeatStrike","floor":16.0},{"not_picked":["DTMod:MagiciansMark","DTMod:FlameSlash"],"picked":"DTMod:BurningEnergy+1","floor":18.0},{"not_picked":["DTMod:ShieldDrain","DTMod:BreakAttack","DTMod:CalculatedDefense"],"picked":"SKIP","floor":19.0},{"not_picked":["DTMod:FlameSlash","DTMod:Overwhelm"],"picked":"DTMod:HeatWave","floor":20.0},{"not_picked":["DTMod:FlameSlash","DTMod:BlazingStrike"],"picked":"DTMod:Astonish","floor":21.0},{"not_picked":["DTMod:CrossStep","DTMod:Cover"],"picked":"DTMod:Hide","floor":22.0},{"not_picked":["DTMod:MasterPlan","DTMod:Threaten","DTMod:Cover"],"picked":"SKIP","floor":24.0},{"not_picked":["DTMod:MasterPlan+1","DTMod:Hide"],"picked":"DTMod:BurningEnergy","floor":25.0},{"not_picked":["DTMod:ComboAttack+1","DTMod:BurningEnergy+1"],"picked":"DTMod:Safeguard","floor":28.0},{"not_picked":["DTMod:Feint+1","DTMod:Hide+1"],"picked":"DTMod:Cover","floor":29},{"not_picked":["DTMod:CrossStep","DTMod:Threaten"],"picked":"DTMod:MaximumCharge+1","floor":30},{"not_picked":["DTMod:Threaten","DTMod:Punisher+1"],"picked":"DTMod:Feint","floor":31},{"not_picked":["DTMod:HeadStart","DTMod:ResonanceForm"],"picked":"DTMod:Multitask","floor":33},{"not_picked":["DTMod:BuildUp+1","DTMod:Punisher+1"],"picked":"DTMod:QuickFly+1","floor":35},{"not_picked":["DTMod:StarRain+1","DTMod:Cover+1"],"picked":"DTMod:HeatWave+1","floor":36},{"not_picked":["DTMod:RecklessFlurry+1","DTMod:MagicField"],"picked":"DTMod:DragonDance+1","floor":38},{"not_picked":["DTMod:Training","DTMod:MagicField+1"],"picked":"DTMod:BlueScale","floor":39},{"not_picked":["DTMod:FlameSlash+1","DTMod:MagicField"],"picked":"DTMod:Adaptation+1","floor":40},{"not_picked":["DTMod:MagicField","DTMod:Weaken+1"],"picked":"DTMod:Feint+1","floor":42},{"not_picked":["DTMod:BreakAttack","DTMod:TriAttack"],"picked":"DTMod:HeatWave","floor":44},{"not_picked":["DTMod:Punisher","DTMod:TauntingStrike"],"picked":"DTMod:Cover+1","floor":46}],"player_experience":97833,"relics_obtained":[{"floor":7.0,"key":"Dream Catcher"},{"floor":9.0,"key":"Oddly Smooth Stone"},{"floor":24.0,"key":"Unceasing Top"},{"floor":26.0,"key":"Omamori"},{"floor":39,"key":"Du-Vu Doll"}],"event_choices":[{"cards_removed":["DTMod:TargetDefense"],"damage_healed":0.0,"max_hp_gain":0.0,"max_hp_loss":0.0,"gold_gain":0.0,"event_name":"Golden Wing","player_choice":"Card Removal","floor":4.0,"gold_loss":0.0,"damage_taken":7.0},{"damage_healed":0,"gold_gain":0,"player_choice":"Fight","damage_taken":0,"max_hp_gain":0,"max_hp_loss":0,"event_name":"MindBloom","floor":39,"gold_loss":0},{"cards_removed":["DTMod:BurningEnergy"],"damage_healed":0,"gold_gain":0,"player_choice":"Purged","damage_taken":0,"max_hp_gain":0,"max_hp_loss":0,"event_name":"Purifier","floor":41,"gold_loss":0}],"is_beta":false,"boss_relics":[{"not_picked":["Fusion Hammer","SacredBark"],"picked":"Velvet Choker"},{"not_picked":["DTMod:TheChair","Runic Dome"],"picked":"SlaversCollar"}],"items_purged_floors":[2,27,45],"is_endless":false,"potions_floor_spawned":[1,12,13,16,18,28,31,33,38,42,44,46],"killed_by":"4 Shapes","ascension_level":0}}