{"host":"04hh9gplt9wkfmr1","time":1612075550,"event":{"mods":["AchievementEnabler","BaseMod","Colored Map","KOR Keyword Fix","Minty Spire (QoL Compilation)","Rare Cards Sparkle","SuperFastMode"],"gold_per_floor":[111,124,299,319,319,319,336,336,336,336,368,368,388,423,423,423,423],"floor_reached":16,"language":"KOR","playtime":312,"items_purged":[],"score":138,"play_id":"b3f495a3-48b7-470a-8034-d59156a99129","local_time":"20210131154550","is_ascension_mode":true,"campfire_choices":[{"data":"Bash","floor":6.0,"key":"SMITH"},{"data":"Sword Boomerang","floor":8.0,"key":"SMITH"},{"data":"Sword Boomerang","floor":10.0,"key":"SMITH"},{"data":"Reaper","floor":15.0,"key":"SMITH"}],"circlet_count":0,"master_deck":["Strike_R","Strike_R","Strike_R","Strike_R","Strike_R","Defend_R","Defend_R","Defend_R","Defend_R","Bash+1","Sword Boomerang+1","Sword Boomerang+1","Reaper+1","Sword Boomerang"],"relics":["Burning Blood","Question Card","FossilizedHelix","Mummified Hand"],"acts_visited":["Exordium"],"potions_floor_usage":[16],"damage_taken":[{"damage":2.0,"enemies":"2 Louse","floor":1.0,"turns":3.0},{"damage":7.0,"enemies":"Small Slimes","floor":2.0,"turns":3.0},{"damage":1.0,"enemies":"Cultist","floor":4.0,"turns":4.0},{"damage":11.0,"enemies":"2 Fungi Beasts","floor":7.0,"turns":4.0},{"damage":18.0,"enemies":"Gremlin Nob","floor":11.0,"turns":4.0},{"damage":10.0,"enemies":"Large Slime","floor":13.0,"turns":5.0},{"damage":20.0,"enemies":"Lagavulin","floor":14.0,"turns":5.0},{"damage":73,"enemies":"Slime Boss","floor":16,"turns":12}],"seed_played":"2019018452266711970","potions_obtained":[{"floor":4.0,"key":"PowerPotion"},{"floor":11.0,"key":"Dexterity Potion"},{"floor":13.0,"key":"FearPotion"}],"is_trial":false,"path_per_floor":["M","M","?","M","?","R","M","R","T","R","E","?","M","E","R","B"],"character_chosen":"IRONCLAD","items_purchased":[],"campfire_rested":0,"item_purchase_floors":[],"current_hp_per_floor":[88,87,87,88,81,81,76,76,76,76,64,64,68,54,54,0,0],"gold":423,"neow_bonus":"TEN_PERCENT_HP_BONUS","is_daily":false,"chose_seed":false,"campfire_upgraded":4,"win_rate":0.0,"timestamp":1612075550,"path_taken":["M","M","?","M","?","R","M","R","T","R","E","?","M","E","R","BOSS"],"items_purchased_type":[],"build_version":"2020-12-22","purchased_purges":0,"victory":false,"max_hp_per_floor":[88,88,88,88,88,88,88,88,88,88,88,88,88,88,88,88,88],"card_choices":[{"not_picked":["Cleave","Shrug It Off","Reckless Charge"],"picked":"SKIP","floor":1.0},{"not_picked":["Intimidate","Sever Soul"],"picked":"Sword Boomerang","floor":2.0},{"not_picked":["Pommel Strike","Clash"],"picked":"Sword Boomerang","floor":4.0},{"not_picked":["Twin Strike","Thunderclap","Iron Wave"],"picked":"SKIP","floor":7.0},{"not_picked":["Heavy Blade","Dual Wield","Thunderclap"],"picked":"Reaper","floor":11.0},{"not_picked":["Body Slam","Sever Soul","Intimidate","Clothesline"],"picked":"SKIP","floor":13.0},{"not_picked":["Pummel","Wild Strike","Iron Wave"],"picked":"Sword Boomerang","floor":14.0}],"player_experience":111677,"relics_obtained":[{"floor":9.0,"key":"Question Card"},{"floor":11.0,"key":"FossilizedHelix"},{"floor":14.0,"key":"Mummified Hand"}],"event_choices":[{"damage_healed":0.0,"max_hp_gain":0.0,"max_hp_loss":0.0,"gold_gain":175.0,"event_name":"Liars Game","player_choice":"AGREE","floor":3.0,"gold_loss":0.0,"damage_taken":0.0,"cards_obtained":["Doubt"]},{"cards_removed":["Doubt"],"damage_healed":0.0,"max_hp_gain":0.0,"max_hp_loss":0.0,"gold_gain":0.0,"event_name":"Golden Wing","player_choice":"Card Removal","floor":5.0,"gold_loss":0.0,"damage_taken":7.0},{"damage_healed":0.0,"max_hp_gain":0.0,"max_hp_loss":0.0,"gold_gain":0.0,"event_name":"Dead Adventurer","player_choice":"Searched \u00270\u0027 times","floor":12.0,"gold_loss":0.0,"damage_taken":0.0}],"is_beta":false,"boss_relics":[],"items_purged_floors":[],"is_endless":false,"potions_floor_spawned":[4,11,13],"killed_by":"Slime Boss","ascension_level":5}}