{"host":"w7tt687j332gugiq","time":1612094948,"event":{"mods":["BaseMod","Minty Spire (QoL Compilation)","StSLib"],"gold_per_floor":[112,112,130,146,146,146,163,163,189,189,224,244,268,288,288,394,394,418,427,445,341,379,423,423,448,448,448,73,100,25,58,58,167,176,189,214,214,26,85,113,113,142,142,177,200,223,253,293,305,317],"floor_reached":51,"language":"ZHS","playtime":1525,"items_purged":["Regret","Strike_G"],"score":1250,"play_id":"3c5f4dc6-e7d6-47d9-8f7f-77e848114285","local_time":"20210131200908","is_ascension_mode":true,"campfire_choices":[{"data":"Neutralize","floor":6.0,"key":"SMITH"},{"data":"Blade Dance","floor":8.0,"key":"SMITH"},{"data":"Slice","floor":10.0,"key":"SMITH"},{"data":"Accuracy","floor":15.0,"key":"SMITH"},{"data":"Adrenaline","floor":24.0,"key":"SMITH"},{"floor":32.0,"key":"REST"},{"data":"Adrenaline","floor":41.0,"key":"SMITH"},{"floor":49.0,"key":"REST"}],"circlet_count":0,"master_deck":["Strike_G","Strike_G","Defend_G","Defend_G","Defend_G","Defend_G","Defend_G","Survivor","Neutralize+1","Blade Dance+1","Deflect","Slice+1","Backflip","Cloak And Dagger","Accuracy+1","Prepared","Adrenaline+1","Blade Dance","Infinite Blades","Escape Plan","Storm of Steel","Acrobatics","Burst","CurseOfTheBell","Acrobatics","Adrenaline+1","Backflip","Cloak And Dagger+1","Accuracy+1"],"relics":["Ring of the Snake","Happy Flower","CeramicFish","Gremlin Horn","WristBlade","Snake Skull","Red Mask","Letter Opener","Nunchaku","Frozen Egg 2","Singing Bowl","Mango","Paper Crane","Calling Bell","Oddly Smooth Stone","Matryoshka","Ginger","StoneCalendar","Strawberry","Question Card","MawBank","Regal Pillow","Omamori"],"acts_visited":["Exordium","TheCity","TheBeyond"],"potions_floor_usage":[50,50,50],"damage_taken":[{"damage":1.0,"enemies":"Jaw Worm","floor":1.0,"turns":6.0},{"damage":1.0,"enemies":"Cultist","floor":3.0,"turns":3.0},{"damage":0.0,"enemies":"2 Louse","floor":4.0,"turns":3.0},{"damage":3.0,"enemies":"Looter","floor":7.0,"turns":3.0},{"damage":21.0,"enemies":"Gremlin Nob","floor":11.0,"turns":4.0},{"damage":0.0,"enemies":"2 Fungi Beasts","floor":12.0,"turns":4.0},{"damage":3.0,"enemies":"Large Slime","floor":13.0,"turns":4.0},{"damage":10.0,"enemies":"Exordium Thugs","floor":14.0,"turns":4.0},{"damage":45.0,"enemies":"Slime Boss","floor":16.0,"turns":9.0},{"damage":4.0,"enemies":"Shell Parasite","floor":18.0,"turns":4.0},{"damage":8.0,"enemies":"3 Byrds","floor":20.0,"turns":3.0},{"damage":0.0,"enemies":"Masked Bandits","floor":22.0,"turns":3.0},{"damage":11.0,"enemies":"Slavers","floor":23.0,"turns":3.0},{"damage":16.0,"enemies":"Book of Stabbing","floor":25.0,"turns":3.0},{"damage":0.0,"enemies":"Slavers","floor":29.0,"turns":3.0},{"damage":10.0,"enemies":"Book of Stabbing","floor":31.0,"turns":3.0},{"damage":1.0,"enemies":"Champ","floor":33.0,"turns":5.0},{"damage":1.0,"enemies":"3 Shapes","floor":35.0,"turns":3.0},{"damage":0.0,"enemies":"Orb Walker","floor":36.0,"turns":3.0},{"damage":14.0,"enemies":"Mind Bloom Boss Battle","floor":39.0,"turns":5.0},{"damage":0.0,"enemies":"Reptomancer","floor":40.0,"turns":2.0},{"damage":5.0,"enemies":"Nemesis","floor":42.0,"turns":5.0},{"damage":0.0,"enemies":"Sphere and 2 Shapes","floor":44.0,"turns":2.0},{"damage":0.0,"enemies":"4 Shapes","floor":45.0,"turns":1.0},{"damage":0.0,"enemies":"Writhing Mass","floor":46.0,"turns":3.0},{"damage":10.0,"enemies":"Maw","floor":47.0,"turns":4.0},{"damage":0.0,"enemies":"Reptomancer","floor":48.0,"turns":2.0},{"damage":28,"enemies":"Time Eater","floor":50,"turns":7}],"seed_played":"-1737008534490218796","potions_obtained":[{"floor":2.0,"key":"FairyPotion"},{"floor":2.0,"key":"Explosive Potion"},{"floor":2.0,"key":"SneckoOil"},{"floor":3.0,"key":"Fire Potion"},{"floor":12.0,"key":"ColorlessPotion"},{"floor":14.0,"key":"Explosive Potion"},{"floor":20.0,"key":"ColorlessPotion"},{"floor":22.0,"key":"PowerPotion"},{"floor":23.0,"key":"SkillPotion"},{"floor":31.0,"key":"Block Potion"},{"floor":35.0,"key":"Weak Potion"},{"floor":40.0,"key":"SkillPotion"},{"floor":42.0,"key":"DistilledChaos"},{"floor":44.0,"key":"Weak Potion"},{"floor":46.0,"key":"PowerPotion"}],"is_trial":false,"path_per_floor":["M","?","M","M","?","R","M","R","T","R","E","M","M","M","R","B",null,"M","?","M","$","?","E","R","E","T","?","$","E","?","E","R","B",null,"M","M","?","$","?","E","R","E","T","M","M","M","M","E","R","B",null],"character_chosen":"THE_SILENT","items_purchased":["Infinite Blades","Singing Bowl","Acrobatics","Adrenaline","Backflip"],"campfire_rested":2,"item_purchase_floors":[21,28,28,38,38],"current_hp_per_floor":[69,69,68,68,68,68,65,65,65,65,44,44,41,31,31,10,60,56,56,48,48,48,37,37,21,21,21,21,37,37,29,57,56,85,86,86,86,86,72,81,81,78,78,78,80,82,74,76,116,88],"gold":329,"neow_bonus":"TEN_PERCENT_HP_BONUS","is_daily":false,"chose_seed":false,"campfire_upgraded":6,"win_rate":0.0,"timestamp":1612094948,"path_taken":["M","?","M","?","?","R","M","R","T","R","E","M","M","M","R","BOSS","M","?","M","$","?","E","R","E","T","?","$","E","?","E","R","BOSS","M","M","?","?","?","E","R","E","T","?","M","M","M","E","R","BOSS"],"items_purchased_type":["Card","Relic","Card","Card","Card"],"build_version":"2020-12-22","purchased_purges":2,"victory":true,"max_hp_per_floor":[77,77,77,77,77,77,77,77,77,77,77,77,77,77,77,77,77,77,77,77,77,77,77,77,77,77,77,77,93,93,95,95,95,95,97,97,97,97,97,106,106,108,108,108,110,112,114,116,116,116],"card_choices":[{"not_picked":["Dodge and Roll","Riddle With Holes"],"picked":"Blade Dance","floor":1.0},{"not_picked":["Sucker Punch","Dodge and Roll"],"picked":"Deflect","floor":3.0},{"not_picked":["Finisher","Expertise"],"picked":"Slice","floor":4.0},{"not_picked":["Slice","Terror"],"picked":"Backflip","floor":7.0},{"not_picked":["All Out Attack","Crippling Poison"],"picked":"Cloak And Dagger","floor":11.0},{"not_picked":["Masterful Stab","Dagger Spray","Bane"],"picked":"SKIP","floor":12.0},{"not_picked":["Backstab","Grand Finale"],"picked":"Accuracy","floor":13.0},{"not_picked":["Sucker Punch","Deflect"],"picked":"Prepared","floor":14.0},{"not_picked":["Storm of Steel","Night Terror"],"picked":"Adrenaline","floor":16.0},{"not_picked":["Well Laid Plans","Finisher"],"picked":"Blade Dance","floor":18.0},{"not_picked":["Sucker Punch","Dagger Throw","Poisoned Stab+1"],"picked":"SKIP","floor":20.0},{"not_picked":["Flying Knee+1","Sucker Punch+1"],"picked":"Escape Plan","floor":22.0},{"not_picked":["Deadly Poison+1","Riddle With Holes"],"picked":"Storm of Steel","floor":23.0},{"not_picked":["Storm of Steel","Bane+1","Underhanded Strike"],"picked":"SKIP","floor":25.0},{"not_picked":["Bane","Deflect","Terror"],"picked":"Singing Bowl","floor":29.0},{"not_picked":["Outmaneuver","Deadly Poison","Backstab"],"picked":"Singing Bowl","floor":31.0},{"not_picked":["Die Die Die","Night Terror"],"picked":"Burst","floor":33.0},{"not_picked":["Sucker Punch+1","Calculated Gamble","Setup+1"],"picked":"Singing Bowl","floor":35.0},{"not_picked":["Dagger Spray+1","Slice"],"picked":"Acrobatics","floor":36.0},{"not_picked":["Dodge and Roll","Crippling Poison"],"picked":"Cloak And Dagger+1","floor":39.0},{"not_picked":["Deflect","Calculated Gamble+1","Skewer"],"picked":"Singing Bowl","floor":40.0},{"not_picked":["Dagger Spray","Underhanded Strike+1","Well Laid Plans+1"],"picked":"Singing Bowl","floor":42.0},{"not_picked":["Flying Knee+1","Choke","Setup"],"picked":"Accuracy+1","floor":44.0},{"not_picked":["Sucker Punch+1","Calculated Gamble","Outmaneuver+1","Catalyst"],"picked":"Singing Bowl","floor":45.0},{"not_picked":["Dodge and Roll","Blade Dance+1","Expertise","Poisoned Stab+1"],"picked":"Singing Bowl","floor":46.0},{"not_picked":["Masterful Stab+1","Slice","Backstab+1","Wraith Form v2+1"],"picked":"Singing Bowl","floor":47.0},{"not_picked":["Blade Dance","Choke+1","Expertise","Riddle With Holes"],"picked":"Singing Bowl","floor":48.0}],"player_experience":148368,"relics_obtained":[{"floor":9.0,"key":"CeramicFish"},{"floor":11.0,"key":"Gremlin Horn"},{"floor":22.0,"key":"Red Mask"},{"floor":23.0,"key":"Letter Opener"},{"floor":25.0,"key":"Nunchaku"},{"floor":26.0,"key":"Frozen Egg 2"},{"floor":29.0,"key":"Mango"},{"floor":31.0,"key":"Paper Crane"},{"floor":34.0,"key":"Oddly Smooth Stone"},{"floor":34.0,"key":"Matryoshka"},{"floor":34.0,"key":"Ginger"},{"floor":39.0,"key":"StoneCalendar"},{"floor":40.0,"key":"Strawberry"},{"floor":42.0,"key":"Question Card"},{"floor":43.0,"key":"MawBank"},{"floor":43.0,"key":"Regal Pillow"},{"floor":48.0,"key":"Omamori"}],"event_choices":[{"damage_healed":0.0,"max_hp_gain":0.0,"max_hp_loss":0.0,"gold_gain":0.0,"event_name":"Lab","player_choice":"Got Potions","floor":2.0,"gold_loss":0.0,"damage_taken":0.0},{"damage_healed":0.0,"max_hp_gain":0.0,"max_hp_loss":0.0,"gold_gain":0.0,"event_name":"Big Fish","player_choice":"Box","floor":5.0,"gold_loss":0.0,"damage_taken":0.0,"relics_obtained":["Happy Flower"],"cards_obtained":["Regret"]},{"damage_healed":0.0,"max_hp_gain":0.0,"max_hp_loss":0.0,"gold_gain":0.0,"event_name":"The Mausoleum","player_choice":"Opened","floor":19.0,"gold_loss":0.0,"damage_taken":0.0,"relics_obtained":["Snake Skull"],"cards_obtained":["Writhe"]},{"damage_healed":0.0,"max_hp_gain":0.0,"max_hp_loss":0.0,"gold_gain":0.0,"event_name":"Masked Bandits","player_choice":"Fought Bandits","floor":22.0,"gold_loss":0.0,"damage_taken":0.0},{"cards_removed":["Writhe"],"damage_healed":0.0,"max_hp_gain":0.0,"max_hp_loss":0.0,"gold_gain":0.0,"event_name":"Back to Basics","player_choice":"Elegance","floor":27.0,"gold_loss":0.0,"damage_taken":0.0},{"cards_removed":["Strike_G"],"damage_healed":0.0,"max_hp_gain":0.0,"max_hp_loss":0.0,"gold_gain":0.0,"event_name":"Beggar","player_choice":"Gave Gold","floor":30.0,"gold_loss":75.0,"damage_taken":0.0},{"cards_removed":["Strike_G"],"damage_healed":0.0,"max_hp_gain":0.0,"max_hp_loss":0.0,"gold_gain":0.0,"event_name":"Bonfire Elementals","player_choice":"Offered Basic","floor":37.0,"gold_loss":0.0,"damage_taken":0.0},{"damage_healed":0.0,"max_hp_gain":0.0,"max_hp_loss":0.0,"gold_gain":0.0,"event_name":"MindBloom","player_choice":"Fight","floor":39.0,"gold_loss":0.0,"damage_taken":0.0}],"is_beta":false,"boss_relics":[{"not_picked":["Runic Pyramid","HoveringKite"],"picked":"WristBlade"},{"not_picked":["SlaversCollar","Empty Cage"],"picked":"Calling Bell"}],"items_purged_floors":[21,28],"is_endless":false,"potions_floor_spawned":[3,4,12,14,20,22,23,31,35,40,42,44,46,48],"ascension_level":6}}