{"host":"mqhvlr3kpxebko0t","time":1612093034,"event":{"mods":["AchievementEnabler","BaseMod","Colored Map","Colored Powertips","KOR Keyword Fix","Keyboard Shortcuts","Minty Spire (QoL Compilation)","StSLib","SuperFastMode"],"gold_per_floor":[116,116,116,63,63,94,94,94,94,94,115,115,129,150,150,150,150],"floor_reached":16,"language":"KOR","playtime":142,"items_purged":[],"score":246,"play_id":"6eccaed8-b7f7-45b1-896b-1d83fbf862c5","local_time":"20210131203714","is_ascension_mode":true,"campfire_choices":[{"data":"Uppercut","floor":7.0,"key":"SMITH"},{"data":"Wild Strike","floor":10,"key":"SMITH"},{"data":"Uppercut","floor":12,"key":"SMITH"},{"data":"Shrug It Off","floor":15,"key":"SMITH"}],"circlet_count":0,"master_deck":["AscendersBane","Strike_R","Strike_R","Strike_R","Strike_R","Defend_R","Defend_R","Defend_R","Defend_R","Bash","Uppercut+1","Shrug It Off+1","Wild Strike+1","Uppercut+1","Pommel Strike"],"relics":["Burning Blood","NeowsBlessing","Orichalcum","Golden Idol","Question Card"],"acts_visited":["Exordium"],"potions_floor_usage":[16],"damage_taken":[{"damage":0.0,"enemies":"Small Slimes","floor":1.0,"turns":2.0},{"damage":0.0,"enemies":"Gremlin Nob","floor":6.0,"turns":1.0},{"damage":0,"enemies":"2 Louse","floor":11,"turns":1},{"damage":4,"enemies":"Jaw Worm","floor":13,"turns":2},{"damage":16,"enemies":"3 Louse","floor":14,"turns":4},{"damage":47,"enemies":"Slime Boss","floor":16,"turns":6}],"seed_played":"-4974119307985066511","potions_obtained":[{"floor":1.0,"key":"ElixirPotion"},{"floor":11,"key":"FearPotion"}],"is_trial":false,"path_per_floor":["M","?","?","$","?","E","R","?","T","R","M","R","M","M","R","B"],"character_chosen":"IRONCLAD","items_purchased":["Shrug It Off"],"campfire_rested":0,"item_purchase_floors":[4],"current_hp_per_floor":[74,74,39,39,39,45,45,45,45,45,51,51,53,43,43,0,0],"gold":150,"neow_bonus":"THREE_ENEMY_KILL","is_daily":false,"chose_seed":false,"campfire_upgraded":4,"win_rate":0.0,"timestamp":1612093034,"path_taken":["M","?","?","?","?","E","R","?","T","R","M","R","M","M","R","BOSS"],"items_purchased_type":["Card"],"build_version":"2020-12-22","purchased_purges":0,"victory":false,"max_hp_per_floor":[75,75,75,75,68,68,68,68,68,68,68,68,68,68,68,68,68],"card_choices":[{"not_picked":["Disarm","Perfected Strike","Cleave"],"picked":"SKIP","floor":1.0},{"not_picked":["Cleave","Twin Strike"],"picked":"Wild Strike","floor":6.0},{"not_picked":["Infernal Blade","Havoc","Metallicize"],"picked":"Uppercut","floor":11},{"not_picked":["Feel No Pain","Perfected Strike","Dual Wield"],"picked":"Pommel Strike","floor":13},{"not_picked":["Sword Boomerang","Wild Strike","Body Slam","Thunderclap"],"picked":"SKIP","floor":14}],"player_experience":688902,"relics_obtained":[{"floor":6.0,"key":"Question Card"}],"event_choices":[{"damage_healed":0.0,"max_hp_gain":0.0,"max_hp_loss":0.0,"gold_gain":0.0,"cards_transformed":["Strike_R"],"event_name":"Living Wall","player_choice":"Change","floor":2.0,"gold_loss":0.0,"damage_taken":0.0,"cards_obtained":["Uppercut"]},{"damage_healed":0.0,"max_hp_gain":0.0,"max_hp_loss":0.0,"gold_gain":0.0,"event_name":"Scrap Ooze","player_choice":"Success","floor":3.0,"gold_loss":0.0,"damage_taken":35.0,"relics_obtained":["Orichalcum"]},{"damage_healed":0.0,"max_hp_gain":0.0,"max_hp_loss":7.0,"gold_gain":0.0,"event_name":"Golden Idol","player_choice":"Lose Max HP","floor":5.0,"gold_loss":0.0,"damage_taken":0.0,"relics_obtained":["Golden Idol"]},{"damage_healed":0.0,"max_hp_gain":0.0,"max_hp_loss":0.0,"gold_gain":0.0,"event_name":"Match and Keep!","player_choice":"0 cards matched","floor":8.0,"gold_loss":0.0,"damage_taken":0.0,"cards_obtained":[]}],"is_beta":false,"boss_relics":[],"items_purged_floors":[],"is_endless":false,"potions_floor_spawned":[1,11],"killed_by":"Slime Boss","ascension_level":20}}