{"host":"c6u7e77myxvw4d0m","time":1612083161,"event":{"mods":["AchievementEnabler","BaseMod","Bestiary","Colored Map","Colored Powertips","Minty Spire (QoL Compilation)","Rare Cards Sparkle","Relic Stats","everything is the same but u backflip on backflip"],"gold_per_floor":[115,139,159,176,195,224,224,253,253,253,267,294,165,184,184,261,261,276,276,181,9,9,40,40,40,40],"floor_reached":25,"language":"ENG","playtime":1452,"items_purged":["Strike_R","Strike_R"],"score":442,"play_id":"9b8bc434-09fc-45d1-9ff1-be72c4666547","local_time":"20210131105241","is_ascension_mode":true,"campfire_choices":[{"floor":7.0,"key":"REST"},{"floor":10.0,"key":"REST"},{"floor":15.0,"key":"REST"},{"data":"Feel No Pain","floor":24,"key":"SMITH"}],"circlet_count":0,"master_deck":["AscendersBane","Strike_R","Strike_R","Strike_R","Defend_R","Defend_R","Defend_R","Defend_R","Bash","Combust","Feel No Pain+1","Twin Strike","True Grit","Clothesline","Entrench","Pommel Strike","Iron Wave","Shockwave","Reckless Charge","Reaper","Shrug It Off","Ghostly","Ghostly","Ghostly","Good Instincts","Fire Breathing","Disarm","Writhe","Barricade"],"relics":["Sozu","Orichalcum","Pantograph","Matryoshka","Smiling Mask","StrikeDummy","Bottled Tornado","Philosopher\u0027s Stone","Sundial","The Courier"],"acts_visited":["Exordium","TheCity"],"potions_floor_usage":[],"damage_taken":[{"damage":0.0,"enemies":"Cultist","floor":1.0,"turns":3.0},{"damage":10.0,"enemies":"Jaw Worm","floor":3.0,"turns":4.0},{"damage":2.0,"enemies":"2 Louse","floor":4.0,"turns":2.0},{"damage":9.0,"enemies":"Blue Slaver","floor":5.0,"turns":3.0},{"damage":29.0,"enemies":"Gremlin Nob","floor":6.0,"turns":5.0},{"damage":20.0,"enemies":"3 Sentries","floor":8.0,"turns":6.0},{"damage":2.0,"enemies":"Exordium Wildlife","floor":11.0,"turns":3.0},{"damage":13.0,"enemies":"Lagavulin","floor":12.0,"turns":6.0},{"damage":3.0,"enemies":"Red Slaver","floor":14.0,"turns":4.0},{"damage":40,"enemies":"The Guardian","floor":16,"turns":14},{"damage":19,"enemies":"2 Thieves","floor":18,"turns":3},{"damage":12,"enemies":"Slavers","floor":23,"turns":7},{"damage":29,"enemies":"Gremlin Leader","floor":25,"turns":6}],"seed_played":"5117739637476863746","potions_obtained":[],"is_trial":false,"path_per_floor":["M","T","M","M","M","E","R","E","T","R","M","E","$","M","R","B",null,"M","?","$","$","?","E","R","E"],"character_chosen":"IRONCLAD","items_purchased":["Shockwave","Good Instincts","Fire Breathing","Disarm"],"campfire_rested":3,"item_purchase_floors":[13,20,21,21],"current_hp_per_floor":[68,68,58,56,47,18,40,20,20,42,40,27,27,24,46,31,64,45,37,37,37,37,25,25,0,0],"gold":40,"neow_bonus":"BOSS_RELIC","is_daily":false,"chose_seed":false,"campfire_upgraded":1,"win_rate":0.0,"timestamp":1612083161,"path_taken":["M","?","?","M","M","E","R","E","T","R","M","E","$","M","R","BOSS","M","?","?","$","?","E","R","E"],"items_purchased_type":["Card","Card","Card","Card"],"build_version":"2020-12-22","purchased_purges":2,"victory":false,"max_hp_per_floor":[75,75,75,75,75,75,75,75,75,75,75,75,75,75,75,75,75,75,37,37,37,37,37,37,37,37],"relic_stats":{"Sozu":7,"counters":[13,66],"Sundial":[0],"Pantograph":25,"Orichalcum":[126],"Smiling Mask":75,"obtain_stats":[{"Sozu":0,"Matryoshka":8,"Sundial":22,"Pantograph":6,"Philosopher\u0027s Stone":17,"The Courier":23,"Orichalcum":2,"Bottled Tornado":12,"Smiling Mask":9,"StrikeDummy":9,"Burning Blood":0},{"Sozu":0,"Matryoshka":6,"Sundial":11,"Pantograph":5,"Philosopher\u0027s Stone":10,"The Courier":12,"Orichalcum":1,"Bottled Tornado":8,"Smiling Mask":6,"StrikeDummy":6,"Burning Blood":0},{"Sozu":0,"Matryoshka":23,"Sundial":53,"Pantograph":17,"Philosopher\u0027s Stone":50,"The Courier":60,"Orichalcum":3,"Bottled Tornado":32,"Smiling Mask":23,"StrikeDummy":23,"Burning Blood":0}]},"card_choices":[{"not_picked":["Dark Embrace","Power Through"],"picked":"Combust","floor":1.0},{"not_picked":["Warcry","Battle Trance"],"picked":"Feel No Pain","floor":3.0},{"not_picked":["Sentinel","Shockwave"],"picked":"Twin Strike","floor":4.0},{"not_picked":["Burning Pact","Warcry"],"picked":"True Grit","floor":5.0},{"not_picked":["Corruption","Clash"],"picked":"Clothesline","floor":6.0},{"not_picked":["Bloodletting","Battle Trance"],"picked":"Entrench","floor":8.0},{"not_picked":["Intimidate","Armaments"],"picked":"Pommel Strike","floor":11.0},{"not_picked":["Intimidate","Twin Strike"],"picked":"Iron Wave","floor":12.0},{"not_picked":["Perfected Strike","Anger"],"picked":"Reckless Charge","floor":14.0},{"not_picked":["Barricade","Immolate"],"picked":"Reaper","floor":16},{"not_picked":["Hemokinesis","Entrench"],"picked":"Shrug It Off","floor":18},{"not_picked":["Uppercut","Headbutt"],"picked":"Barricade","floor":23}],"player_experience":569755,"relics_obtained":[{"floor":2.0,"key":"Orichalcum"},{"floor":6.0,"key":"Pantograph"},{"floor":8.0,"key":"Matryoshka"},{"floor":9.0,"key":"Smiling Mask"},{"floor":9.0,"key":"StrikeDummy"},{"floor":12.0,"key":"Bottled Tornado"},{"floor":23,"key":"The Courier"}],"event_choices":[{"damage_healed":0,"gold_gain":0,"player_choice":"Became a Ghost","damage_taken":0,"max_hp_gain":0,"max_hp_loss":38,"event_name":"Ghosts","floor":19,"gold_loss":0,"cards_obtained":["Ghostly","Ghostly","Ghostly"]},{"damage_healed":0,"gold_gain":0,"player_choice":"Opened","damage_taken":0,"relics_obtained":["Sundial"],"max_hp_gain":0,"max_hp_loss":0,"event_name":"The Mausoleum","floor":22,"gold_loss":0,"cards_obtained":["Writhe"]}],"is_beta":false,"boss_relics":[{"not_picked":["Astrolabe","Tiny House"],"picked":"Philosopher\u0027s Stone"}],"items_purged_floors":[13,21],"is_endless":false,"potions_floor_spawned":[1,3,5,8,11,14,23],"killed_by":"Gremlin Leader","ascension_level":17}}