{"host":"6xsbn6ynqlzwllfm","time":1612093625,"event":{"mods":["2.2 Compatiblity","BaseMod","Bestiary","Colored Map","Colored Powertips","Curses Come First","Highlight Path","Keyboard Shortcuts","Minty Spire (QoL Compilation)","Relic Stats","Slay the Relics Exporter","StSLib","SuperFastMode"],"gold_per_floor":[119,94,94,94,105,105,138,155,155,181,195,208,237,237,237,312,312,323,323,323,338,353,353,387,387,387,413,413,140,156,156],"floor_reached":30,"language":"ENG","playtime":654,"items_purged":["Strike_P"],"score":676,"play_id":"67eccf6e-642c-4b77-b0b1-154965054e9a","local_time":"20210131064705","is_ascension_mode":true,"campfire_choices":[{"data":"Consecrate","floor":6,"key":"SMITH"},{"data":"Vault","floor":15,"key":"SMITH"},{"floor":23,"key":"REST"},{"floor":25,"key":"REST"}],"circlet_count":0,"master_deck":["AscendersBane","Strike_P+1","Strike_P","Defend_P","Defend_P","Defend_P","Defend_P","Eruption","Vigilance","Consecrate+1","BowlingBash","SashWhip+1","Vault+1","Brilliance","FearNoEvil","Devotion","Worship+1","CutThroughFate","DeceiveReality","ThirdEye","RitualDagger","TalkToTheHand","Consecrate"],"relics":["HolyWater","NeowsBlessing","Mercury Hourglass","Pen Nib","Whetstone","Lantern","PreservedInsect","Mummified Hand","Ornamental Fan","Meat on the Bone","OrangePellets"],"acts_visited":["Exordium","TheCity"],"potions_floor_usage":[10,24,30],"damage_taken":[{"damage":0,"enemies":"Jaw Worm","floor":1,"turns":1},{"damage":0,"enemies":"Small Slimes","floor":5,"turns":1},{"damage":0,"enemies":"Lagavulin","floor":7,"turns":3},{"damage":0,"enemies":"Cultist","floor":8,"turns":3},{"damage":10,"enemies":"Gremlin Nob","floor":10,"turns":4},{"damage":0,"enemies":"2 Fungi Beasts","floor":11,"turns":2},{"damage":0,"enemies":"Exordium Thugs","floor":12,"turns":3},{"damage":0,"enemies":"3 Sentries","floor":13,"turns":3},{"damage":32,"enemies":"The Guardian","floor":16,"turns":9},{"damage":0,"enemies":"Spheric Guardian","floor":18,"turns":2},{"damage":26,"enemies":"2 Thieves","floor":21,"turns":5},{"damage":8,"enemies":"3 Cultists","floor":22,"turns":4},{"damage":21,"enemies":"Book of Stabbing","floor":24,"turns":4},{"damage":51,"enemies":"Gremlin Leader","floor":27,"turns":4},{"damage":11,"enemies":"Snecko","floor":30,"turns":6}],"seed_played":"-141119118113976944","potions_obtained":[{"floor":8,"key":"Explosive Potion"},{"floor":10,"key":"SkillPotion"},{"floor":11,"key":"ColorlessPotion"},{"floor":13,"key":"Explosive Potion"},{"floor":14,"key":"FairyPotion"},{"floor":24,"key":"FearPotion"},{"floor":30,"key":"SteroidPotion"}],"is_trial":false,"path_per_floor":["M","$","?","?","M","R","E","M","T","E","M","M","E","?","R","B",null,"M","?","?","M","M","R","E","R","T","E","?","$","M"],"character_chosen":"WATCHER","items_purchased":["BowlingBash","OrangePellets","TalkToTheHand"],"campfire_rested":2,"item_purchase_floors":[2,29,29],"current_hp_per_floor":[61,61,50,50,50,50,50,50,50,40,40,40,40,40,40,8,53,53,53,53,27,19,39,18,38,38,20,14,14,15,15],"gold":156,"neow_bonus":"THREE_ENEMY_KILL","is_daily":false,"chose_seed":false,"campfire_upgraded":2,"win_rate":0.0,"timestamp":1612093625,"path_taken":["M","$","?","?","M","R","E","M","T","E","M","?","E","?","R","BOSS","M","?","?","M","?","R","E","R","T","E","?","$","M"],"items_purchased_type":["Card","Relic","Card"],"build_version":"2020-12-22","purchased_purges":1,"victory":false,"max_hp_per_floor":[68,68,68,68,68,68,68,68,68,68,68,68,68,68,68,68,68,68,68,68,68,68,68,68,68,68,68,68,68,68,68],"relic_stats":{"OrangePellets":[1],"counters":[15,54],"Mummified Hand":[2],"Ornamental Fan":[12],"Pen Nib":[9],"PreservedInsect":93,"Whetstone":["SashWhip","Strike_P"],"obtain_stats":[{"OrangePellets":29,"Lantern":10,"NeowsBlessing":0,"Mummified Hand":24,"Ornamental Fan":26,"HolyWater":17,"Pen Nib":7,"PreservedInsect":13,"Whetstone":9,"PureWater":0,"Mercury Hourglass":3,"Meat on the Bone":27},{"OrangePellets":14,"Lantern":5,"NeowsBlessing":0,"Mummified Hand":13,"Ornamental Fan":13,"HolyWater":9,"Pen Nib":3,"PreservedInsect":8,"Whetstone":4,"PureWater":0,"Mercury Hourglass":1,"Meat on the Bone":14},{"OrangePellets":48,"Lantern":12,"NeowsBlessing":0,"Mummified Hand":44,"Ornamental Fan":44,"HolyWater":29,"Pen Nib":5,"PreservedInsect":20,"Whetstone":8,"PureWater":0,"Mercury Hourglass":1,"Meat on the Bone":48}],"Mercury Hourglass":[193],"Meat on the Bone":12},"card_choices":[{"not_picked":["CrushJoints","WindmillStrike"],"picked":"Consecrate","floor":1},{"not_picked":["ForeignInfluence","Wireheading"],"picked":"SashWhip","floor":5},{"not_picked":["PathToVictory","CutThroughFate"],"picked":"Vault","floor":7},{"not_picked":["ThirdEye","SashWhip"],"picked":"Brilliance","floor":10},{"not_picked":["MentalFortress","EmptyFist"],"picked":"FearNoEvil","floor":12},{"not_picked":["Ragnarok","SpiritShield"],"picked":"Devotion","floor":16},{"not_picked":["EmptyBody","SashWhip"],"picked":"Worship+1","floor":18},{"not_picked":["Evaluate","Conclude"],"picked":"CutThroughFate","floor":21},{"not_picked":["CutThroughFate","CarveReality"],"picked":"DeceiveReality","floor":22},{"not_picked":["CrushJoints","ClearTheMind"],"picked":"ThirdEye","floor":27},{"not_picked":["Fasting2","PathToVictory"],"picked":"Consecrate","floor":30}],"player_experience":1343075,"relics_obtained":[{"floor":7,"key":"Pen Nib"},{"floor":9,"key":"Whetstone"},{"floor":10,"key":"Lantern"},{"floor":13,"key":"PreservedInsect"},{"floor":24,"key":"Mummified Hand"},{"floor":26,"key":"Ornamental Fan"},{"floor":27,"key":"Meat on the Bone"}],"event_choices":[{"damage_healed":0,"gold_gain":0,"player_choice":"Success","damage_taken":11,"relics_obtained":["Mercury Hourglass"],"max_hp_gain":0,"max_hp_loss":0,"event_name":"Scrap Ooze","floor":3,"gold_loss":0},{"cards_removed":["Strike_P"],"damage_healed":0,"gold_gain":0,"player_choice":"Purged","damage_taken":0,"max_hp_gain":0,"max_hp_loss":0,"event_name":"Purifier","floor":4,"gold_loss":0},{"damage_healed":0,"gold_gain":0,"player_choice":"Got Potions","damage_taken":0,"max_hp_gain":0,"max_hp_loss":0,"event_name":"Lab","floor":14,"gold_loss":0},{"damage_healed":0,"gold_gain":0,"player_choice":"Ignored","damage_taken":0,"max_hp_gain":0,"max_hp_loss":0,"event_name":"The Mausoleum","floor":19,"gold_loss":0},{"damage_healed":0,"gold_gain":0,"player_choice":"Ignored","damage_taken":0,"max_hp_gain":0,"max_hp_loss":0,"event_name":"N\u0027loth","floor":20,"gold_loss":0},{"damage_healed":0,"gold_gain":0,"player_choice":"Joined the Cult","damage_taken":6,"max_hp_gain":0,"max_hp_loss":0,"event_name":"Nest","floor":28,"gold_loss":0,"cards_obtained":["RitualDagger"]}],"is_beta":false,"boss_relics":[{"not_picked":["SacredBark","Tiny House"],"picked":"HolyWater"}],"items_purged_floors":[29],"is_endless":false,"potions_floor_spawned":[8,10,11,13,16,24,30],"killed_by":"Snecko","ascension_level":20}}