{"host":"jwbw4f4imxd0v0b0","time":1612119032,"event":{"mods":["BaseMod","Colored Map","Highlight Path","Minty Spire (QoL Compilation)","Relic Stats","StSLib"],"gold_per_floor":[112,127,127,127,40,40,66,66,66,91,103,115,146,171,183,267,279,303,325,353,118,131,165,165,176,201,234,284,298,298,311,311,385,385,403,403,54,69,69,69,86,86,86,140,193,222,222,241,241,241],"floor_reached":51,"language":"ENG","playtime":3005,"items_purged":["Strike_B","Strike_B"],"score":1438,"play_id":"a4e61f83-494a-4b56-99d6-7a610e9de784","local_time":"20210131125032","is_ascension_mode":true,"campfire_choices":[{"data":"Cold Snap","floor":6.0,"key":"SMITH"},{"floor":8.0,"key":"REST"},{"data":"Genetic Algorithm","floor":11.0,"key":"SMITH"},{"data":"Ball Lightning","floor":15.0,"key":"SMITH"},{"data":"Defragment","floor":24.0,"key":"SMITH"},{"data":"Biased Cognition","floor":30.0,"key":"SMITH"},{"floor":32.0,"key":"REST"},{"data":"Biased Cognition","floor":40,"key":"SMITH"},{"data":"Defragment","floor":42,"key":"SMITH"},{"floor":47,"key":"REST"},{"floor":49,"key":"REST"}],"circlet_count":0,"master_deck":["AscendersBane","Strike_B","Defend_B","Defend_B","Defend_B","Defend_B","Zap","Dualcast","Cold Snap+1","Conserve Battery","Genetic Algorithm","Genetic Algorithm+1","Coolheaded","Ball Lightning+1","Biased Cognition+1","Defragment+1","Glacier","Skim+1","Static Discharge","Storm","Creative AI","Defragment+1","Biased Cognition+1","Double Energy","Static Discharge","Storm+1","Chill+1"],"relics":["Cracked Core","Akabeko","Unceasing Top","White Beast Statue","MawBank","DataDisk","Philosopher\u0027s Stone","Lee\u0027s Waffle","Question Card","Art of War","Pear","SacredBark","OrangePellets","Darkstone Periapt","Anchor","Ginger","InkBottle"],"acts_visited":["Exordium","TheCity","TheBeyond"],"potions_floor_usage":[50,50],"damage_taken":[{"damage":0.0,"enemies":"Cultist","floor":1.0,"turns":3.0},{"damage":6.0,"enemies":"2 Louse","floor":2.0,"turns":2.0},{"damage":35.0,"enemies":"Lagavulin","floor":7.0,"turns":8.0},{"damage":18.0,"enemies":"Gremlin Nob","floor":10.0,"turns":3.0},{"damage":1.0,"enemies":"Small Slimes","floor":13.0,"turns":3.0},{"damage":3.0,"enemies":"Blue Slaver","floor":14.0,"turns":3.0},{"damage":2.0,"enemies":"Slime Boss","floor":16.0,"turns":10.0},{"damage":10.0,"enemies":"3 Byrds","floor":18.0,"turns":3.0},{"damage":8.0,"enemies":"Shell Parasite","floor":19.0,"turns":5.0},{"damage":8.0,"enemies":"Snecko","floor":20.0,"turns":7.0},{"damage":2.0,"enemies":"Chosen and Byrds","floor":22.0,"turns":5.0},{"damage":20.0,"enemies":"Gremlin Leader","floor":23.0,"turns":9.0},{"damage":0.0,"enemies":"Cultist and Chosen","floor":25.0,"turns":9.0},{"damage":19.0,"enemies":"Book of Stabbing","floor":27.0,"turns":6.0},{"damage":9.0,"enemies":"Snecko","floor":29.0,"turns":3.0},{"damage":0.0,"enemies":"Centurion and Healer","floor":31.0,"turns":5.0},{"damage":35.0,"enemies":"Collector","floor":33.0,"turns":12.0},{"damage":12.0,"enemies":"3 Darklings","floor":35.0,"turns":6.0},{"damage":0,"enemies":"3 Shapes","floor":38,"turns":4},{"damage":1,"enemies":"Transient","floor":41,"turns":6},{"damage":12,"enemies":"2 Orb Walkers","floor":45,"turns":4},{"damage":0,"enemies":"Giant Head","floor":46,"turns":6},{"damage":17,"enemies":"Sphere and 2 Shapes","floor":48,"turns":6},{"damage":0,"enemies":"Donu and Deca","floor":50,"turns":7}],"seed_played":"5175562954344183366","potions_obtained":[{"floor":7.0,"key":"PowerPotion"},{"floor":10.0,"key":"ColorlessPotion"},{"floor":13.0,"key":"Dexterity Potion"},{"floor":16.0,"key":"LiquidBronze"},{"floor":18.0,"key":"CultistPotion"},{"floor":20.0,"key":"Explosive Potion"},{"floor":23.0,"key":"Fruit Juice"},{"floor":25.0,"key":"Fire Potion"},{"floor":27.0,"key":"Weak Potion"},{"floor":31.0,"key":"Dexterity Potion"},{"floor":33.0,"key":"Block Potion"},{"floor":35,"key":"EssenceOfSteel"},{"floor":38,"key":"PotionOfCapacity"},{"floor":46,"key":"SpeedPotion"}],"is_trial":false,"path_per_floor":["M","M","?","?","$","R","E","R","T","E","R","T","M","M","R","B",null,"M","M","M","$","M","E","R","M","T","E","?","M","R","M","R","B",null,"M","?","$","M","?","R","M","R","T","T","?","E","R","M","R","B",null],"character_chosen":"DEFECT","items_purchased":["Genetic Algorithm","Lee\u0027s Waffle","OrangePellets","LiquidMemories"],"campfire_rested":4,"item_purchase_floors":[5,21,37,37],"current_hp_per_floor":[64,58,63,56,56,56,21,43,43,25,25,25,24,21,21,19,62,52,44,36,83,81,61,61,61,61,57,48,39,39,39,68,33,82,70,70,70,70,70,70,69,69,69,69,57,57,84,67,93,93],"gold":241,"neow_bonus":"RANDOM_COMMON_RELIC","is_daily":false,"chose_seed":false,"campfire_upgraded":7,"win_rate":0.0,"timestamp":1612119032,"path_taken":["M","?","?","?","?","R","E","R","T","E","R","?","?","M","R","BOSS","M","?","M","$","M","E","R","M","T","E","?","M","R","M","R","BOSS","M","?","$","M","?","R","M","R","T","?","?","E","R","M","R","BOSS"],"items_purchased_type":["Card","Relic","Relic","Potion"],"build_version":"2020-12-22","purchased_purges":2,"victory":true,"max_hp_per_floor":[71,71,76,76,76,76,76,76,76,76,76,76,76,76,76,76,76,76,76,76,83,83,83,83,83,83,98,98,98,98,98,98,98,98,98,98,98,98,93,93,93,93,93,93,93,93,93,93,93,93],"relic_stats":{"Darkstone Periapt":0,"OrangePellets":[10],"Lee\u0027s Waffle":47,"counters":[24,135],"Art of War":[24],"Ginger":[3],"MawBank":132,"Question Card":13,"obtain_stats":[{"Darkstone Periapt":43,"Lee\u0027s Waffle":21,"Pear":27,"SacredBark":34,"Ginger":45,"MawBank":10,"Question Card":23,"Akabeko":0,"White Beast Statue":9,"OrangePellets":37,"DataDisk":12,"Anchor":44,"Philosopher\u0027s Stone":17,"Art of War":26,"Cracked Core":0,"Unceasing Top":7,"InkBottle":46},{"Darkstone Periapt":20,"Lee\u0027s Waffle":10,"Pear":14,"SacredBark":17,"Ginger":21,"MawBank":4,"Question Card":12,"Akabeko":0,"White Beast Statue":3,"OrangePellets":18,"DataDisk":4,"Anchor":20,"Philosopher\u0027s Stone":7,"Art of War":13,"Cracked Core":0,"Unceasing Top":3,"InkBottle":22},{"Darkstone Periapt":112,"Lee\u0027s Waffle":47,"Pear":76,"SacredBark":96,"Ginger":116,"MawBank":16,"Question Card":61,"Akabeko":0,"White Beast Statue":13,"OrangePellets":102,"DataDisk":16,"Anchor":112,"Philosopher\u0027s Stone":32,"Art of War":70,"Cracked Core":0,"Unceasing Top":13,"InkBottle":122}],"Unceasing Top":[1],"InkBottle":[4]},"card_choices":[{"not_picked":["Coolheaded","Compile Driver"],"picked":"Cold Snap","floor":1.0},{"not_picked":["Stack","Streamline"],"picked":"Conserve Battery","floor":2.0},{"not_picked":["Coolheaded","Beam Cell"],"picked":"FTL","floor":7.0},{"not_picked":["Leap","Machine Learning"],"picked":"Genetic Algorithm","floor":10.0},{"not_picked":["Steam","Hologram"],"picked":"Coolheaded","floor":13.0},{"not_picked":["Turbo","Leap"],"picked":"Ball Lightning","floor":14.0},{"not_picked":["Core Surge","Electrodynamics"],"picked":"Biased Cognition","floor":16.0},{"not_picked":["Recycle","Steam"],"picked":"Defragment","floor":18.0},{"not_picked":["Defragment","Stack"],"picked":"Glacier","floor":19.0},{"not_picked":["Storm","Ball Lightning"],"picked":"Skim+1","floor":20.0},{"not_picked":["BootSequence","Fusion"],"picked":"Static Discharge","floor":22.0},{"not_picked":["Turbo","Gash","Rip and Tear"],"picked":"SKIP","floor":23.0},{"not_picked":["Turbo","Gash","Rip and Tear"],"picked":"SKIP","floor":23.0},{"not_picked":["Stack","Streamline","Ball Lightning"],"picked":"Storm","floor":25.0},{"not_picked":["Lockon+1","Loop","Double Energy+1"],"picked":"Creative AI","floor":27.0},{"not_picked":["Streamline","Compile Driver","Sweeping Beam","Genetic Algorithm"],"picked":"SKIP","floor":29.0},{"not_picked":["Fusion","FTL","Hologram"],"picked":"Defragment","floor":31.0},{"not_picked":["Thunder Strike","Electrodynamics","All For One"],"picked":"Biased Cognition","floor":33.0},{"not_picked":["Streamline+1","Chaos","Reinforced Body"],"picked":"Double Energy","floor":35},{"not_picked":["Rebound","White Noise","Hello World"],"picked":"Static Discharge","floor":38},{"not_picked":["Compile Driver","Redo","Double Energy"],"picked":"Storm+1","floor":41},{"not_picked":["Storm","Streamline+1","Leap+1"],"picked":"Chill+1","floor":45},{"not_picked":["Hello World+1","Beam Cell+1","Streamline","Go for the Eyes"],"picked":"SKIP","floor":46},{"not_picked":["Glacier","White Noise+1","Auto Shields+1","Rebound+1"],"picked":"SKIP","floor":48}],"player_experience":1185106,"relics_obtained":[{"floor":7.0,"key":"Unceasing Top"},{"floor":9.0,"key":"White Beast Statue"},{"floor":10.0,"key":"MawBank"},{"floor":12.0,"key":"DataDisk"},{"floor":23.0,"key":"Question Card"},{"floor":26.0,"key":"Art of War"},{"floor":27.0,"key":"Pear"},{"floor":43,"key":"Darkstone Periapt"},{"floor":44,"key":"Anchor"},{"floor":45,"key":"Ginger"},{"floor":46,"key":"InkBottle"}],"event_choices":[{"damage_healed":0.0,"max_hp_gain":5.0,"max_hp_loss":0.0,"gold_gain":0.0,"event_name":"Big Fish","player_choice":"Donut","floor":3.0,"gold_loss":0.0,"damage_taken":0.0},{"cards_removed":["Strike_B"],"damage_healed":0.0,"max_hp_gain":0.0,"max_hp_loss":0.0,"gold_gain":0.0,"event_name":"Golden Wing","player_choice":"Card Removal","floor":4.0,"gold_loss":0.0,"damage_taken":7.0},{"damage_healed":0.0,"max_hp_gain":0.0,"max_hp_loss":0.0,"gold_gain":50.0,"event_name":"FaceTrader","player_choice":"Touch","floor":28.0,"gold_loss":0.0,"damage_taken":9.0},{"cards_removed":["FTL"],"damage_healed":0,"gold_gain":0,"player_choice":"Removed Attack","damage_taken":0,"max_hp_gain":0,"max_hp_loss":0,"event_name":"Falling","floor":36,"gold_loss":0},{"damage_healed":0,"gold_gain":0,"player_choice":"Max HP","damage_taken":0,"max_hp_gain":0,"max_hp_loss":5,"event_name":"Winding Halls","floor":39,"gold_loss":0},{"damage_healed":0,"gold_gain":0,"player_choice":"Fight","damage_taken":0,"max_hp_gain":0,"max_hp_loss":0,"event_name":"Mysterious Sphere","floor":45,"gold_loss":0}],"is_beta":false,"boss_relics":[{"not_picked":["Astrolabe","Coffee Dripper"],"picked":"Philosopher\u0027s Stone"},{"not_picked":["SlaversCollar","Black Star"],"picked":"SacredBark"}],"items_purged_floors":[21,37],"is_endless":false,"potions_floor_spawned":[7,10,13,14,16,18,19,20,22,23,25,27,29,31,33,35,38,41,45,46,48],"ascension_level":17}}