{"host":"wuernuywc9gl215o","time":1612115688,"event":{"mods":["AchievementEnabler","BaseMod","Block Reminder","Key Reminder","Minty Spire (QoL Compilation)","Permanent Neow","Potion Indicator Mod","Quick Restart","Relic Stats"],"gold_per_floor":[117,135,135,153,171,199,199,229,229,229,249,277,293,258,258,329,329,345,260,260,286,41,41,68,87,133,150,150,176,191,207,207,283,283,297,312,312,325,337,337,352,381,408,20,36,36,36,50,50,50,50,50,50,19,54,54,54],"floor_reached":56,"language":"ENG","playtime":4890,"items_purged":[],"score":2132,"play_id":"e2153f96-4a51-4753-87da-45ec65a2d879","local_time":"20210131175448","is_ascension_mode":true,"campfire_choices":[{"data":"Clothesline","floor":7.0,"key":"SMITH"},{"floor":10.0,"key":"REST"},{"data":"Disarm","floor":15.0,"key":"SMITH"},{"data":"Feed","floor":23.0,"key":"SMITH"},{"floor":28.0,"key":"REST"},{"floor":32.0,"key":"REST"},{"floor":40.0,"key":"REST"},{"data":"Limit Break","floor":47.0,"key":"SMITH"},{"floor":49.0,"key":"RECALL"},{"data":"Disarm","floor":53.0,"key":"SMITH"}],"circlet_count":0,"master_deck":["AscendersBane","Bash","Shrug It Off","Feel No Pain","Clothesline+1","Armaments","Immolate","Bloodletting","Disarm+1","Offering","Rage","Armaments","Limit Break+1","Offering","Hemokinesis+1","Intimidate","Iron Wave+1","Feed+1","Flame Barrier","Battle Trance+1","Disarm+1","Dual Wield+1","Shrug It Off","Rupture+1","Pummel+1","Body Slam+1","Offering","Shrug It Off+1","True Grit+1","Whirlwind+1","True Grit+1","Juggernaut","Flash of Steel+1","Pummel+1","Reaper+1","Shrug It Off","Shockwave","Hemokinesis+1"],"relics":["Black Star","Regal Pillow","Smiling Mask","Blue Candle","The Courier","Lantern","Orichalcum","Tiny Chest","Pandora\u0027s Box","Pen Nib","Bag of Marbles","Membership Card","Gremlin Horn","Bronze Scales","Vajra","Dream Catcher","Centennial Puzzle","Molten Egg 2","Empty Cage","Strawberry","Mummified Hand","Potion Belt","Bag of Preparation","Bottled Tornado","War Paint","Whetstone","Toy Ornithopter"],"acts_visited":["Exordium","TheCity","TheBeyond","TheEnding"],"potions_floor_usage":[56],"damage_taken":[{"damage":3.0,"enemies":"2 Louse","floor":1.0,"turns":4.0},{"damage":4.0,"enemies":"Jaw Worm","floor":2.0,"turns":3.0},{"damage":5.0,"enemies":"Small Slimes","floor":4.0,"turns":3.0},{"damage":4.0,"enemies":"2 Fungi Beasts","floor":5.0,"turns":5.0},{"damage":12.0,"enemies":"3 Sentries","floor":6.0,"turns":15.0},{"damage":38.0,"enemies":"Gremlin Nob","floor":8.0,"turns":5.0},{"damage":0.0,"enemies":"Lots of Slimes","floor":11.0,"turns":4.0},{"damage":25.0,"enemies":"Lagavulin","floor":12.0,"turns":5.0},{"damage":11.0,"enemies":"Red Slaver","floor":13.0,"turns":3.0},{"damage":13.0,"enemies":"Hexaghost","floor":16.0,"turns":12.0},{"damage":21.0,"enemies":"3 Byrds","floor":18.0,"turns":7.0},{"damage":26.0,"enemies":"Book of Stabbing","floor":24.0,"turns":5.0},{"damage":13.0,"enemies":"Chosen","floor":25.0,"turns":5.0},{"damage":5.0,"enemies":"Snecko","floor":27.0,"turns":8.0},{"damage":11.0,"enemies":"Gremlin Leader","floor":29.0,"turns":4.0},{"damage":1.0,"enemies":"Snake Plant","floor":30.0,"turns":3.0},{"damage":16.0,"enemies":"Centurion and Healer","floor":31.0,"turns":4.0},{"damage":25.0,"enemies":"Collector","floor":33.0,"turns":7.0},{"damage":6.0,"enemies":"Orb Walker","floor":35.0,"turns":2.0},{"damage":2.0,"enemies":"3 Shapes","floor":36.0,"turns":9.0},{"damage":6.0,"enemies":"Sphere and 2 Shapes","floor":38.0,"turns":7.0},{"damage":31.0,"enemies":"Transient","floor":39.0,"turns":6.0},{"damage":23.0,"enemies":"Maw","floor":41.0,"turns":6.0},{"damage":22.0,"enemies":"Nemesis","floor":42.0,"turns":5.0},{"damage":0.0,"enemies":"4 Shapes","floor":45.0,"turns":13.0},{"damage":15.0,"enemies":"Sphere and 2 Shapes","floor":48.0,"turns":1.0},{"damage":25.0,"enemies":"Donu and Deca","floor":50.0,"turns":5.0},{"damage":60.0,"enemies":"Time Eater","floor":51.0,"turns":8.0},{"damage":14.0,"enemies":"Shield and Spear","floor":55.0,"turns":1.0},{"damage":103,"enemies":"The Heart","floor":56,"turns":5}],"seed_played":"-6729206673536704862","potions_obtained":[{"floor":5.0,"key":"Block Potion"},{"floor":6.0,"key":"BlessingOfTheForge"},{"floor":8.0,"key":"Fire Potion"},{"floor":11.0,"key":"AttackPotion"},{"floor":12.0,"key":"DuplicationPotion"},{"floor":18.0,"key":"Strength Potion"},{"floor":29.0,"key":"ColorlessPotion"},{"floor":30.0,"key":"Block Potion"},{"floor":33.0,"key":"SpeedPotion"},{"floor":36.0,"key":"AttackPotion"}],"is_trial":false,"path_per_floor":["M","M","?","M","M","E","R","E","T","R","M","E","M","?","R","B",null,"M","?","?","T","$","R","E","M","T","M","R","E","M","M","R","B",null,"M","M","?","M","M","R","M","E","T","$","M","T","R","M","R","B","B",null,"R","$","E","B"],"character_chosen":"IRONCLAD","items_purchased":["Membership Card","Gremlin Horn","Flash of Steel+1","Pummel+1","Reaper+1","Potion Belt","Bag of Preparation","Bottled Tornado","DuplicationPotion","Shockwave"],"campfire_rested":4,"item_purchase_floors":[22,22,44,44,44,44,44,44,44,54],"current_hp_per_floor":[65,61,61,56,52,40,40,2,2,39,39,14,3,21,21,8,58,40,40,40,40,40,40,18,9,9,4,44,33,36,24,67,42,81,75,77,77,75,44,89,66,51,51,51,95,95,95,121,121,100,40,104,104,104,94,0,0],"gold":54,"neow_bonus":"BOSS_RELIC","is_daily":false,"chose_seed":false,"campfire_upgraded":5,"win_rate":0.0,"timestamp":1612115688,"path_taken":["M","M","?","M","M","E","R","E","T","R","M","E","M","?","R","BOSS","M","?","?","?","?","R","E","M","T","M","R","E","M","M","R","BOSS","M","M","?","M","?","R","M","E","T","$","M","?","R","M","R","BOSS","BOSS","R","$","E","BOSS"],"items_purchased_type":["Relic","Relic","Card","Card","Card","Relic","Relic","Relic","Potion","Card"],"build_version":"2020-12-22","purchased_purges":0,"victory":false,"max_hp_per_floor":[75,75,75,75,75,75,75,75,75,75,75,75,75,75,75,75,75,78,78,78,78,78,78,82,86,86,86,86,86,90,94,94,94,94,94,98,98,102,102,102,102,109,109,109,117,117,117,121,121,125,125,125,125,125,129,129,129],"relic_stats":{"Regal Pillow":60,"Gremlin Horn":[18,20],"counters":[30,170],"Blue Candle":[0],"Pen Nib":[15],"Bag of Preparation":[12],"Whetstone":["Iron Wave","Hemokinesis"],"Orichalcum":[132],"War Paint":["Shrug It Off","Dual Wield"],"Smiling Mask":0,"Dream Catcher":3,"Centennial Puzzle":[42],"Mummified Hand":[19],"Bronze Scales":[209],"Tiny Chest":2,"Pandora\u0027s Box":["Rage","Armaments","Limit Break","Offering","Hemokinesis","Intimidate","Iron Wave","Feed","Searing Blow"],"Black Star":7,"obtain_stats":[{"Regal Pillow":6,"Lantern":9,"Gremlin Horn":22,"Vajra":24,"Bag of Preparation":44,"Whetstone":55,"Bottled Tornado":44,"Smiling Mask":6,"Empty Cage":34,"Burning Blood":0,"Dream Catcher":26,"Centennial Puzzle":29,"Mummified Hand":42,"Strawberry":42,"Tiny Chest":12,"Potion Belt":44,"Blue Candle":8,"The Courier":8,"Pen Nib":19,"Orichalcum":12,"War Paint":46,"keyreminder:keyreminder":12,"Bronze Scales":24,"Pandora\u0027s Box":17,"Molten Egg 2":29,"Black Star":0,"Bag of Marbles":21,"Membership Card":22,"Toy Ornithopter":55},{"Regal Pillow":5,"Lantern":6,"Gremlin Horn":11,"Vajra":12,"Bag of Preparation":24,"Whetstone":29,"Bottled Tornado":24,"Smiling Mask":5,"Empty Cage":18,"Burning Blood":0,"Dream Catcher":13,"Centennial Puzzle":15,"Mummified Hand":24,"Strawberry":24,"Tiny Chest":8,"Potion Belt":24,"Blue Candle":6,"The Courier":6,"Pen Nib":11,"Orichalcum":8,"War Paint":25,"keyreminder:keyreminder":8,"Bronze Scales":12,"Pandora\u0027s Box":10,"Molten Egg 2":15,"Black Star":0,"Bag of Marbles":11,"Membership Card":11,"Toy Ornithopter":29},{"Regal Pillow":30,"Lantern":35,"Gremlin Horn":66,"Vajra":71,"Bag of Preparation":137,"Whetstone":165,"Bottled Tornado":137,"Smiling Mask":30,"Empty Cage":102,"Burning Blood":0,"Dream Catcher":76,"Centennial Puzzle":88,"Mummified Hand":137,"Strawberry":137,"Tiny Chest":44,"Potion Belt":137,"Blue Candle":35,"The Courier":35,"Pen Nib":66,"Orichalcum":44,"War Paint":150,"keyreminder:keyreminder":44,"Bronze Scales":71,"Pandora\u0027s Box":59,"Molten Egg 2":88,"Black Star":0,"Bag of Marbles":66,"Membership Card":66,"Toy Ornithopter":165}],"Toy Ornithopter":5},"card_choices":[{"not_picked":["Twin Strike","Thunderclap"],"picked":"Perfected Strike","floor":1.0},{"not_picked":["Dropkick","Searing Blow"],"picked":"Shrug It Off","floor":2.0},{"not_picked":["Evolve","Pummel"],"picked":"Feel No Pain","floor":4.0},{"not_picked":["Sword Boomerang","Havoc"],"picked":"Clothesline","floor":5.0},{"not_picked":["Havoc","Pommel Strike"],"picked":"Armaments","floor":6.0},{"not_picked":["Pommel Strike","Flex","Dark Embrace"],"picked":"SKIP","floor":8.0},{"not_picked":["Hemokinesis","Wild Strike"],"picked":"Immolate","floor":11.0},{"not_picked":["Wild Strike","Clothesline"],"picked":"Bloodletting","floor":12.0},{"not_picked":["Sentinel","Twin Strike"],"picked":"Disarm","floor":13.0},{"not_picked":["Demon Form","Limit Break"],"picked":"Offering","floor":16.0},{"not_picked":["Heavy Blade","Evolve"],"picked":"Flame Barrier","floor":18.0},{"not_picked":["Body Slam","Dropkick"],"picked":"Battle Trance+1","floor":24.0},{"not_picked":["Pommel Strike","Uppercut+1"],"picked":"Disarm","floor":25.0},{"not_picked":["Flex","Rage"],"picked":"Dual Wield","floor":27.0},{"not_picked":["Clothesline","Carnage"],"picked":"Shrug It Off","floor":28.0},{"not_picked":["Carnage+1","Power Through","Wild Strike+1"],"picked":"SKIP","floor":29.0},{"not_picked":["True Grit","Wild Strike+1"],"picked":"Rupture","floor":30.0},{"not_picked":["Headbutt+1","Havoc"],"picked":"Pummel+1","floor":31.0},{"not_picked":["Battle Trance","Searing Blow+1"],"picked":"Body Slam+1","floor":32.0},{"not_picked":["Fiend Fire+1","Immolate+1"],"picked":"Offering","floor":33.0},{"not_picked":["Sword Boomerang+1","Iron Wave+1","Battle Trance+1"],"picked":"SKIP","floor":35.0},{"not_picked":["Anger+1","Clothesline+1"],"picked":"Shrug It Off","floor":36.0},{"not_picked":["Warcry","Heavy Blade+1"],"picked":"True Grit+1","floor":38.0},{"not_picked":["Sever Soul+1","Thunderclap+1","Anger+1"],"picked":"SKIP","floor":39.0},{"not_picked":["Bloodletting","Clash+1"],"picked":"Whirlwind+1","floor":40.0},{"not_picked":["Searing Blow+1","Flex+1"],"picked":"True Grit+1","floor":41.0},{"not_picked":["Searing Blow+1","Metallicize"],"picked":"Juggernaut","floor":42.0},{"not_picked":["Body Slam+1","Sword Boomerang+1"],"picked":"Shrug It Off","floor":45.0},{"not_picked":["Sword Boomerang+1","Bloodletting+1","Perfected Strike+1"],"picked":"SKIP","floor":48.0},{"not_picked":["Pommel Strike+1","Battle Trance"],"picked":"Hemokinesis+1","floor":55.0}],"player_experience":727383,"relics_obtained":[{"floor":6.0,"key":"Regal Pillow"},{"floor":6.0,"key":"Smiling Mask"},{"floor":8.0,"key":"Blue Candle"},{"floor":8.0,"key":"The Courier"},{"floor":9.0,"key":"Lantern"},{"floor":12.0,"key":"Orichalcum"},{"floor":12.0,"key":"Tiny Chest"},{"floor":21.0,"key":"Bag of Marbles"},{"floor":24.0,"key":"Bronze Scales"},{"floor":24.0,"key":"Vajra"},{"floor":26.0,"key":"Dream Catcher"},{"floor":29.0,"key":"Centennial Puzzle"},{"floor":29.0,"key":"Molten Egg 2"},{"floor":42.0,"key":"Strawberry"},{"floor":42.0,"key":"Mummified Hand"},{"floor":46.0,"key":"War Paint"},{"floor":55.0,"key":"Whetstone"},{"floor":55.0,"key":"Toy Ornithopter"}],"event_choices":[{"damage_healed":0.0,"max_hp_gain":0.0,"max_hp_loss":0.0,"gold_gain":0.0,"event_name":"Liars Game","player_choice":"Ignored","floor":3.0,"gold_loss":0.0,"damage_taken":0.0},{"damage_healed":18.0,"max_hp_gain":0.0,"max_hp_loss":0.0,"gold_gain":0.0,"event_name":"The Cleric","player_choice":"Healed","floor":14.0,"gold_loss":35.0,"damage_taken":0.0},{"damage_healed":0.0,"max_hp_gain":0.0,"max_hp_loss":0.0,"gold_gain":0.0,"event_name":"Addict","player_choice":"Obtained Relic","floor":19.0,"gold_loss":85.0,"damage_taken":0.0,"relics_obtained":["Pen Nib"]},{"damage_healed":0.0,"max_hp_gain":0.0,"max_hp_loss":0.0,"gold_gain":0.0,"event_name":"Ghosts","player_choice":"Ignored","floor":20.0,"gold_loss":0.0,"damage_taken":0.0},{"damage_healed":0.0,"max_hp_gain":0.0,"max_hp_loss":0.0,"gold_gain":0.0,"event_name":"Upgrade Shrine","player_choice":"Upgraded","floor":37.0,"gold_loss":0.0,"damage_taken":0.0,"cards_upgraded":["Rupture"]}],"is_beta":false,"boss_relics":[{"not_picked":["Busted Crown","Philosopher\u0027s Stone"],"picked":"Pandora\u0027s Box"},{"not_picked":["Mark of Pain","Calling Bell"],"picked":"Empty Cage"}],"items_purged_floors":[],"is_endless":false,"potions_floor_spawned":[5,6,8,11,12,18,29,30,33,36,41,42],"killed_by":"The Heart","ascension_level":20}}