{"host":"uc8wz0q199a7d901","time":1612086436,"event":{"mods":["2.2 Compatiblity","BaseMod","Colored Map","DeckTracker","Highlight Path","Minty Spire (QoL Compilation)","Permanent Neow","Quick Restart","SuperFastMode"],"gold_per_floor":[114,125,50,62,75,75,91,91,91,126,137,137,137,152,152,229,229,249,41,57,67,100,100,100],"floor_reached":23,"language":"KOR","playtime":576,"items_purged":["Strike_R"],"score":390,"play_id":"848331e2-062d-4298-af3a-bf4975835dbc","local_time":"20210131184716","is_ascension_mode":true,"campfire_choices":[{"data":"Whirlwind","floor":6.0,"key":"SMITH"},{"floor":12.0,"key":"REST"},{"data":"Armaments","floor":15.0,"key":"SMITH"}],"circlet_count":0,"master_deck":["AscendersBane","Strike_R","Strike_R","Defend_R","Defend_R","Defend_R","Bash+1","Pummel","Power Through","Whirlwind+1","Bloodletting","Battle Trance","Offering","Second Wind","Headbutt","Shockwave","Armaments+1","Offering","Blood for Blood+1","Rupture","Shrug It Off","Body Slam"],"relics":["Burning Blood","InkBottle","Sundial","Runic Pyramid","Red Mask"],"acts_visited":["Exordium","TheCity"],"potions_floor_usage":[16,21,23],"damage_taken":[{"damage":10.0,"enemies":"Small Slimes","floor":1.0,"turns":4.0},{"damage":1.0,"enemies":"2 Louse","floor":2.0,"turns":2.0},{"damage":3.0,"enemies":"Cultist","floor":4.0,"turns":2.0},{"damage":23.0,"enemies":"Large Slime","floor":5.0,"turns":6.0},{"damage":9.0,"enemies":"Exordium Thugs","floor":7.0,"turns":3.0},{"damage":14.0,"enemies":"Lagavulin","floor":10.0,"turns":4.0},{"damage":9.0,"enemies":"Exordium Wildlife","floor":11.0,"turns":3.0},{"damage":21.0,"enemies":"Looter","floor":14.0,"turns":3.0},{"damage":32,"enemies":"Slime Boss","floor":16,"turns":4},{"damage":15,"enemies":"Chosen","floor":18,"turns":2},{"damage":24,"enemies":"Shell Parasite","floor":20,"turns":3},{"damage":9,"enemies":"Centurion and Healer","floor":21,"turns":3},{"damage":27,"enemies":"Masked Bandits","floor":22,"turns":3},{"damage":12,"enemies":"Slavers","floor":23,"turns":1}],"seed_played":"-1966312940550207863","potions_obtained":[{"floor":1.0,"key":"SkillPotion"},{"floor":2.0,"key":"EssenceOfSteel"},{"floor":4.0,"key":"AttackPotion"},{"floor":11.0,"key":"ColorlessPotion"},{"floor":13.0,"key":"BloodPotion"},{"floor":13.0,"key":"DuplicationPotion"},{"floor":14.0,"key":"Explosive Potion"},{"floor":21,"key":"Block Potion"}],"is_trial":false,"path_per_floor":["M","M","?","M","M","R","M","?","T","E","M","R","?","M","R","B",null,"M","$","M","M","?","E"],"character_chosen":"IRONCLAD","items_purchased":["Rupture","Shrug It Off"],"campfire_rested":1,"item_purchase_floors":[19,19],"current_hp_per_floor":[46,51,51,54,37,37,34,34,34,26,23,45,45,45,45,19,61,52,52,34,31,10,0,0],"gold":100,"neow_bonus":"TRANSFORM_TWO_CARDS","is_daily":false,"chose_seed":false,"campfire_upgraded":2,"win_rate":0.0,"timestamp":1612086436,"path_taken":["M","M","?","M","M","R","M","?","T","E","?","R","?","M","R","BOSS","M","$","M","M","?","E"],"items_purchased_type":["Card","Card"],"build_version":"2020-12-22","purchased_purges":1,"victory":false,"max_hp_per_floor":[75,75,75,75,75,75,75,75,75,75,75,75,75,75,75,75,75,75,75,75,75,75,75,75],"card_choices":[{"not_picked":["Burning Pact","Heavy Blade"],"picked":"Whirlwind","floor":1.0},{"not_picked":["Heavy Blade","Thunderclap"],"picked":"Bloodletting","floor":2.0},{"not_picked":["Clothesline","Wild Strike"],"picked":"Battle Trance","floor":4.0},{"not_picked":["Perfected Strike","Warcry"],"picked":"Offering","floor":5.0},{"not_picked":["Sword Boomerang","Rage"],"picked":"Second Wind","floor":7.0},{"not_picked":["Sever Soul","Clothesline"],"picked":"Headbutt","floor":10.0},{"not_picked":["Heavy Blade","Thunderclap"],"picked":"Shockwave","floor":11.0},{"not_picked":["Pommel Strike","Intimidate"],"picked":"Armaments","floor":14.0},{"not_picked":["Brutality","Limit Break"],"picked":"Offering","floor":16},{"not_picked":["Body Slam","Wild Strike+1"],"picked":"Blood for Blood+1","floor":18},{"not_picked":["Anger","Carnage"],"picked":"Body Slam","floor":20},{"not_picked":["Body Slam","Perfected Strike","Clash"],"picked":"SKIP","floor":21}],"player_experience":705546,"relics_obtained":[{"floor":9.0,"key":"InkBottle"},{"floor":10.0,"key":"Sundial"},{"floor":22,"key":"Red Mask"}],"event_choices":[{"cards_removed":["Strike_R"],"damage_healed":0.0,"max_hp_gain":0.0,"max_hp_loss":0.0,"gold_gain":0.0,"event_name":"The Cleric","player_choice":"Card Removal","floor":3.0,"gold_loss":75.0,"damage_taken":0.0},{"damage_healed":0.0,"max_hp_gain":0.0,"max_hp_loss":0.0,"gold_gain":0.0,"event_name":"Upgrade Shrine","player_choice":"Upgraded","floor":8.0,"gold_loss":0.0,"damage_taken":0.0,"cards_upgraded":["Bash"]},{"damage_healed":0.0,"max_hp_gain":0.0,"max_hp_loss":0.0,"gold_gain":0.0,"event_name":"Lab","player_choice":"Got Potions","floor":13.0,"gold_loss":0.0,"damage_taken":0.0},{"damage_healed":0,"gold_gain":0,"player_choice":"Fought Bandits","damage_taken":0,"max_hp_gain":0,"max_hp_loss":0,"event_name":"Masked Bandits","floor":22,"gold_loss":0}],"is_beta":false,"boss_relics":[{"not_picked":["Runic Cube","Velvet Choker"],"picked":"Runic Pyramid"}],"items_purged_floors":[19],"is_endless":false,"potions_floor_spawned":[1,2,4,5,11,14,21],"killed_by":"Slavers","ascension_level":20}}