{"host":"6xsbn6ynqlzwllfm","time":1612080787,"event":{"mods":["2.2 Compatiblity","BaseMod","Bestiary","Colored Map","Colored Powertips","Curses Come First","Highlight Path","Keyboard Shortcuts","Minty Spire (QoL Compilation)","Relic Stats","Slay the Relics Exporter","StSLib","SuperFastMode"],"gold_per_floor":[119,136,156,175,193,193,193],"floor_reached":6,"language":"ENG","playtime":173,"items_purged":[],"score":80,"play_id":"d9fd4c5f-e5f3-4746-9067-3981b501ccb4","local_time":"20210131031307","is_ascension_mode":true,"campfire_choices":[],"circlet_count":0,"master_deck":["AscendersBane","Strike_P","Strike_P","Strike_P","Strike_P","Defend_P","Defend_P","Defend_P","Defend_P","Eruption","Vigilance","Prostrate","FlyingSleeves","Consecrate","CrushJoints","CrushJoints"],"relics":["Coffee Dripper"],"acts_visited":["Exordium"],"potions_floor_usage":[6],"damage_taken":[{"damage":0.0,"enemies":"Small Slimes","floor":1.0,"turns":4.0},{"damage":8.0,"enemies":"2 Louse","floor":2.0,"turns":3.0},{"damage":8.0,"enemies":"Jaw Worm","floor":3.0,"turns":4.0},{"damage":23,"enemies":"Lots of Slimes","floor":4,"turns":4},{"damage":3,"enemies":"Blue Slaver","floor":5,"turns":3},{"damage":30,"enemies":"Lagavulin","floor":6,"turns":5}],"seed_played":"157013827345344670","potions_obtained":[{"floor":2.0,"key":"Ancient Potion"},{"floor":5,"key":"LiquidBronze"}],"is_trial":false,"path_per_floor":["M","M","M","M","M","E"],"character_chosen":"WATCHER","items_purchased":[],"campfire_rested":0,"item_purchase_floors":[],"current_hp_per_floor":[61,53,45,22,19,0,0],"gold":193,"neow_bonus":"BOSS_RELIC","is_daily":false,"chose_seed":false,"campfire_upgraded":0,"win_rate":0.0,"timestamp":1612080787,"path_taken":["M","M","M","M","M","E"],"items_purchased_type":[],"build_version":"2020-12-22","purchased_purges":0,"victory":false,"max_hp_per_floor":[68,68,68,68,68,68,68],"relic_stats":{"counters":[6,23],"obtain_stats":[{"Coffee Dripper":0,"PureWater":0},{"Coffee Dripper":0,"PureWater":0},{"Coffee Dripper":0,"PureWater":0}]},"card_choices":[{"not_picked":["Evaluate","JustLucky"],"picked":"Prostrate","floor":1.0},{"not_picked":["FlurryOfBlows","LikeWater"],"picked":"FlyingSleeves","floor":2.0},{"not_picked":["SashWhip","BowlingBash"],"picked":"Consecrate","floor":3.0},{"not_picked":["Consecrate","CutThroughFate"],"picked":"CrushJoints","floor":4},{"not_picked":["EmptyBody","Crescendo"],"picked":"CrushJoints","floor":5}],"player_experience":1333158,"relics_obtained":[],"event_choices":[],"is_beta":false,"boss_relics":[],"items_purged_floors":[],"is_endless":false,"potions_floor_spawned":[2,5],"killed_by":"Lagavulin","ascension_level":20}}