{"host":"f0gpob8hq9vgebej","time":1612080898,"event":{"mods":["AchievementEnabler","BaseMod","Minty Spire (QoL Compilation)","Quick Restart","SuperFastMode"],"gold_per_floor":[115,115,128,142,159,159,189,189,189,203,203,221,266,39,48,48,48],"floor_reached":16,"language":"KOR","playtime":244,"items_purged":["Strike_R"],"score":196,"play_id":"c09f87a7-7789-44e7-aba0-43b3e13efc0e","local_time":"20210131171458","is_ascension_mode":true,"campfire_choices":[{"data":"Rampage","floor":6.0,"key":"SMITH"},{"data":"Whirlwind","floor":8.0,"key":"SMITH"},{"floor":15,"key":"REST"}],"circlet_count":0,"master_deck":["AscendersBane","Strike_R","Strike_R","Strike_R","Defend_R","Defend_R","Defend_R","Defend_R","Bash","Whirlwind+1","Twin Strike","Rampage+1","Rupture","Seeing Red","Evolve","Escape Plan"],"relics":["Burning Blood","Blood Vial","HornCleat","Dream Catcher","Golden Idol","CeramicFish","PrismaticShard"],"acts_visited":["Exordium"],"potions_floor_usage":[],"damage_taken":[{"damage":1.0,"enemies":"Cultist","floor":1.0,"turns":4.0},{"damage":3.0,"enemies":"2 Louse","floor":3.0,"turns":4.0},{"damage":7.0,"enemies":"Jaw Worm","floor":4.0,"turns":3.0},{"damage":12.0,"enemies":"Exordium Wildlife","floor":5.0,"turns":3.0},{"damage":25.0,"enemies":"3 Sentries","floor":7.0,"turns":6.0},{"damage":0.0,"enemies":"Exordium Thugs","floor":10.0,"turns":3.0},{"damage":9.0,"enemies":"Red Slaver","floor":12.0,"turns":3.0},{"damage":23,"enemies":"Gremlin Nob","floor":13,"turns":5},{"damage":0,"enemies":"Hexaghost","floor":16,"turns":1}],"seed_played":"5076055334500589103","potions_obtained":[{"floor":3.0,"key":"Fire Potion"},{"floor":4.0,"key":"Strength Potion"},{"floor":5.0,"key":"Dexterity Potion"},{"floor":10.0,"key":"SkillPotion"}],"is_trial":false,"path_per_floor":["M","T","M","M","M","R","E","R","T","M","?","M","E","$","R","B"],"character_chosen":"IRONCLAD","items_purchased":["PrismaticShard"],"campfire_rested":1,"item_purchase_floors":[14],"current_hp_per_floor":[73,73,75,74,69,69,52,52,52,60,34,33,18,18,40,42,42],"gold":48,"neow_bonus":"REMOVE_CARD","is_daily":false,"chose_seed":false,"campfire_upgraded":2,"win_rate":0.0,"timestamp":1612080898,"path_taken":["M","?","M","M","M","R","E","R","T","M","?","M","E","$","R","BOSS"],"items_purchased_type":["Relic"],"build_version":"2020-12-22","purchased_purges":1,"victory":false,"max_hp_per_floor":[75,75,75,75,75,75,75,75,75,75,75,75,75,75,75,75,75],"card_choices":[{"not_picked":["Thunderclap","Armaments","Havoc"],"picked":"SKIP","floor":1.0},{"not_picked":["Entrench","Combust"],"picked":"Whirlwind","floor":3.0},{"not_picked":["Armaments","Clash"],"picked":"Twin Strike","floor":4.0},{"not_picked":["True Grit","Shockwave"],"picked":"Rampage","floor":5.0},{"not_picked":["Carnage","Brutality","Uppercut"],"picked":"SKIP","floor":7.0},{"not_picked":["Perfected Strike","Twin Strike"],"picked":"Rupture","floor":10.0},{"not_picked":["Clash","Clothesline"],"picked":"Seeing Red","floor":12.0},{"not_picked":["Cleave","Burning Pact"],"picked":"Evolve","floor":13},{"not_picked":["Deadly Poison","EmptyFist"],"picked":"Escape Plan","floor":15}],"player_experience":309685,"relics_obtained":[{"floor":2.0,"key":"Blood Vial"},{"floor":7.0,"key":"HornCleat"},{"floor":9.0,"key":"Dream Catcher"},{"floor":13,"key":"CeramicFish"}],"event_choices":[{"damage_healed":0.0,"max_hp_gain":0.0,"max_hp_loss":0.0,"gold_gain":0.0,"event_name":"Golden Idol","player_choice":"Take Damage","floor":11.0,"gold_loss":0.0,"damage_taken":26.0,"relics_obtained":["Golden Idol"]}],"is_beta":false,"boss_relics":[],"items_purged_floors":[14],"is_endless":false,"potions_floor_spawned":[3,4,5,10],"killed_by":"Hexaghost","ascension_level":15}}