{"host":"640uue19m79c7wbt","time":1612060274,"event":{"mods":["BaseMod","Colored Map","Googly Eyes","Highlight Path","Minty Spire (QoL Compilation)","Quick Restart","StSLib"],"gold_per_floor":[113,113,113,132,132,159,159,192,192,217,231,260,279,289,289,361,361,375,375,6,16,16,16,41,41,41,60,60,3,3,30,30,107,107,122,122,122,139,139,139,168,168,168,168,54,54,87,104,104,104],"floor_reached":51,"language":"ENG","playtime":2093,"items_purged":["Strike_G"],"score":1423,"play_id":"a6b92003-9366-455a-b9c5-857e6036c47c","local_time":"20210130213114","is_ascension_mode":true,"campfire_choices":[{"data":"Predator","floor":7.0,"key":"SMITH"},{"data":"Bullet Time","floor":15.0,"key":"SMITH"},{"floor":23.0,"key":"REST"},{"data":"Venomology","floor":25.0,"key":"SMITH"},{"data":"Finisher","floor":28.0,"key":"SMITH"},{"data":"Cloak And Dagger","floor":30.0,"key":"SMITH"},{"data":"Acrobatics","floor":32.0,"key":"SMITH"},{"data":"Night Terror","floor":40,"key":"SMITH"},{"data":"Acrobatics","floor":44,"key":"SMITH"},{"data":"Crippling Poison","floor":49,"key":"SMITH"}],"circlet_count":0,"master_deck":["AscendersBane","Strike_G+1","Defend_G","Defend_G","Defend_G","Defend_G","Defend_G","Survivor+1","Neutralize","Underhanded Strike","Blade Dance","Predator+1","Venomology+1","Cloak And Dagger+1","Footwork+1","Bullet Time+1","Acrobatics+1","A Thousand Cuts+1","Cloak And Dagger+1","Footwork+1","Bouncing Flask","Finisher+1","Well Laid Plans+1","Blade Dance","Acrobatics+1","Night Terror+1","Crippling Poison+1","Underhanded Strike+1","Dash","Caltrops+1","Outmaneuver"],"relics":["Ring of the Snake","NeowsBlessing","Ninja Scroll","Toy Ornithopter","PreservedInsect","Blue Candle","Frozen Egg 2","Letter Opener","Black Star","Blood Vial","Mummified Hand","WarpedTongs","Art of War","Pocketwatch","HornCleat","Lantern","Eternal Feather","HoveringKite","Gremlin Horn","Juzu Bracelet","Bottled Tornado","Pear","Ornamental Fan"],"acts_visited":["Exordium","TheCity","TheBeyond"],"potions_floor_usage":[41,47,47,50,50,50],"damage_taken":[{"damage":0.0,"enemies":"Jaw Worm","floor":1.0,"turns":1.0},{"damage":0.0,"enemies":"2 Louse","floor":4.0,"turns":1.0},{"damage":0.0,"enemies":"Gremlin Nob","floor":6.0,"turns":1.0},{"damage":14.0,"enemies":"Lagavulin","floor":8.0,"turns":6.0},{"damage":5.0,"enemies":"3 Sentries","floor":10.0,"turns":4.0},{"damage":0.0,"enemies":"Cultist","floor":11.0,"turns":2.0},{"damage":18.0,"enemies":"Gremlin Nob","floor":12.0,"turns":3.0},{"damage":4.0,"enemies":"Large Slime","floor":13.0,"turns":4.0},{"damage":0.0,"enemies":"Blue Slaver","floor":14.0,"turns":2.0},{"damage":50.0,"enemies":"Slime Boss","floor":16.0,"turns":12.0},{"damage":19.0,"enemies":"2 Thieves","floor":18.0,"turns":3.0},{"damage":14.0,"enemies":"Shell Parasite","floor":21.0,"turns":6.0},{"damage":15.0,"enemies":"Book of Stabbing","floor":24.0,"turns":4.0},{"damage":6.0,"enemies":"Snecko","floor":27.0,"turns":3.0},{"damage":8.0,"enemies":"Slavers","floor":31.0,"turns":3.0},{"damage":39.0,"enemies":"Champ","floor":33.0,"turns":8.0},{"damage":8.0,"enemies":"Orb Walker","floor":35.0,"turns":2.0},{"damage":1.0,"enemies":"3 Shapes","floor":38.0,"turns":3.0},{"damage":31,"enemies":"Nemesis","floor":41,"turns":5},{"damage":11,"enemies":"Giant Head","floor":47,"turns":7},{"damage":0,"enemies":"3 Darklings","floor":48,"turns":2},{"damage":24,"enemies":"Awakened One","floor":50,"turns":11}],"seed_played":"-2336757991264636698","potions_obtained":[{"floor":8.0,"key":"Regen Potion"},{"floor":10.0,"key":"SmokeBomb"},{"floor":12.0,"key":"SpeedPotion"},{"floor":13.0,"key":"Swift Potion"},{"floor":16.0,"key":"Weak Potion"},{"floor":21.0,"key":"LiquidBronze"},{"floor":24.0,"key":"LiquidBronze"},{"floor":27.0,"key":"Swift Potion"},{"floor":33.0,"key":"Swift Potion"},{"floor":48,"key":"SpeedPotion"}],"is_trial":false,"path_per_floor":["M","?","?","M","T","E","R","E","T","E","M","E","M","M","R","B",null,"M","?","$","M","?","R","E","R","T","M","R","$","R","E","R","B",null,"M","?","?","M","?","R","E","?","T","R","$","?","E","M","R","B",null],"character_chosen":"THE_SILENT","items_purchased":["Mummified Hand","Footwork+1","Blade Dance","Caltrops+1"],"campfire_rested":1,"item_purchase_floors":[20,20,29,45],"current_hp_per_floor":[59,64,43,43,43,43,43,29,29,48,53,40,41,46,46,21,59,45,45,45,38,38,59,56,56,56,62,62,62,62,56,71,38,63,62,62,62,63,63,71,45,45,45,63,63,63,70,72,81,67],"gold":104,"neow_bonus":"THREE_ENEMY_KILL","is_daily":false,"chose_seed":false,"campfire_upgraded":9,"win_rate":0.0,"timestamp":1612060274,"path_taken":["M","?","?","M","?","E","R","E","T","E","M","E","?","M","R","BOSS","M","?","$","M","?","R","E","R","T","M","R","$","R","E","R","BOSS","M","?","?","?","?","R","E","?","T","R","$","?","E","M","R","BOSS"],"items_purchased_type":["Relic","Card","Card","Card"],"build_version":"2020-12-22","purchased_purges":1,"victory":true,"max_hp_per_floor":[66,71,71,71,71,71,71,71,71,71,71,71,71,71,71,71,71,71,71,71,71,71,71,71,71,71,71,71,71,71,71,71,71,71,71,71,71,71,71,71,71,71,71,71,71,71,81,81,81,81],"card_choices":[{"not_picked":["Acrobatics","Deflect"],"picked":"Underhanded Strike","floor":1.0},{"not_picked":["Flechettes","Deadly Poison"],"picked":"Blade Dance","floor":4.0},{"not_picked":["Backflip","Blade Dance"],"picked":"Predator","floor":6.0},{"not_picked":["Dagger Throw","Backstab"],"picked":"Venomology","floor":8.0},{"not_picked":["Flechettes","Slice"],"picked":"Cloak And Dagger","floor":10.0},{"not_picked":["Dodge and Roll","Dagger Throw"],"picked":"Footwork+1","floor":11.0},{"not_picked":["Skewer","Flechettes","Sucker Punch"],"picked":"SKIP","floor":12.0},{"not_picked":["Noxious Fumes+1","Deflect"],"picked":"Bullet Time","floor":13.0},{"not_picked":["Poisoned Stab","Skewer"],"picked":"Acrobatics","floor":14.0},{"not_picked":["Wraith Form v2+1","Night Terror"],"picked":"A Thousand Cuts+1","floor":16.0},{"not_picked":["Deadly Poison","Acrobatics"],"picked":"Cloak And Dagger+1","floor":18.0},{"not_picked":["Flying Knee","Reflex"],"picked":"Bouncing Flask","floor":21.0},{"not_picked":["Crippling Poison","Malaise"],"picked":"Finisher","floor":24.0},{"not_picked":["Catalyst+1","Backstab+1"],"picked":"Well Laid Plans+1","floor":27.0},{"not_picked":["Grand Finale","Slice"],"picked":"Acrobatics","floor":31.0},{"not_picked":["Burst","Phantasmal Killer"],"picked":"Night Terror","floor":33.0},{"not_picked":["Flechettes+1","Prepared"],"picked":"Crippling Poison","floor":35.0},{"not_picked":["Dagger Spray","Setup"],"picked":"Underhanded Strike+1","floor":38.0},{"not_picked":["Deflect+1","Sucker Punch+1"],"picked":"Dash","floor":41},{"not_picked":["Deflect","Dagger Throw","Setup"],"picked":"SKIP","floor":47},{"not_picked":["Underhanded Strike","All Out Attack+1"],"picked":"Outmaneuver","floor":48}],"player_experience":646642,"relics_obtained":[{"floor":5.0,"key":"Ninja Scroll"},{"floor":6.0,"key":"Toy Ornithopter"},{"floor":8.0,"key":"PreservedInsect"},{"floor":9.0,"key":"Blue Candle"},{"floor":10.0,"key":"Frozen Egg 2"},{"floor":12.0,"key":"Letter Opener"},{"floor":24.0,"key":"Art of War"},{"floor":24.0,"key":"Pocketwatch"},{"floor":26.0,"key":"HornCleat"},{"floor":31.0,"key":"Lantern"},{"floor":31.0,"key":"Eternal Feather"},{"floor":41,"key":"Gremlin Horn"},{"floor":41,"key":"Juzu Bracelet"},{"floor":43,"key":"Bottled Tornado"},{"floor":47,"key":"Pear"},{"floor":47,"key":"Ornamental Fan"}],"event_choices":[{"damage_healed":0.0,"max_hp_gain":5.0,"max_hp_loss":0.0,"gold_gain":0.0,"event_name":"Big Fish","player_choice":"Donut","floor":2.0,"gold_loss":0.0,"damage_taken":0.0},{"damage_healed":0.0,"max_hp_gain":0.0,"max_hp_loss":0.0,"gold_gain":0.0,"event_name":"Shining Light","player_choice":"Entered Light","floor":3.0,"gold_loss":0.0,"damage_taken":21.0,"cards_upgraded":["Strike_G","Survivor"]},{"damage_healed":0.0,"max_hp_gain":0.0,"max_hp_loss":0.0,"gold_gain":0.0,"event_name":"Addict","player_choice":"Stole Relic","floor":19.0,"gold_loss":0.0,"damage_taken":0.0,"relics_obtained":["Blood Vial"],"cards_obtained":["Shame"]},{"damage_healed":0.0,"max_hp_gain":0.0,"max_hp_loss":0.0,"gold_gain":0.0,"event_name":"Accursed Blacksmith","player_choice":"Rummage","floor":22.0,"gold_loss":0.0,"damage_taken":0.0,"relics_obtained":["WarpedTongs"],"cards_obtained":["Pain"]},{"damage_healed":0.0,"max_hp_gain":0.0,"max_hp_loss":0.0,"gold_gain":0.0,"event_name":"Tomb of Lord Red Mask","player_choice":"Ignored","floor":36.0,"gold_loss":0.0,"damage_taken":0.0},{"cards_removed":["Strike_G"],"damage_healed":0.0,"max_hp_gain":0.0,"max_hp_loss":0.0,"gold_gain":0.0,"event_name":"Purifier","player_choice":"Purged","floor":37.0,"gold_loss":0.0,"damage_taken":0.0},{"cards_removed":["Strike_G"],"damage_healed":0,"gold_gain":0,"player_choice":"Offered Basic","damage_taken":0,"max_hp_gain":0,"max_hp_loss":0,"event_name":"Bonfire Elementals","floor":39,"gold_loss":0},{"cards_removed":["Pain","Shame"],"damage_healed":0,"gold_gain":0,"player_choice":"Removed Curses","damage_taken":0,"max_hp_gain":0,"max_hp_loss":0,"event_name":"Fountain of Cleansing","floor":42,"gold_loss":0},{"cards_removed":["Strike_G"],"damage_healed":0,"gold_gain":0,"player_choice":"Purged","damage_taken":0,"max_hp_gain":0,"max_hp_loss":0,"event_name":"Purifier","floor":46,"gold_loss":0}],"is_beta":false,"boss_relics":[{"not_picked":["Tiny House","Pandora\u0027s Box"],"picked":"Black Star"},{"not_picked":["Calling Bell","Busted Crown"],"picked":"HoveringKite"}],"items_purged_floors":[45],"is_endless":false,"potions_floor_spawned":[8,10,12,13,16,21,24,27,33,48],"ascension_level":17}}