{"host":"szp1d6dso4pv7ddl","time":1612061150,"event":{"mods":["AchievementEnabler","Alarm Clock","BaseMod","Bestiary","Block Reminder","Colored Map","Colored Powertips","Curses Come First","Dark Map","Displayed Cursed Tome","Highlight Path","Minty Spire (QoL Compilation)","Permanent Neow","Quick Restart","Relic Sorter","Relic Stats","StSLib","Synergy Search"],"gold_per_floor":[116,41,54,54,54,54,54],"floor_reached":6,"language":"ENG","playtime":339,"items_purged":[],"score":60,"play_id":"c024c580-3afd-4abe-a128-0ee1c70e33e9","local_time":"20210130184550","is_ascension_mode":true,"campfire_choices":[],"circlet_count":0,"master_deck":["AscendersBane","Strike_B","Strike_B","Strike_B","Defend_B","Defend_B+1","Defend_B","Defend_B+1","Zap","Dualcast","Sweeping Beam"],"relics":["Busted Crown"],"acts_visited":["Exordium"],"potions_floor_usage":[],"damage_taken":[{"damage":4,"enemies":"2 Louse","floor":1,"turns":2},{"damage":12,"enemies":"Jaw Worm","floor":3,"turns":3},{"damage":32,"enemies":"Lagavulin","floor":6,"turns":7}],"seed_played":"-2905899702125538244","potions_obtained":[],"is_trial":false,"path_per_floor":["M","?","M","?","$","E"],"character_chosen":"DEFECT","items_purchased":[],"campfire_rested":0,"item_purchase_floors":[],"current_hp_per_floor":[60,60,48,27,27,0,0],"gold":54,"neow_bonus":"BOSS_RELIC","is_daily":false,"chose_seed":false,"campfire_upgraded":0,"win_rate":0.0,"timestamp":1612061150,"path_taken":["M","?","M","?","?","E"],"items_purchased_type":[],"build_version":"2020-12-22","purchased_purges":0,"victory":false,"max_hp_per_floor":[71,71,71,71,71,71,71],"relic_stats":{"Busted Crown":4,"counters":[3,12],"obtain_stats":[{"Busted Crown":0,"Cracked Core":0},{"Busted Crown":0,"Cracked Core":0},{"Busted Crown":0,"Cracked Core":0}]},"card_choices":[{"not_picked":[],"picked":"Sweeping Beam","floor":1},{"not_picked":["Force Field"],"picked":"SKIP","floor":3}],"player_experience":1327487,"relics_obtained":[],"event_choices":[{"cards_removed":["Strike_B"],"damage_healed":0,"gold_gain":0,"player_choice":"Card Removal","damage_taken":0,"max_hp_gain":0,"max_hp_loss":0,"event_name":"The Cleric","floor":2,"gold_loss":75},{"damage_healed":0,"gold_gain":0,"player_choice":"Entered Light","damage_taken":21,"max_hp_gain":0,"max_hp_loss":0,"event_name":"Shining Light","floor":4,"gold_loss":0,"cards_upgraded":["Defend_B","Defend_B"]}],"is_beta":false,"boss_relics":[],"items_purged_floors":[],"is_endless":false,"potions_floor_spawned":[],"killed_by":"Lagavulin","ascension_level":15}}