{"host":"xj2wyr3bqqv4irjd","time":1612092992,"event":{"mods":["Act Like it!","Aspiration","BaseMod","Koishi","Lobotomy","LobotomyExtend","Marisa£®ÏF”Í°°ƒß¿Ì…≥£©","Minty Spire (QoL Compilation)","Quick Restart","Rare Cards Sparkle","Reimu£®≤©¿ˆ¡È√Œ£©","Remilia£®¿Ÿ√◊¿Ú—«£©","Replay The Spire","SIMod","StSLib","The Alterego","Waifu the Spire","WarShipGirlsR/’ΩΩ¢…Ÿ≈ÆR mod","Yakumo Yukari mod","Youmu£®ªÍ∆«—˝√Œ£©"],"gold_per_floor":[134,134,147,147,9,34,34,68,68,68,82,108,126,151,151,251,251,261,176,76,91,91,91,81,112,112,141,154,180,180,192,192,290,290,302,319,332,282,298,323,323,351,351,379,379,442,466,507,507,543,543,543,543,2,61,88],"floor_reached":57,"language":"ZHS","playtime":3550,"items_purged":["Injury","AT_purpleEX","AT_purpleEX","AT_purpleEX"],"score":2108,"play_id":"a2497309-9d24-4c16-86fc-16e5bc492e87","local_time":"20210131193632","is_ascension_mode":true,"campfire_choices":[{"data":"Umbrella_purple","floor":7.0,"key":"SMITH"},{"data":"OmniscientAndOmnipotent_Monster_purple","floor":10.0,"key":"SMITH"},{"data":"Observe_purple_2","floor":15.0,"key":"SMITH"},{"data":"DimensionStaggered_purple","floor":23.0,"key":"SMITH"},{"data":"WorldDissolvedintheRealm_purple","floor":30.0,"key":"SMITH"},{"data":"BarrageBoundary_PipeDream_purple","floor":32.0,"key":"SMITH"},{"data":"Mirror_TwoAndThreeElementRealm_purple","floor":41.0,"key":"SMITH"},{"floor":49.0,"key":"RECALL"},{"data":"RuleDissolution_purple","floor":53.0,"key":"SMITH"}],"circlet_count":0,"master_deck":["AT_purpleEX+1","Defend_purpleEX","Defend_purpleEX+1","Observe_purple_1","Observe_purple_2+1","Umbrella_purple+1","OmniscientAndOmnipotent_Monster_purple+1","RuleDissolution_purple+1","Mirror_WaveAndshot_purple","WorldDissolvedintheRealm_purple+1","BarrageBoundary_PipeDream_purple+1","DimensionStaggered_purple+1","Boundary_LightAndDark_purple","PurpleNeedle_purple+1","Mirror_FourBoundary_purple+1","Monsters_DoubleDeathButterfly_purple+1","Mirror_TwoAndThreeElementRealm_purple+1","WatchEChange_purple+1","Panache+1","Fantasy_PerpetualMotionMachine_purple+1","ContainerChange_purple+1"],"relics":["Boundary_crack","Memoryfragments_purpleEX","Coffee Dripper","LetterFromLob","Frozen Egg 2","BargainBundle","Pantograph","Pear","CrazyTorch:ReiMu","Blue Doll","Darkstone Periapt","Seventeenyearold_girl_Forever","aspiration:StickyExplosives","Enchiridion","ThegodofHakurei_purpleEX","Replay:Bottled Snecko","Smiling Mask","Sundial","Philosopher\u0027s Stone","Mastiff:ReiMu","Toy Ornithopter","Replay:Bandana","Happy Flower","Omamori","Lantern","Simple Rune"],"acts_visited":["Exordium","TheCity","TheBeyond","TheEnding"],"potions_floor_usage":[56],"damage_taken":[{"damage":3.0,"enemies":"Small Slimes","floor":1.0,"turns":4.0},{"damage":4.0,"enemies":"Jaw Worm","floor":3.0,"turns":2.0},{"damage":23.0,"enemies":"Gremlin Nob","floor":6.0,"turns":3.0},{"damage":14.0,"enemies":"Lagavulin","floor":8.0,"turns":3.0},{"damage":0.0,"enemies":"2 Louse","floor":11.0,"turns":2.0},{"damage":22.0,"enemies":"3 Sentries","floor":12.0,"turns":4.0},{"damage":0.0,"enemies":"Blue Slaver","floor":13.0,"turns":1.0},{"damage":10.0,"enemies":"Gremlin Nob","floor":14.0,"turns":1.0},{"damage":0.0,"enemies":"Slime Boss","floor":16.0,"turns":3.0},{"damage":0.0,"enemies":"2 Thieves","floor":18.0,"turns":2.0},{"damage":0.0,"enemies":"Spheric Guardian","floor":21.0,"turns":2.0},{"damage":3.0,"enemies":"Slavers","floor":25.0,"turns":3.0},{"damage":0.0,"enemies":"Gremlin Leader","floor":27.0,"turns":2.0},{"damage":0.0,"enemies":"3 Cultists","floor":28.0,"turns":3.0},{"damage":0.0,"enemies":"Slavers","floor":29.0,"turns":3.0},{"damage":0.0,"enemies":"Centurion and Healer","floor":31.0,"turns":4.0},{"damage":6.0,"enemies":"Collector","floor":33.0,"turns":4.0},{"damage":5.0,"enemies":"3 Shapes","floor":35.0,"turns":3.0},{"damage":0.0,"enemies":"3 Darklings","floor":36.0,"turns":2.0},{"damage":0.0,"enemies":"Maw","floor":37.0,"turns":4.0},{"damage":13.0,"enemies":"Jaw Worm Horde","floor":39.0,"turns":3.0},{"damage":18.0,"enemies":"R_Hoarder","floor":40.0,"turns":5.0},{"damage":0.0,"enemies":"Nemesis","floor":42.0,"turns":3.0},{"damage":0.0,"enemies":"R_Hoarder","floor":44.0,"turns":2.0},{"damage":0.0,"enemies":"Giant Head","floor":46.0,"turns":5.0},{"damage":0.0,"enemies":"Sphere and 2 Shapes","floor":48.0,"turns":3.0},{"damage":55.0,"enemies":"Time Eater","floor":50.0,"turns":5.0},{"damage":23,"enemies":"Shield and Spear","floor":55,"turns":3},{"damage":112,"enemies":"The Heart","floor":56,"turns":6}],"seed_played":"6603986610617241070","potions_obtained":[{"floor":1.0,"key":"PowerPotion"},{"floor":6.0,"key":"Strength Potion"},{"floor":8.0,"key":"SmokeBomb"},{"floor":14.0,"key":"Block Potion"},{"floor":21.0,"key":"SteroidPotion"},{"floor":31.0,"key":"LiquidMemories"},{"floor":33.0,"key":"Adrenaline Potion"},{"floor":37.0,"key":"Fire Potion"},{"floor":40.0,"key":"ZuzhouPotion:ReiMu"},{"floor":42.0,"key":"LiquidMemories"}],"is_trial":false,"path_per_floor":["M","?","M","?","$","E","R","E","T","R","M","E","M","E","R","B",null,"M","?","$","M","?","R","?","E","T","E","M","E","R","M","R","B",null,"M","M","M","$","M","E","R","E","T","E","?","E","T","M","R","B",null,null,"R","$","E","B",null],"character_chosen":"Youkari","items_purchased":["BargainBundle","GrandPatriotsElixir:ReiMu","FearPotion","Panache+1","FairyPotion","Lantern","Fantasy_PerpetualMotionMachine_purple+1"],"campfire_rested":0,"item_purchase_floors":[5,5,5,54,54,54,54],"current_hp_per_floor":[62,70,67,67,67,45,45,42,42,42,46,29,33,23,23,51,73,80,80,80,84,68,68,68,72,72,79,86,92,92,94,94,95,96,98,98,98,98,97,83,83,95,95,96,96,102,102,104,104,68,68,95,95,95,89,7],"gold":88,"neow_bonus":"CURSED_BOSS_RELIC","is_daily":false,"chose_seed":false,"campfire_upgraded":8,"win_rate":0.0,"timestamp":1612092992,"path_taken":["M","?","M","?","?","E","R","E","T","R","M","E","M","E","R","BOSS","M","?","$","M","?","R","?","E","T","E","M","E","R","M","R","BOSS","M","M","M","$","?","E","R","E","T","E","?","E","?","M","R","BOSS","R","$","E","BOSS"],"items_purchased_type":["Relic","Potion","Potion","Card","Potion","Card","Card"],"build_version":"2020-12-22","purchased_purges":4,"victory":true,"max_hp_per_floor":[70,70,70,70,70,70,70,80,80,80,80,80,80,80,80,80,80,82,82,82,84,84,84,84,86,86,88,90,92,92,94,94,96,96,98,98,98,98,100,100,100,102,102,102,102,102,102,104,104,104,104,104,104,104,104,104],"card_choices":[{"not_picked":["Mirror_FormAndEmptin_purple","Bait_Toxicbait_purple"],"picked":"Umbrella_purple","floor":1.0},{"not_picked":["Line_surface_state_purple","RuptureOfTimeAndSpace_purple","Mirror_Drifter_purple"],"picked":"SKIP","floor":3.0},{"not_picked":["Charmbait_purple","ExistenceContinue_purple"],"picked":"OmniscientAndOmnipotent_Monster_purple","floor":6.0},{"not_picked":["Boundary_LifeAndDeath_purple","SfantasyHide_purple"],"picked":"RuleDissolution_purple","floor":8.0},{"not_picked":["Mirror_Drifter_purple","AdvanceAttack_purple"],"picked":"Mirror_WaveAndshot_purple","floor":11.0},{"not_picked":["Mirror_Drifter_purple","Mirror_FormAndEmptin_purple","Boundary_DynamicStaticEquilibrium_purple"],"picked":"SKIP","floor":12.0},{"not_picked":["StateDuplicate_purple","SfantasyHide_purple","Shallow_ocean_purpleEX"],"picked":"SKIP","floor":13.0},{"not_picked":["Bait_Toxicbait_purple","MNeedle_purple"],"picked":"WorldDissolvedintheRealm_purple","floor":14.0},{"not_picked":["ProofOfUnderstanding_purple+1","UniverseChoice_purple+1"],"picked":"BarrageBoundary_PipeDream_purple","floor":16.0},{"not_picked":["Line_surface_state_purple+1","Mirror_FormAndEmptin_purple","AdvanceAttack_purple"],"picked":"SKIP","floor":18.0},{"not_picked":["StateDuplicate_purple","AdvanceAttack_purple"],"picked":"DimensionStaggered_purple","floor":21.0},{"not_picked":["MagicEyes_LaplaceDemon_purple","StateDuplicate_purple+1"],"picked":"Boundary_LightAndDark_purple","floor":25.0},{"not_picked":["OpenedBox_purple","SfantasyHide_purple","Mirror_FormAndEmptin_purple"],"picked":"SKIP","floor":27.0},{"not_picked":["Fancifulhole_purple","RuptureOfTimeAndSpace_purple"],"picked":"PurpleNeedle_purple+1","floor":28.0},{"not_picked":["Computing_the_future_purpleEX+1","Boundary_DynamicStaticEquilibrium_purple","DimensionStaggered_purple"],"picked":"SKIP","floor":29.0},{"not_picked":["Computing_the_future_purpleEX+1","Boundary_DynamicStaticEquilibrium_purple","DimensionStaggered_purple"],"picked":"SKIP","floor":29.0},{"not_picked":["RealityDreamConfluencek_purple","MonsterNeedle_purple"],"picked":"Mirror_FourBoundary_purple+1","floor":31.0},{"not_picked":["Computing_the_future_purpleEX+1","MagicEyes_LaplaceDemon_purple"],"picked":"Monsters_DoubleDeathButterfly_purple+1","floor":33.0},{"not_picked":["ButterflyHabitatTemple_purple","Mirror_FormAndEmptin_purple","AdvanceAttack_purple"],"picked":"SKIP","floor":35.0},{"not_picked":["SfantasyHide_purple","Mirror_WaveAndshot_purple","EighthInstrument_OneDividesIntoTwo_purple+1"],"picked":"SKIP","floor":36.0},{"not_picked":["AdvanceAttack_purple","EighthInstrument_OneDividesIntoTwo_purple+1","Charmbait_purple+1"],"picked":"SKIP","floor":37.0},{"not_picked":["StateErode_purple","Worldmountain_purple"],"picked":"Mirror_TwoAndThreeElementRealm_purple","floor":39.0},{"not_picked":["Photoelasticity_Doppler_Effect_purple","SfantasyHide_purple"],"picked":"WatchEChange_purple+1","floor":40.0},{"not_picked":["Line_surface_state_purple","StateErode_purple+1","DimensionStaggered_purple+1"],"picked":"SKIP","floor":42.0},{"not_picked":["Line_surface_state_purple","StateErode_purple+1","DimensionStaggered_purple+1"],"picked":"SKIP","floor":42.0},{"not_picked":["Line_surface_state_purple","StateErode_purple+1","DimensionStaggered_purple+1"],"picked":"SKIP","floor":42.0},{"not_picked":["GluttonyofRealm_purpleEX","DimensionStaggered_purple","MNeedle_purple+1"],"picked":"SKIP","floor":44.0},{"not_picked":["StretchesForeverDream_purple+1","Shallow_ocean_purpleEX","Anti_communist_purple"],"picked":"SKIP","floor":46.0},{"not_picked":["SharpContractionReality_purple","MonsterNeedle_purple+1","WingOfChimera_purple"],"picked":"SKIP","floor":48.0},{"not_picked":["SfantasyHide_purple","OmniscientAndOmnipotent_Monster_purple+1"],"picked":"ContainerChange_purple+1","floor":55}],"player_experience":566818,"relics_obtained":[{"floor":1.0,"key":"LetterFromLob"},{"floor":6.0,"key":"Pantograph"},{"floor":8.0,"key":"Pear"},{"floor":9.0,"key":"CrazyTorch:ReiMu"},{"floor":12.0,"key":"Blue Doll"},{"floor":14.0,"key":"Darkstone Periapt"},{"floor":22.0,"key":"Enchiridion"},{"floor":25.0,"key":"ThegodofHakurei_purpleEX"},{"floor":26.0,"key":"Replay:Bottled Snecko"},{"floor":27.0,"key":"Smiling Mask"},{"floor":29.0,"key":"Sundial"},{"floor":40.0,"key":"Mastiff:ReiMu"},{"floor":42.0,"key":"Toy Ornithopter"},{"floor":44.0,"key":"Replay:Bandana"},{"floor":46.0,"key":"Happy Flower"},{"floor":47.0,"key":"Omamori"},{"floor":55,"key":"Simple Rune"}],"event_choices":[{"damage_healed":0.0,"max_hp_gain":0.0,"max_hp_loss":0.0,"gold_gain":0.0,"event_name":"Addict","player_choice":"Obtained Relic","floor":19.0,"gold_loss":85.0,"damage_taken":0.0,"relics_obtained":["aspiration:StickyExplosives"]},{"damage_healed":0.0,"max_hp_gain":0.0,"max_hp_loss":0.0,"gold_gain":0.0,"event_name":"Cursed Tome","player_choice":"Obtained Book","floor":22.0,"gold_loss":0.0,"damage_taken":16.0}],"is_beta":false,"boss_relics":[{"not_picked":["Pandora\u0027s Box","Fusion Hammer"],"picked":"Seventeenyearold_girl_Forever"},{"not_picked":["Honey Jar","aspiration:RitualDagger"],"picked":"Philosopher\u0027s Stone"}],"items_purged_floors":[5,20,38,54],"is_endless":false,"potions_floor_spawned":[1,6,8,14,21,29,31,33,36,37,40,42,46],"ascension_level":6}}