{"host":"vumwfieg2b2mnrfl","time":1612129827,"event":{"mods":["AchievementEnabler","BaseMod","Minty Spire (QoL Compilation)","Rare Cards Sparkle","Relic Stats"],"gold_per_floor":[109,109,109,130,148,179,179,279,302,302,317,332,376,389,389,514,514,527,144,144,157,157,157,13,51,51,87,103,136,136,170,170,170,170],"floor_reached":33,"language":"ENG","playtime":984,"items_purged":["Injury"],"score":537,"play_id":"1e5b6d21-4815-40be-a164-0db5a4dad60c","local_time":"20210131155027","is_ascension_mode":true,"campfire_choices":[{"floor":7.0,"key":"REST"},{"data":"Doom and Gloom","floor":10.0,"key":"SMITH"},{"data":"Loop","floor":15.0,"key":"SMITH"},{"data":"Static Discharge","floor":23,"key":"SMITH"},{"floor":30,"key":"REST"},{"data":"Defragment","floor":32,"key":"SMITH"}],"circlet_count":0,"master_deck":["AscendersBane","Strike_B","Strike_B","Strike_B","Defend_B","Defend_B","Defend_B","Defend_B","Zap","Dualcast","Glacier","Coolheaded","Doom and Gloom+1","Static Discharge+1","Steam","Loop+1","Electrodynamics","Biased Cognition","Leap+1","Thunder Strike","Undo","Necronomicurse","Sunder","Defragment+1","Ball Lightning+1"],"relics":["Cracked Core","Golden Idol","Bronze Scales","Nunchaku","Darkstone Periapt","Snecko Eye","PreservedInsect","Necronomicon","Tiny Chest","Letter Opener","Anchor","Shuriken","InkBottle"],"acts_visited":["Exordium","TheCity"],"potions_floor_usage":[16,27,29,31,31],"damage_taken":[{"damage":5.0,"enemies":"2 Louse","floor":1.0,"turns":3.0},{"damage":7.0,"enemies":"Jaw Worm","floor":4.0,"turns":4.0},{"damage":9.0,"enemies":"Small Slimes","floor":5.0,"turns":3.0},{"damage":37.0,"enemies":"Gremlin Nob","floor":6.0,"turns":5.0},{"damage":11.0,"enemies":"Gremlin Gang","floor":11.0,"turns":3.0},{"damage":3.0,"enemies":"Blue Slaver","floor":12.0,"turns":3.0},{"damage":1.0,"enemies":"3 Sentries","floor":13.0,"turns":6.0},{"damage":0.0,"enemies":"Looter","floor":14.0,"turns":4.0},{"damage":5,"enemies":"The Guardian","floor":16,"turns":10},{"damage":13,"enemies":"Spheric Guardian","floor":18,"turns":3},{"damage":5,"enemies":"2 Thieves","floor":21,"turns":2},{"damage":4,"enemies":"Gremlin Leader","floor":25,"turns":4},{"damage":20,"enemies":"Book of Stabbing","floor":27,"turns":2},{"damage":0,"enemies":"Cultist and Chosen","floor":28,"turns":3},{"damage":0,"enemies":"Gremlin Leader","floor":29,"turns":4},{"damage":14,"enemies":"Slavers","floor":31,"turns":3},{"damage":30,"enemies":"Automaton","floor":33,"turns":6}],"seed_played":"-3009770198159553986","potions_obtained":[{"floor":4.0,"key":"FearPotion"},{"floor":6.0,"key":"SkillPotion"},{"floor":13.0,"key":"SteroidPotion"},{"floor":18,"key":"AttackPotion"},{"floor":21,"key":"SteroidPotion"},{"floor":28,"key":"Fire Potion"},{"floor":29,"key":"PowerPotion"}],"is_trial":false,"path_per_floor":["M","?","?","M","M","E","R","?","T","R","M","M","E","M","R","B",null,"M","$","?","M","?","R","$","E","T","E","M","E","R","E","R","B"],"character_chosen":"DEFECT","items_purchased":["Thunder Strike","PreservedInsect","Sunder","Defragment"],"campfire_rested":2,"item_purchase_floors":[19,19,24,24],"current_hp_per_floor":[70,70,70,63,54,17,41,41,41,41,30,27,26,26,26,21,67,54,54,54,49,39,39,39,35,35,15,15,15,41,27,27,0,0],"gold":170,"neow_bonus":"TEN_PERCENT_HP_BONUS","is_daily":false,"chose_seed":false,"campfire_upgraded":4,"win_rate":0.0,"timestamp":1612129827,"path_taken":["M","?","?","?","M","E","R","?","T","R","M","M","E","?","R","BOSS","M","$","?","?","?","R","$","E","T","E","M","E","R","E","R","BOSS"],"items_purchased_type":["Card","Relic","Card","Card"],"build_version":"2020-12-22","purchased_purges":1,"victory":false,"max_hp_per_floor":[82,82,82,82,82,82,82,82,82,82,82,82,82,82,82,82,82,82,82,82,82,88,88,88,88,88,88,88,88,88,88,88,88,88],"relic_stats":{"Darkstone Periapt":6,"counters":[17,68],"Golden Idol":95,"PreservedInsect":177,"Letter Opener":[20],"Nunchaku":[5],"Shuriken":[0],"Bronze Scales":[135],"Snecko Eye":[44,56,33,45],"Tiny Chest":0,"Necronomicon":[9],"obtain_stats":[{"Darkstone Periapt":13,"Golden Idol":2,"PreservedInsect":19,"Letter Opener":26,"Nunchaku":9,"Anchor":27,"Shuriken":29,"Bronze Scales":6,"Snecko Eye":17,"Tiny Chest":25,"Necronomicon":22,"Cracked Core":0,"InkBottle":31},{"Darkstone Periapt":7,"Golden Idol":1,"PreservedInsect":10,"Letter Opener":12,"Nunchaku":4,"Anchor":13,"Shuriken":15,"Bronze Scales":4,"Snecko Eye":9,"Tiny Chest":12,"Necronomicon":11,"Cracked Core":0,"InkBottle":16},{"Darkstone Periapt":27,"Golden Idol":3,"PreservedInsect":44,"Letter Opener":50,"Nunchaku":15,"Anchor":52,"Shuriken":59,"Bronze Scales":15,"Snecko Eye":41,"Tiny Chest":50,"Necronomicon":46,"Cracked Core":0,"InkBottle":62}],"InkBottle":[2]},"card_choices":[{"not_picked":["Leap","Stack"],"picked":"Glacier","floor":1.0},{"not_picked":["Stack","Hologram"],"picked":"Doom and Gloom","floor":4.0},{"not_picked":["Streamline","Rip and Tear"],"picked":"Static Discharge","floor":5.0},{"not_picked":["Tempest","Skim","Barrage"],"picked":"SKIP","floor":6.0},{"not_picked":["Streamline","Stack"],"picked":"Steam","floor":11.0},{"not_picked":["Blizzard","Steam"],"picked":"Loop","floor":12.0},{"not_picked":["Streamline","Chill"],"picked":"Electrodynamics","floor":13.0},{"not_picked":["Turbo","Force Field","Gash"],"picked":"SKIP","floor":14.0},{"not_picked":["Electrodynamics","Reboot"],"picked":"Biased Cognition","floor":16},{"not_picked":["Hologram","Gash"],"picked":"Leap+1","floor":18},{"not_picked":["Chill","Rebound"],"picked":"Undo","floor":21},{"not_picked":["Reboot","Go for the Eyes+1"],"picked":"Ball Lightning+1","floor":25},{"not_picked":["Machine Learning","Sweeping Beam+1","Beam Cell"],"picked":"SKIP","floor":27},{"not_picked":["Skim","Sweeping Beam","FTL"],"picked":"SKIP","floor":28},{"not_picked":["Creative AI","Beam Cell+1","Streamline"],"picked":"SKIP","floor":29},{"not_picked":["Melter+1","Genetic Algorithm+1","Doom and Gloom"],"picked":"SKIP","floor":31}],"player_experience":507649,"relics_obtained":[{"floor":6.0,"key":"Bronze Scales"},{"floor":9.0,"key":"Nunchaku"},{"floor":13.0,"key":"Darkstone Periapt"},{"floor":22,"key":"Necronomicon"},{"floor":25,"key":"Tiny Chest"},{"floor":26,"key":"Letter Opener"},{"floor":27,"key":"Anchor"},{"floor":29,"key":"Shuriken"},{"floor":31,"key":"InkBottle"}],"event_choices":[{"damage_healed":0.0,"max_hp_gain":0.0,"max_hp_loss":0.0,"gold_gain":0.0,"event_name":"Golden Idol","player_choice":"Take Wound","floor":2.0,"gold_loss":0.0,"damage_taken":0.0,"relics_obtained":["Golden Idol"],"cards_obtained":["Injury"]},{"damage_healed":0.0,"max_hp_gain":0.0,"max_hp_loss":0.0,"gold_gain":0.0,"cards_transformed":["Strike_B"],"event_name":"Living Wall","player_choice":"Change","floor":3.0,"gold_loss":0.0,"damage_taken":0.0,"cards_obtained":["Coolheaded"]},{"damage_healed":0.0,"max_hp_gain":0.0,"max_hp_loss":0.0,"gold_gain":100.0,"event_name":"Golden Shrine","player_choice":"Pray","floor":8.0,"gold_loss":0.0,"damage_taken":0.0},{"damage_healed":0,"gold_gain":0,"player_choice":"Bought 0 Potions","damage_taken":0,"max_hp_gain":0,"max_hp_loss":0,"event_name":"The Woman in Blue","floor":20,"gold_loss":0},{"damage_healed":0,"gold_gain":0,"player_choice":"Obtained Book","damage_taken":16,"max_hp_gain":0,"max_hp_loss":0,"event_name":"Cursed Tome","floor":22,"gold_loss":0}],"is_beta":false,"boss_relics":[{"not_picked":["Runic Dome","Calling Bell"],"picked":"Snecko Eye"}],"items_purged_floors":[19],"is_endless":false,"potions_floor_spawned":[4,6,13,18,21,28,29],"killed_by":"Automaton","ascension_level":10}}