{"host":"cmxkjr0hek4mqvmn","time":1612121096,"event":{"mods":["BaseMod","Beaked The Cultist","Better Match","Better Skull","Better Third Choice","BetterRewards","Clawfect","Colored Map","Displayed Cursed Tome","GifTheSpireLib","Hermit","Hubris","JesterMod","Mimic Mod","Minty Spire (QoL Compilation)","Quick Restart","Robot Space Explorer","StSLib","The Bladedancer","The Blue Laboratory","The Cursed","Thieving Mod","Waifu the Spire"],"gold_per_floor":[110,121,121,121,135,135,148,148,216,231,231,262,262,297,297,421,421,435,456,456,456,470,470,470,470,497,497,497,511,536,569,569,698,698,722,134,467,467,485,485,485,519,542,580,580,88,88,101,101,108,108,108,36,68,75,75],"floor_reached":55,"language":"ENG","playtime":3712,"items_purged":[],"score":1225,"play_id":"67062796-6056-473b-99cb-40aea6a27566","local_time":"20210131142456","is_ascension_mode":true,"campfire_choices":[{"floor":6.0,"key":"RECALL"},{"floor":8.0,"key":"REST"},{"floor":15.0,"key":"REST"},{"data":"hermit:Vantage","floor":23.0,"key":"SMITH"},{"data":"hermit:Brawl","floor":32.0,"key":"SMITH"},{"data":"hermit:Dissolve","floor":40.0,"key":"SMITH"},{"data":"RobotSpaceExplorer:Jetpack","floor":49.0,"key":"SMITH"},{"data":"hermit:Deadeye","floor":52.0,"key":"SMITH"}],"circlet_count":0,"master_deck":["hermit:Strike_Hermit","hermit:Strike_Hermit+1","hermit:Strike_Hermit","hermit:Defend_Hermit","hermit:Defend_Hermit","hermit:Defend_Hermit+1","hermit:Defend_Hermit+1","hermit:Snapshot","hermit:Covet","hermit:GoldenBullet","hermit:Deadeye+1","hermit:Brawl+1","hermit:Brawl+1","Pain","hermit:Glare+1","hermit:Grudge","hermit:Vantage+1","Injury","hermit:Determination","hermit:Enervate","Shame","hermit:ShadowCloak+1","hermit:Enervate","hermit:Dissolve+1","hermit:ShadowCloak+1","hermit:Scavenge+1","RobotSpaceExplorer:Jetpack+1","hermit:Quickdraw+1","RobotSpaceExplorer:Autoloader"],"relics":["hermit:Momento","hubris:TenFootPole","Juzu Bracelet","WarpedTongs","Darkstone Periapt","Toy Ornithopter","Bag of Preparation","hubris:Backtick","Du-Vu Doll","hubris:DisguiseKit","MutagenicStrength","hubris:BottledHeart","War Paint","Centennial Puzzle","Regal Pillow","hermit:BartenderGlass","Bottled Flame","Lee\u0027s Waffle","hubris:Towel","Molten Egg 2","Pen Nib","Ginger","Ice Cream","hubris:Icosahedron","Strange Spoon","Nunchaku","Happy Flower","Pear"],"acts_visited":["Exordium","TheCity","TheBeyond","TheEnding"],"potions_floor_usage":[54,54,55,55,55,55],"damage_taken":[{"damage":5.0,"enemies":"Small Slimes","floor":1.0,"turns":4.0},{"damage":1.0,"enemies":"Jaw Worm","floor":2.0,"turns":4.0},{"damage":1.0,"enemies":"Cultist","floor":5.0,"turns":3.0},{"damage":1.0,"enemies":"Looter","floor":7.0,"turns":3.0},{"damage":2.0,"enemies":"Exordium Thugs","floor":10.0,"turns":3.0},{"damage":26.0,"enemies":"Lagavulin","floor":12.0,"turns":6.0},{"damage":28.0,"enemies":"Gremlin Nob","floor":14.0,"turns":4.0},{"damage":19.0,"enemies":"Hexaghost","floor":16.0,"turns":8.0},{"damage":2.0,"enemies":"Chosen","floor":18.0,"turns":4.0},{"damage":16.0,"enemies":"Shell Parasite","floor":19.0,"turns":5.0},{"damage":34.0,"enemies":"Snecko","floor":22.0,"turns":7.0},{"damage":0.0,"enemies":"Shelled Parasite and Fungi","floor":29.0,"turns":2.0},{"damage":0.0,"enemies":"Centurion and Healer","floor":30.0,"turns":5.0},{"damage":0.0,"enemies":"Book of Stabbing","floor":31.0,"turns":6.0},{"damage":0.0,"enemies":"Collector","floor":33.0,"turns":7.0},{"damage":0.0,"enemies":"Orb Walker","floor":35.0,"turns":3.0},{"damage":0.0,"enemies":"3 Shapes","floor":39.0,"turns":2.0},{"damage":0.0,"enemies":"beaked:SuperParasite","floor":42.0,"turns":12.0},{"damage":0.0,"enemies":"Spire Growth","floor":44.0,"turns":7.0},{"damage":0.0,"enemies":"Spire Growth","floor":48.0,"turns":4.0},{"damage":0.0,"enemies":"Donu and Deca","floor":50.0,"turns":7.0},{"damage":0,"enemies":"Shield and Spear","floor":54,"turns":7},{"damage":2,"enemies":"The Heart","floor":55,"turns":6}],"seed_played":"-1968421736419061856","potions_obtained":[{"floor":1.0,"key":"blueLaboratory:FrostheartPotion"},{"floor":5.0,"key":"SteroidPotion"},{"floor":16.0,"key":"SpeedPotion"},{"floor":18.0,"key":"LiquidMemories"},{"floor":33.0,"key":"EssenceOfSteel"},{"floor":35.0,"key":"SteroidPotion"},{"floor":42.0,"key":"blueLaboratory:NullPotion"}],"is_trial":false,"path_per_floor":["M","M","?","?","M","R","M","R","T","M","?","E","?","E","R","B",null,"M","M","?","?","M","R","?","?","T","?","?","M","M","E","R","B",null,"M","$","?","?","M","R","?","E","T","MIM","?","$","?","M","R","B",null,"R","$","E","B"],"character_chosen":"HERMIT","items_purchased":["hubris:TenFootPole","Juzu Bracelet","hermit:GoldenBullet","hermit:Deadeye","EssenceOfSteel","Bottled Flame","Fruit Juice","Fruit Juice","Lee\u0027s Waffle","Strange Spoon","Nunchaku","Happy Flower","blueLaboratory:BottleOfRum","DistilledChaos"],"campfire_rested":2,"item_purchase_floors":[0,0,0,0,0,36,36,36,36,46,46,46,46,53],"current_hp_per_floor":[48,47,40,40,39,39,38,60,60,58,58,32,38,10,34,15,81,79,67,81,87,53,53,53,1,1,1,1,1,1,1,1,1,1,1,1,1,1,1,1,1,1,1,1,1,1,1,1,1,1,1,1,1,1,0,0],"gold":75,"neow_bonus":"","is_daily":false,"chose_seed":false,"campfire_upgraded":5,"win_rate":0.0,"timestamp":1612121096,"path_taken":["M","M","?","?","M","R","M","R","T","M","?","E","?","E","R","BOSS","M","M","?","?","M","R","?","?","T","?","?","M","M","E","R","BOSS","M","$","?","?","M","R","?","E","T","?","?","$","?","M","R","BOSS","R","$","E","BOSS"],"items_purchased_type":["Relic","Relic","Card","Card","Potion","Relic","Potion","Potion","Relic","Relic","Relic","Relic","Potion","Potion"],"build_version":"2020-12-22","purchased_purges":0,"victory":false,"max_hp_per_floor":[75,75,75,75,75,75,75,75,75,75,75,75,81,81,81,81,81,81,81,81,87,87,87,87,1,1,1,1,1,1,1,1,1,1,1,1,1,1,1,1,1,1,1,1,1,1,1,1,1,1,1,1,1,1,1,1],"card_choices":[{"not_picked":["hermit:EyeOfTheStorm","hermit:Desperado"],"picked":"hermit:Brawl","floor":1.0},{"not_picked":["hermit:PistolWhip","hermit:BigShot"],"picked":"hermit:Brawl","floor":2.0},{"not_picked":["hermit:SprayPray","hermit:ItchyTrigger"],"picked":"hermit:Glare","floor":5.0},{"not_picked":["hermit:Coalescence","hermit:DeadMansHand"],"picked":"hermit:Grudge","floor":7.0},{"not_picked":["hermit:BigShot","hermit:Headshot","hermit:Virtue"],"picked":"SKIP","floor":10.0},{"not_picked":["hermit:Feint","hermit:Coalescence"],"picked":"hermit:Vantage","floor":12.0},{"not_picked":["hermit:BodyArmor","hermit:Quickdraw"],"picked":"hermit:Determination","floor":14.0},{"not_picked":["hermit:Malice","hermit:Virtue","hermit:ItchyTrigger"],"picked":"SKIP","floor":18.0},{"not_picked":["hermit:Grudge","hermit:BodyArmor"],"picked":"hermit:Enervate","floor":19.0},{"not_picked":["hermit:LuckOfTheDraw","hermit:Misfire+1","hermit:TrackingShot+1","RobotSpaceExplorer:Counterblock"],"picked":"SKIP","floor":22.0},{"not_picked":["hermit:Roulette","hermit:NoHoldsBarred","RobotSpaceExplorer:GlueShot"],"picked":"hermit:ShadowCloak+1","floor":29.0},{"not_picked":["hermit:Dive","hermit:Feint+1","hermit:TakeAim","RobotSpaceExplorer:TurboDodge"],"picked":"SKIP","floor":30.0},{"not_picked":["hermit:FinalCanter","hermit:Manifest","RobotSpaceExplorer:ShockKick"],"picked":"hermit:Enervate","floor":31.0},{"not_picked":["hermit:RoundhouseKick","hermit:Reprieve","RobotSpaceExplorer:Blaster"],"picked":"hermit:Dissolve","floor":33.0},{"not_picked":["hermit:SprayPray+1","hermit:Glare","RobotSpaceExplorer:ShockKick"],"picked":"hermit:ShadowCloak+1","floor":35.0},{"not_picked":["hermit:Headshot+1","hermit:Dive","RobotSpaceExplorer:GearShield"],"picked":"hermit:Scavenge+1","floor":39.0},{"not_picked":["hermit:TakeCover+1","hermit:ItchyTrigger+1","hermit:Midnight+1","RobotSpaceExplorer:Ammunition"],"picked":"SKIP","floor":42.0},{"not_picked":["hermit:TakeCover+1","hermit:ItchyTrigger+1","hermit:Midnight+1","RobotSpaceExplorer:Ammunition"],"picked":"SKIP","floor":42.0},{"not_picked":["hermit:LowProfile+1","hermit:Feint+1","hermit:ItchyTrigger+1"],"picked":"RobotSpaceExplorer:Jetpack","floor":44.0},{"not_picked":["hermit:SprayPray+1","hermit:Cheat","RobotSpaceExplorer:SurgingStrike"],"picked":"hermit:Quickdraw+1","floor":48.0},{"not_picked":["hermit:LuckOfTheDraw+1","hermit:LowProfile","hermit:CalledShot+1"],"picked":"RobotSpaceExplorer:Autoloader","floor":54}],"player_experience":655512,"relics_obtained":[{"floor":9.0,"key":"Darkstone Periapt"},{"floor":12.0,"key":"Toy Ornithopter"},{"floor":14.0,"key":"Bag of Preparation"},{"floor":31.0,"key":"Regal Pillow"},{"floor":42.0,"key":"Molten Egg 2"},{"floor":43.0,"key":"Pen Nib"},{"floor":44.0,"key":"Ginger"},{"floor":44.0,"key":"Ice Cream"},{"floor":54,"key":"Pear"}],"event_choices":[{"damage_healed":47.0,"max_hp_gain":0.0,"max_hp_loss":75.0,"gold_gain":0.0,"event_name":"betterThird:BetterShining","player_choice":"Upgrade","floor":3.0,"gold_loss":0.0,"damage_taken":15.0,"cards_upgraded":["hermit:Strike_Hermit","hermit:Defend_Hermit"]},{"damage_healed":0.0,"max_hp_gain":0.0,"max_hp_loss":0.0,"gold_gain":0.0,"event_name":"Accursed Blacksmith","player_choice":"Rummage","floor":4.0,"gold_loss":0.0,"damage_taken":0.0,"relics_obtained":["WarpedTongs"],"cards_obtained":["Pain"]},{"damage_healed":0.0,"max_hp_gain":0.0,"max_hp_loss":0.0,"gold_gain":0.0,"event_name":"Living Wall","player_choice":"Grow","floor":11.0,"gold_loss":0.0,"damage_taken":0.0,"cards_upgraded":["hermit:Brawl"]},{"damage_healed":0.0,"max_hp_gain":0.0,"max_hp_loss":0.0,"gold_gain":0.0,"event_name":"Golden Idol","player_choice":"Take Wound","floor":13.0,"gold_loss":0.0,"damage_taken":0.0,"relics_obtained":["Golden Idol"],"cards_obtained":["Injury"]},{"damage_healed":27.0,"max_hp_gain":0.0,"max_hp_loss":0.0,"gold_gain":0.0,"event_name":"The Library","player_choice":"Heal","floor":20.0,"gold_loss":0.0,"damage_taken":0.0},{"damage_healed":0.0,"max_hp_gain":0.0,"max_hp_loss":0.0,"gold_gain":0.0,"event_name":"Addict","player_choice":"Stole Relic","floor":21.0,"gold_loss":0.0,"damage_taken":0.0,"relics_obtained":["hubris:DisguiseKit"],"cards_obtained":["Shame"]},{"damage_healed":0.0,"max_hp_gain":0.0,"max_hp_loss":0.0,"gold_gain":0.0,"event_name":"Drug Dealer","player_choice":"Inject Mutagens","floor":24.0,"gold_loss":0.0,"damage_taken":0.0,"relics_obtained":["MutagenicStrength"]},{"damage_healed":0.0,"max_hp_gain":0.0,"max_hp_loss":0.0,"gold_gain":0.0,"event_name":"The Mausoleum","player_choice":"Opened","floor":27.0,"gold_loss":0.0,"damage_taken":0.0,"relics_obtained":["War Paint"]},{"damage_healed":0.0,"max_hp_gain":0.0,"max_hp_loss":0.0,"gold_gain":0.0,"event_name":"WeMeetAgain","player_choice":"Gave Potion","floor":28.0,"gold_loss":0.0,"damage_taken":0.0,"relics_obtained":["Centennial Puzzle"]},{"damage_healed":0.0,"max_hp_gain":0.0,"max_hp_loss":0.0,"gold_gain":333.0,"event_name":"The Moai Head","player_choice":"Gave Idol","floor":37.0,"relics_lost":["Golden Idol"],"gold_loss":0.0,"damage_taken":0.0},{"cards_removed":["hermit:Strike_Hermit"],"damage_healed":0.0,"max_hp_gain":0.0,"max_hp_loss":0.0,"gold_gain":0.0,"event_name":"Falling","player_choice":"Removed Attack","floor":38.0,"gold_loss":0.0,"damage_taken":0.0}],"is_beta":false,"boss_relics":[{"not_picked":["hubris:RunicObelisk","Calling Bell"],"picked":"hubris:Backtick"},{"not_picked":["hubris:HollowSoul","hubris:BlackHole"],"picked":"hermit:BartenderGlass"}],"items_purged_floors":[],"is_endless":false,"potions_floor_spawned":[1,5,16,18,33,35,42],"killed_by":"The Heart","ascension_level":1}}