{"host":"g8ufh7m4frdlkxwv","time":1612073399,"event":{"mods":["AchievementEnabler","BaseMod","Colored Map","Dark Map","Minty Spire (QoL Compilation)","Relic Stats","StSLib","ojb\u0027s Info Mod"],"gold_per_floor":[155,185,221,221,181,208,208,242,542,574,605,10,10,42,42,117,117,130,55,105,163,178,244,295,320,370,370,403,460,491,522,522,596,596,606,74,74,112,186,234,246,308,320,332,344,405,417,469,481,533,545,545],"floor_reached":51,"language":"ENG","playtime":2970,"items_purged":["Strike_G","Defend_G"],"score":1796,"play_id":"ff4e5b53-2cce-40d0-ab05-e5813d08033c","local_time":"20210131070959","is_ascension_mode":true,"campfire_choices":[{"floor":7.0,"key":"REST"},{"data":"Deadly Poison","floor":13.0,"key":"SMITH"},{"data":"Wraith Form v2","floor":15.0,"key":"SMITH"},{"data":"Noxious Fumes","floor":32.0,"key":"SMITH"},{"data":"Wraith Form v2","floor":41,"key":"SMITH"},{"data":"Well Laid Plans","floor":44,"key":"SMITH"},{"floor":47,"key":"DIG"},{"floor":49,"key":"RECALL"}],"circlet_count":0,"master_deck":["AscendersBane","Strike_G","Strike_G","Strike_G","Strike_G","Defend_G","Survivor","Neutralize","HandOfGreed","Flying Knee","Deadly Poison+1","Backstab","Wraith Form v2+1","Slice","Blade Dance","After Image","Wraith Form v2+1","Acrobatics","Endless Agony","Poisoned Stab+1","Well Laid Plans+1","Noxious Fumes+1","Tools of the Trade","CurseOfTheBell","Concentrate+1","Die Die Die+1","Panacea","Machine Learning","Coolheaded"],"relics":["Ring of the Snake","Mercury Hourglass","StoneCalendar","Eternal Feather","Old Coin","Strawberry","Potion Belt","Anchor","Sling","Pear","Philosopher\u0027s Stone","Lantern","Happy Flower","Centennial Puzzle","Orichalcum","Calling Bell","Juzu Bracelet","Molten Egg 2","Mango","Ninja Scroll","PrismaticShard","Turnip","MawBank","Shovel","Du-Vu Doll","InkBottle"],"acts_visited":["Exordium","TheCity","TheBeyond"],"potions_floor_usage":[39,42,50,51,51,51],"damage_taken":[{"damage":1.0,"enemies":"Small Slimes","floor":1.0,"turns":4.0},{"damage":2.0,"enemies":"Jaw Worm","floor":2.0,"turns":4.0},{"damage":0.0,"enemies":"Cultist","floor":3.0,"turns":3.0},{"damage":17.0,"enemies":"Lagavulin","floor":6.0,"turns":7.0},{"damage":5.0,"enemies":"Gremlin Nob","floor":8.0,"turns":5.0},{"damage":17.0,"enemies":"Lagavulin","floor":10.0,"turns":7.0},{"damage":0.0,"enemies":"Blue Slaver","floor":11.0,"turns":4.0},{"damage":6.0,"enemies":"Gremlin Nob","floor":14.0,"turns":3.0},{"damage":36.0,"enemies":"Hexaghost","floor":16.0,"turns":11.0},{"damage":0.0,"enemies":"Shell Parasite","floor":18.0,"turns":5.0},{"damage":0.0,"enemies":"2 Thieves","floor":21.0,"turns":5.0},{"damage":1.0,"enemies":"3 Cultists","floor":22.0,"turns":6.0},{"damage":13.0,"enemies":"Slavers","floor":23.0,"turns":5.0},{"damage":0.0,"enemies":"Shelled Parasite and Fungi","floor":24.0,"turns":6.0},{"damage":0.0,"enemies":"Gremlin Leader","floor":25.0,"turns":5.0},{"damage":0.0,"enemies":"Book of Stabbing","floor":28.0,"turns":5.0},{"damage":12.0,"enemies":"Chosen and Byrds","floor":29.0,"turns":7.0},{"damage":1.0,"enemies":"Centurion and Healer","floor":30.0,"turns":5.0},{"damage":0.0,"enemies":"3 Cultists","floor":31.0,"turns":6.0},{"damage":15.0,"enemies":"Champ","floor":33.0,"turns":14.0},{"damage":0.0,"enemies":"Orb Walker","floor":35.0,"turns":4.0},{"damage":0.0,"enemies":"3 Shapes","floor":38.0,"turns":4.0},{"damage":0,"enemies":"2 Orb Walkers","floor":39,"turns":4},{"damage":2,"enemies":"Reptomancer","floor":40,"turns":5},{"damage":0,"enemies":"Nemesis","floor":42,"turns":7},{"damage":8,"enemies":"Giant Head","floor":46,"turns":7},{"damage":0,"enemies":"3 Darklings","floor":48,"turns":3},{"damage":37,"enemies":"Donu and Deca","floor":50,"turns":10},{"damage":67,"enemies":"Awakened One","floor":51,"turns":13}],"seed_played":"2764914404885582885","potions_obtained":[{"floor":2.0,"key":"SpeedPotion"},{"floor":5.0,"key":"Fire Potion"},{"floor":5.0,"key":"CunningPotion"},{"floor":6.0,"key":"SteroidPotion"},{"floor":18.0,"key":"Block Potion"},{"floor":28.0,"key":"Dexterity Potion"},{"floor":29.0,"key":"PowerPotion"},{"floor":30.0,"key":"Strength Potion"},{"floor":35.0,"key":"GamblersBrew"},{"floor":39,"key":"Energy Potion"},{"floor":42,"key":"PowerPotion"}],"is_trial":false,"path_per_floor":["M","M","M","?","?","E","R","E","T","E","M","$","R","E","R","B",null,"M","?","?","M","M","E","M","E","T","?","E","M","M","M","R","B",null,"M","$","?","M","?","E","R","E","T","R","?","E","R","M","R","B","B"],"character_chosen":"THE_SILENT","items_purchased":["Potion Belt","Anchor","Sling","Blade Dance","Ninja Scroll","PrismaticShard"],"campfire_rested":1,"item_purchase_floors":[12,12,12,12,36,36],"current_hp_per_floor":[43,41,41,30,30,13,32,27,27,17,17,17,26,30,42,6,64,64,64,64,64,63,50,50,50,50,50,50,38,37,37,49,34,85,85,85,85,85,85,83,97,97,97,97,97,89,97,97,97,60,0,0],"gold":545,"neow_bonus":"RANDOM_COLORLESS_2","is_daily":false,"chose_seed":false,"campfire_upgraded":5,"win_rate":0.0,"timestamp":1612073399,"path_taken":["M","M","M","?","?","E","R","E","T","E","?","$","R","E","R","BOSS","M","?","?","?","M","E","M","E","T","?","E","M","M","?","R","BOSS","M","$","?","M","?","E","R","E","T","R","?","E","R","M","R","BOSS","BOSS"],"items_purchased_type":["Relic","Relic","Relic","Card","Relic","Relic"],"build_version":"2020-12-22","purchased_purges":2,"victory":false,"max_hp_per_floor":[66,66,66,66,66,66,66,66,66,73,73,73,73,83,83,83,83,83,83,83,83,83,83,83,83,83,83,83,83,83,83,83,83,97,97,97,97,97,97,97,97,97,97,97,97,97,97,97,97,97,97,97],"relic_stats":{"Happy Flower":[31],"counters":[29,174],"StoneCalendar":[211],"Eternal Feather":55,"Juzu Bracelet":1,"Orichalcum":[36],"MawBank":132,"Mercury Hourglass":[541],"Centennial Puzzle":[21],"Shovel":1,"Turnip":[0],"obtain_stats":[{"Lantern":23,"StoneCalendar":6,"Mango":34,"Juzu Bracelet":34,"Sling":12,"PrismaticShard":36,"Old Coin":9,"Centennial Puzzle":26,"Shovel":42,"Ninja Scroll":36,"Strawberry":10,"Philosopher\u0027s Stone":17,"InkBottle":47,"Ring of the Snake":0,"Potion Belt":12,"Pear":14,"Happy Flower":25,"Eternal Feather":8,"Orichalcum":28,"MawBank":40,"Mercury Hourglass":4,"Calling Bell":34,"Du-Vu Doll":46,"Anchor":12,"Molten Egg 2":34,"Turnip":39},{"Lantern":13,"StoneCalendar":4,"Mango":20,"Juzu Bracelet":20,"Sling":7,"PrismaticShard":21,"Old Coin":5,"Centennial Puzzle":15,"Shovel":25,"Ninja Scroll":21,"Strawberry":6,"Philosopher\u0027s Stone":9,"InkBottle":26,"Ring of the Snake":0,"Potion Belt":7,"Pear":8,"Happy Flower":15,"Eternal Feather":5,"Orichalcum":16,"MawBank":24,"Mercury Hourglass":3,"Calling Bell":20,"Du-Vu Doll":26,"Anchor":7,"Molten Egg 2":20,"Turnip":23},{"Lantern":69,"StoneCalendar":18,"Mango":117,"Juzu Bracelet":117,"Sling":34,"PrismaticShard":121,"Old Coin":23,"Centennial Puzzle":80,"Shovel":141,"Ninja Scroll":121,"Strawberry":30,"Philosopher\u0027s Stone":48,"InkBottle":148,"Ring of the Snake":0,"Potion Belt":34,"Pear":37,"Happy Flower":80,"Eternal Feather":23,"Orichalcum":85,"MawBank":134,"Mercury Hourglass":11,"Calling Bell":117,"Du-Vu Doll":148,"Anchor":34,"Molten Egg 2":117,"Turnip":129}],"InkBottle":[20],"Ring of the Snake":[57]},"card_choices":[{"not_picked":["Secret Technique","Chrysalis"],"picked":"HandOfGreed","floor":0.0},{"not_picked":["All Out Attack","Backflip"],"picked":"Flying Knee","floor":1.0},{"not_picked":["Calculated Gamble","Acrobatics"],"picked":"Deadly Poison","floor":2.0},{"not_picked":["Distraction","Poisoned Stab"],"picked":"Backstab","floor":3.0},{"not_picked":["Cloak And Dagger","Choke"],"picked":"Wraith Form v2","floor":6.0},{"not_picked":["Skewer","Acrobatics","Outmaneuver"],"picked":"SKIP","floor":8.0},{"not_picked":["Sucker Punch","Blur"],"picked":"Slice","floor":10.0},{"not_picked":["Finisher","Heel Hook","Expertise"],"picked":"SKIP","floor":11.0},{"not_picked":["Catalyst","Sucker Punch"],"picked":"After Image","floor":14.0},{"not_picked":["Glass Knife","Bullet Time"],"picked":"Wraith Form v2","floor":16.0},{"not_picked":["Poisoned Stab+1","Outmaneuver","Predator"],"picked":"SKIP","floor":18.0},{"not_picked":["Poisoned Stab+1","Outmaneuver","Predator"],"picked":"SKIP","floor":18.0},{"not_picked":["Slice","Expertise"],"picked":"Acrobatics","floor":21.0},{"not_picked":["Bouncing Flask","Blade Dance"],"picked":"Endless Agony","floor":22.0},{"not_picked":["Deflect","Eviscerate","Poisoned Stab"],"picked":"SKIP","floor":23.0},{"not_picked":["Acrobatics","All Out Attack"],"picked":"Poisoned Stab+1","floor":24.0},{"not_picked":["Blur","Finisher","Noxious Fumes"],"picked":"SKIP","floor":25.0},{"not_picked":["Quick Slash","Dodge and Roll","Poisoned Stab"],"picked":"SKIP","floor":28.0},{"not_picked":["Masterful Stab+1","Dagger Spray"],"picked":"Well Laid Plans","floor":29.0},{"not_picked":["Deadly Poison","Outmaneuver"],"picked":"Noxious Fumes","floor":30.0},{"not_picked":["Deadly Poison","Acrobatics","Underhanded Strike"],"picked":"SKIP","floor":31.0},{"not_picked":["Glass Knife","Die Die Die"],"picked":"Tools of the Trade","floor":33.0},{"not_picked":["Sucker Punch+1","Riddle With Holes+1"],"picked":"Concentrate+1","floor":35.0},{"not_picked":["Force Field","Consume+1","Quick Slash+1"],"picked":"SKIP","floor":38.0},{"not_picked":["Blood for Blood+1","Tactician"],"picked":"Panacea","floor":40},{"not_picked":["JustLucky+1","ThirdEye"],"picked":"Machine Learning","floor":42},{"not_picked":["Limit Break","Havoc","Iron Wave+1"],"picked":"SKIP","floor":46},{"not_picked":["Heel Hook+1","Flying Knee+1"],"picked":"Coolheaded","floor":48}],"player_experience":1116103,"relics_obtained":[{"floor":6.0,"key":"StoneCalendar"},{"floor":8.0,"key":"Eternal Feather"},{"floor":9.0,"key":"Old Coin"},{"floor":10.0,"key":"Strawberry"},{"floor":14.0,"key":"Pear"},{"floor":23.0,"key":"Lantern"},{"floor":25.0,"key":"Happy Flower"},{"floor":26.0,"key":"Centennial Puzzle"},{"floor":28.0,"key":"Orichalcum"},{"floor":34.0,"key":"Juzu Bracelet"},{"floor":34.0,"key":"Molten Egg 2"},{"floor":34.0,"key":"Mango"},{"floor":39,"key":"Turnip"},{"floor":40,"key":"MawBank"},{"floor":42,"key":"Shovel"},{"floor":46,"key":"Du-Vu Doll"},{"floor":47,"key":"InkBottle"}],"event_choices":[{"damage_healed":0.0,"max_hp_gain":0.0,"max_hp_loss":0.0,"gold_gain":0.0,"event_name":"Scrap Ooze","player_choice":"Success","floor":4.0,"gold_loss":0.0,"damage_taken":11.0,"relics_obtained":["Mercury Hourglass"]},{"damage_healed":0.0,"max_hp_gain":0.0,"max_hp_loss":0.0,"gold_gain":0.0,"event_name":"The Woman in Blue","player_choice":"Bought 3 Potions","floor":5.0,"gold_loss":0.0,"damage_taken":0.0},{"cards_removed":["Defend_G"],"damage_healed":0.0,"max_hp_gain":0.0,"max_hp_loss":0.0,"gold_gain":0.0,"event_name":"Beggar","player_choice":"Gave Gold","floor":19.0,"gold_loss":75.0,"damage_taken":0.0},{"damage_healed":0.0,"max_hp_gain":0.0,"max_hp_loss":0.0,"gold_gain":100.0,"event_name":"The Joust","player_choice":"Bet on Murderer","floor":20.0,"gold_loss":50.0,"damage_taken":0.0},{"cards_removed":["Defend_G"],"damage_healed":0.0,"max_hp_gain":0.0,"max_hp_loss":0.0,"gold_gain":0.0,"event_name":"Bonfire Elementals","player_choice":"Offered Basic","floor":27.0,"gold_loss":0.0,"damage_taken":0.0},{"damage_healed":0.0,"max_hp_gain":0.0,"max_hp_loss":0.0,"gold_gain":0.0,"cards_transformed":["Defend_G"],"event_name":"Transmorgrifier","player_choice":"Transformed","floor":37.0,"gold_loss":0.0,"damage_taken":0.0,"cards_obtained":["Die Die Die"]},{"damage_healed":0,"gold_gain":0,"player_choice":"Fight","damage_taken":0,"max_hp_gain":0,"max_hp_loss":0,"event_name":"Mysterious Sphere","floor":39,"gold_loss":0},{"damage_healed":0,"gold_gain":0,"player_choice":"Ignored","damage_taken":0,"max_hp_gain":0,"max_hp_loss":0,"event_name":"Tomb of Lord Red Mask","floor":45,"gold_loss":0}],"is_beta":false,"boss_relics":[{"not_picked":["Runic Pyramid","Runic Dome"],"picked":"Philosopher\u0027s Stone"},{"not_picked":["Snecko Eye","Fusion Hammer"],"picked":"Calling Bell"}],"items_purged_floors":[12,36],"is_endless":false,"potions_floor_spawned":[2,6,18,28,29,30,31,35,39,42,48],"killed_by":"Awakened One","ascension_level":20}}