{"host":"BaronFel","time":1612125939,"event":{"mods":["BaseMod","Filter the Spire","Highlight Path","Minty Spire (QoL Compilation)","Relic Stats","ojb\u0027s Info Mod"],"gold_per_floor":[115,115,115,129,147,172,172,7,7,21,54,54,104,138,138,213,213,230,3,14,14,27,27,56,56,83,83,83],"floor_reached":27,"language":"ENG","playtime":2259,"items_purged":[],"score":523,"play_id":"5c0b287c-8435-4d32-84d5-107e2f627acc","local_time":"20210131144539","is_ascension_mode":true,"campfire_choices":[{"floor":7.0,"key":"REST"},{"data":"Whirlwind","floor":12.0,"key":"SMITH"},{"data":"Metallicize","floor":15.0,"key":"SMITH"},{"data":"Armaments","floor":23.0,"key":"SMITH"},{"floor":25.0,"key":"REST"}],"circlet_count":0,"master_deck":["AscendersBane","Bash","Twin Strike","Rampage","Metallicize+1","Whirlwind+1","Shrug It Off","Dark Embrace","Barricade","Feed","Metallicize","Armaments+1","Headbutt+1"],"relics":["Philosopher\u0027s Stone","Turnip","Art of War","Lee\u0027s Waffle","Pear","Sundial","Pen Nib","Juzu Bracelet","Pandora\u0027s Box","Toolbox","White Beast Statue"],"acts_visited":["Exordium","TheCity"],"potions_floor_usage":[27],"damage_taken":[{"damage":2.0,"enemies":"Cultist","floor":1.0,"turns":4.0},{"damage":0.0,"enemies":"2 Louse","floor":4.0,"turns":3.0},{"damage":0.0,"enemies":"Jaw Worm","floor":5.0,"turns":3.0},{"damage":45.0,"enemies":"Lagavulin","floor":6.0,"turns":9.0},{"damage":5.0,"enemies":"Red Slaver","floor":10.0,"turns":4.0},{"damage":26.0,"enemies":"3 Sentries","floor":11.0,"turns":8.0},{"damage":23.0,"enemies":"Gremlin Nob","floor":14.0,"turns":4.0},{"damage":15.0,"enemies":"The Guardian","floor":16.0,"turns":7.0},{"damage":0.0,"enemies":"3 Byrds","floor":18.0,"turns":4.0},{"damage":5.0,"enemies":"Spheric Guardian","floor":20.0,"turns":3.0},{"damage":11.0,"enemies":"Snake Plant","floor":22.0,"turns":4.0},{"damage":41.0,"enemies":"Slavers","floor":24.0,"turns":7.0},{"damage":59,"enemies":"Book of Stabbing","floor":27,"turns":4}],"seed_played":"1118456619777433331","potions_obtained":[{"floor":10.0,"key":"Ancient Potion"},{"floor":11.0,"key":"DistilledChaos"},{"floor":16.0,"key":"BloodPotion"},{"floor":24.0,"key":"Energy Potion"}],"is_trial":false,"path_per_floor":["M","T","?","M","M","E","R","$","T","M","E","R","T","E","R","B",null,"M","$","M","?","M","R","E","R","T","E"],"character_chosen":"IRONCLAD","items_purchased":["Lee\u0027s Waffle","Toolbox","SkillPotion"],"campfire_rested":2,"item_purchase_floors":[8,19,19],"current_hp_per_floor":[66,66,66,66,66,21,43,82,92,87,61,61,61,38,38,23,75,78,78,73,45,38,38,21,53,53,0,0],"gold":83,"neow_bonus":"BOSS_RELIC","is_daily":false,"chose_seed":false,"campfire_upgraded":3,"win_rate":0.0,"timestamp":1612125939,"path_taken":["M","?","?","M","M","E","R","$","T","M","E","R","?","E","R","BOSS","M","?","M","?","M","R","E","R","T","E"],"items_purchased_type":["Relic","Relic","Potion"],"build_version":"2020-12-18","purchased_purges":0,"victory":false,"max_hp_per_floor":[75,75,75,75,75,75,75,82,92,92,92,92,92,92,92,92,92,95,95,95,100,104,104,108,108,108,108,108],"relic_stats":{"Lee\u0027s Waffle":39,"counters":[13,64],"Sundial":[8],"Pandora\u0027s Box":["Immolate","Exhume","Uppercut","Infernal Blade","Sword Boomerang","Berserk","Immolate","Rupture","Evolve"],"Turnip":[7],"Pen Nib":[5],"Art of War":[3],"Juzu Bracelet":1,"obtain_stats":[{"Lee\u0027s Waffle":8,"Pear":9,"Sundial":11,"Toolbox":19,"Philosopher\u0027s Stone":0,"Pandora\u0027s Box":17,"Turnip":2,"Pen Nib":13,"Art of War":6,"Juzu Bracelet":14,"Burning Blood":0,"White Beast Statue":24},{"Lee\u0027s Waffle":4,"Pear":4,"Sundial":6,"Toolbox":9,"Philosopher\u0027s Stone":0,"Pandora\u0027s Box":8,"Turnip":1,"Pen Nib":6,"Art of War":4,"Juzu Bracelet":7,"Burning Blood":0,"White Beast Statue":12},{"Lee\u0027s Waffle":19,"Pear":19,"Sundial":31,"Toolbox":46,"Philosopher\u0027s Stone":0,"Pandora\u0027s Box":42,"Turnip":4,"Pen Nib":31,"Art of War":19,"Juzu Bracelet":35,"Burning Blood":0,"White Beast Statue":60}]},"card_choices":[{"not_picked":["Thunderclap","True Grit"],"picked":"Twin Strike","floor":1.0},{"not_picked":["Rupture","Iron Wave"],"picked":"Rampage","floor":4.0},{"not_picked":["Rampage","Dark Embrace"],"picked":"Metallicize","floor":5.0},{"not_picked":["Seeing Red","Warcry"],"picked":"Whirlwind","floor":6.0},{"not_picked":["True Grit","Perfected Strike"],"picked":"Shrug It Off","floor":10.0},{"not_picked":["True Grit","Clash"],"picked":"Dark Embrace","floor":11.0},{"not_picked":["Clothesline","Carnage"],"picked":"Barricade","floor":14.0},{"not_picked":["Immolate","Juggernaut"],"picked":"Feed","floor":16.0},{"not_picked":["Perfected Strike","Reckless Charge"],"picked":"Metallicize","floor":18.0},{"not_picked":["Clash","Iron Wave"],"picked":"Armaments","floor":20.0},{"not_picked":["Disarm","Clothesline"],"picked":"Headbutt+1","floor":22.0},{"not_picked":["Pommel Strike","Cleave","Body Slam"],"picked":"SKIP","floor":24.0}],"player_experience":1115469,"relics_obtained":[{"floor":2.0,"key":"Turnip"},{"floor":6.0,"key":"Art of War"},{"floor":9.0,"key":"Pear"},{"floor":11.0,"key":"Sundial"},{"floor":13.0,"key":"Pen Nib"},{"floor":14.0,"key":"Juzu Bracelet"},{"floor":24.0,"key":"White Beast Statue"}],"event_choices":[{"damage_healed":0.0,"max_hp_gain":0.0,"max_hp_loss":0.0,"gold_gain":0.0,"event_name":"Liars Game","player_choice":"Ignored","floor":3.0,"gold_loss":0.0,"damage_taken":0.0},{"damage_healed":0.0,"max_hp_gain":5.0,"max_hp_loss":0.0,"gold_gain":0.0,"event_name":"Forgotten Altar","player_choice":"Shed Blood","floor":21.0,"gold_loss":0.0,"damage_taken":33.0}],"is_beta":true,"boss_relics":[{"not_picked":["SacredBark","Black Star"],"picked":"Pandora\u0027s Box"}],"items_purged_floors":[],"is_endless":false,"potions_floor_spawned":[10,11,16,24],"killed_by":"Book of Stabbing","ascension_level":20}}