{"host":"lxihx0b6awoz2w1j","time":1612134240,"event":{"mods":["Act Like it!","Ascension Reborn","BaseMod","Better Third Choice","BetterRewards","CapriCore","Colored Powertips","Conspire","Downfall","Fox Events","Gensokyo","Hermit","Hubris","Infinite Spire","JesterMod","Luminous","Melee Mod","Minty Spire (QoL Compilation)","Permanent Neow","Prisma Mod","Quick Restart","Relic Stats","Reliquary","Replay The Spire","Shade Mod","Spicy Shops","StSLib","Td1madao Mod","The Alterego","The Blue Laboratory","The Construct","The Cursed","The Death Knight","The Disciple","The Forsaken","The Gatherer","The Immortal","The Jungle","The Marked","The Mystic","The Runesmith","The Senshi","The Servant 0.9.4","The Spell Scribe","Waifu the Spire"],"gold_per_floor":[119,119,2,13,25,52,71,71,71,106,123,123,142,158,158,253,253,270,280,280,25,40,40,40],"floor_reached":23,"language":"ENG","playtime":965,"items_purged":[],"score":305,"play_id":"f53cda85-58a2-46aa-9a0c-63dd9b418c9b","local_time":"20210201000400","is_ascension_mode":false,"campfire_choices":[{"data":"Bash","floor":8.0,"key":"SMITH"},{"floor":15.0,"key":"DIG"}],"circlet_count":0,"master_deck":["Strike_R","Strike_R","Strike_R","Strike_R","Strike_R","Defend_R","Defend_R","Defend_R","Defend_R","Bash+1","Headbutt","Armaments","Combust+1","conspire:Charge","Shrug It Off","Blood for Blood+1","Heavy Blade","Iron Wave","Wild Strike","Warcry","Reaper+1","Cleave","Carnage","ReplayReversal","hubris:StunningStrike","Iron Wave","Havoc","Battle Trance","Bash","Reaper","Perfected Strike","infinitespire:OneForAll","Metallicize","Iron Wave"],"relics":["Burning Blood","Replay:Mystery Machine","Ginger","PreservedInsect","Vajra","hubris:BottledRain","reliquary:RosewoodLute","Pocketwatch","Fusion Hammer","Magic Flower"],"acts_visited":["Exordium","TheCity"],"potions_floor_usage":[23],"damage_taken":[{"damage":1.0,"enemies":"Small Slimes","floor":1.0,"turns":2.0},{"damage":2.0,"enemies":"Cultist","floor":4.0,"turns":2.0},{"damage":1.0,"enemies":"Jaw Worm","floor":5.0,"turns":3.0},{"damage":14.0,"enemies":"3 Sentries","floor":6.0,"turns":5.0},{"damage":0.0,"enemies":"2 Fungi Beasts","floor":7.0,"turns":3.0},{"damage":11.0,"enemies":"Gremlin Nob","floor":10.0,"turns":3.0},{"damage":6.0,"enemies":"Red Slaver","floor":11.0,"turns":3.0},{"damage":7.0,"enemies":"3 Louse","floor":13.0,"turns":3.0},{"damage":1.0,"enemies":"Blue Slaver","floor":14.0,"turns":2.0},{"damage":41.0,"enemies":"Hexaghost","floor":16.0,"turns":7.0},{"damage":4.0,"enemies":"Shell Parasite","floor":18.0,"turns":4.0},{"damage":12.0,"enemies":"3 Byrds","floor":19.0,"turns":2.0},{"damage":16.0,"enemies":"Snake Plant","floor":22.0,"turns":4.0},{"damage":81,"enemies":"Nightmare","floor":23,"turns":8}],"seed_played":"-2164855615123491749","potions_obtained":[{"floor":4.0,"key":"Slimebound:ThreeZeroPotion"},{"floor":5.0,"key":"blueLaboratory:EntrenchedPotion"},{"floor":6.0,"key":"Adrenaline Potion"},{"floor":14.0,"key":"blueLaboratory:BottleOfVodka"}],"is_trial":false,"path_per_floor":["M","?","$","M","M","E","M","R","T","E","M","?","M","M","R","B",null,"M","M","?","$","M","NM"],"character_chosen":"IRONCLAD","items_purchased":["Replay:Mystery Machine","Headbutt","Armaments","Combust","Shrug It Off","Blood for Blood+1","Magic Flower","infinitespire:OneForAll","Metallicize"],"campfire_rested":0,"item_purchase_floors":[0,0,0,0,3,3,21,21,21],"current_hp_per_floor":[69,69,69,73,78,70,76,76,76,71,76,76,80,80,80,51,80,80,74,74,74,67,0,0],"gold":40,"neow_bonus":"","is_daily":false,"chose_seed":false,"campfire_upgraded":1,"win_rate":0.0,"timestamp":1612134240,"path_taken":["M","?","?","M","M","E","M","R","T","E","M","?","M","M","R","BOSS","M","M","?","$","M","NM"],"items_purchased_type":["Relic","Card","Card","Card","Card","Card","Relic","Card","Card"],"build_version":"2020-12-22","purchased_purges":0,"victory":false,"max_hp_per_floor":[80,80,80,80,80,80,80,80,80,80,80,80,80,80,80,80,80,80,80,80,80,80,80,80],"relic_stats":{"counters":[14,51],"Magic Flower":[5],"PreservedInsect":299,"Ginger":[2],"obtain_stats":[{"Vajra":6,"Magic Flower":21,"hubris:MedicalManual":0,"PreservedInsect":0,"Fusion Hammer":17,"Ginger":0,"Replay:Mystery Machine":0,"reliquary:RosewoodLute":10,"Burning Blood":0,"hubris:BottledRain":9,"Pocketwatch":15},{"Vajra":4,"Magic Flower":12,"hubris:MedicalManual":0,"PreservedInsect":0,"Fusion Hammer":10,"Ginger":0,"Replay:Mystery Machine":0,"reliquary:RosewoodLute":6,"Burning Blood":0,"hubris:BottledRain":5,"Pocketwatch":9},{"Vajra":12,"Magic Flower":39,"hubris:MedicalManual":0,"PreservedInsect":0,"Fusion Hammer":33,"Ginger":0,"Replay:Mystery Machine":0,"reliquary:RosewoodLute":18,"Burning Blood":0,"hubris:BottledRain":15,"Pocketwatch":26}],"Burning Blood":74,"Pocketwatch":[21]},"card_choices":[{"not_picked":["Pommel Strike","Pummel"],"picked":"conspire:Charge","floor":1.0},{"not_picked":["Run Through","Shrug It Off"],"picked":"Heavy Blade","floor":4.0},{"not_picked":["Warcry","Shrug It Off"],"picked":"Iron Wave","floor":5.0},{"not_picked":["ReplayTheSpireMod:Corrosion Curse","Flex"],"picked":"Wild Strike","floor":6.0},{"not_picked":["Wild Strike","Run Through"],"picked":"Warcry","floor":7.0},{"not_picked":["conspire:HitWhereItHurts","ReplayTheSpireMod:Stacked"],"picked":"Reaper","floor":10.0},{"not_picked":["Clash","Pommel Strike"],"picked":"Cleave","floor":11.0},{"not_picked":["ReplayTheSpireMod:Strike From Hell","Massacre"],"picked":"Carnage","floor":13.0},{"not_picked":["Clothesline","Thunderclap"],"picked":"ReplayReversal","floor":14.0},{"not_picked":["Offering","Bludgeon"],"picked":"hubris:StunningStrike","floor":16.0},{"not_picked":["Warcry","Headbutt"],"picked":"Iron Wave","floor":18.0},{"not_picked":["Body Slam","ReplayTheSpireMod:Corrosion Curse"],"picked":"Havoc","floor":19.0},{"not_picked":["hubris:CleavingFinish","Cleave"],"picked":"Iron Wave","floor":22.0}],"player_experience":696448,"relics_obtained":[{"floor":6.0,"key":"Vajra"},{"floor":9.0,"key":"hubris:BottledRain"},{"floor":10.0,"key":"reliquary:RosewoodLute"},{"floor":15.0,"key":"Pocketwatch"}],"event_choices":[{"damage_healed":0.0,"max_hp_gain":0.0,"max_hp_loss":0.0,"gold_gain":0.0,"event_name":"Upgrade Shrine","player_choice":"Upgraded","floor":2.0,"gold_loss":0.0,"damage_taken":0.0,"cards_upgraded":["Combust"]},{"damage_healed":0.0,"max_hp_gain":0.0,"max_hp_loss":0.0,"gold_gain":0.0,"event_name":"Living Wall","player_choice":"Grow","floor":12.0,"gold_loss":0.0,"damage_taken":0.0,"cards_upgraded":["Reaper"]},{"damage_healed":0.0,"max_hp_gain":0.0,"max_hp_loss":0.0,"gold_gain":0.0,"event_name":"Match and Keep!","player_choice":"4 cards matched","floor":20.0,"gold_loss":0.0,"damage_taken":0.0,"cards_obtained":["Battle Trance","Bash","Reaper","Perfected Strike"]}],"is_beta":false,"boss_relics":[{"not_picked":["ReplayTheSpireMod:DimensionalGlitch","conspire:RoyalGoblet"],"picked":"Fusion Hammer"}],"items_purged_floors":[],"is_endless":false,"potions_floor_spawned":[4,5,6,14,16,22],"killed_by":"Nightmare","ascension_level":0}}