{"host":"up0yrwoki2hbybns","time":1612118182,"event":{"mods":["BaseMod","Downfall","Hermit","Infinite Spire","Minty Spire (QoL Compilation)","Quick Restart","Replay The Spire","StSLib","The Runesmith"],"gold_per_floor":[111,61,61,61,81,113,130,130,198,231,231,241,166,179,179,280,280,290,308,308,308,319,319,335,370,370,370,390,422,440,473,473,578,578,598,116,116,126,142,142,159,178,178,178,192,192,192],"floor_reached":46,"language":"ENG","playtime":4796,"items_purged":["Regret"],"score":550,"play_id":"c17aad9f-ee7c-4a08-881c-1f97b46e08fd","local_time":"20210131233622","is_ascension_mode":true,"campfire_choices":[{"data":"hermit:TakeAim","floor":8.0,"key":"SMITH"},{"data":"hermit:GoldenBullet","floor":11.0,"key":"SMITH"},{"data":"hermit:Dive","floor":23.0,"key":"SMITH"},{"data":"hermit:Snapshot","floor":27.0,"key":"SMITH"},{"data":"hermit:Maintenance","floor":32.0,"key":"SMITH"},{"floor":40.0,"key":"RECALL"}],"circlet_count":0,"master_deck":["hermit:Strike_Hermit","hermit:Strike_Hermit","hermit:Strike_Hermit","hermit:Defend_Hermit+1","hermit:Defend_Hermit+1","hermit:Defend_Hermit","hermit:Defend_Hermit","hermit:Snapshot+1","hermit:Deadeye+1","hermit:CalledShot","hermit:NoHoldsBarred","hermit:TakeAim+1","hermit:GoldenBullet+1","hermit:GoldenBullet+1","hermit:RoundhouseKick+1","hermit:Headshot+1","hermit:Glare+1","hermit:Deadeye","hermit:Dive+1","hermit:Roulette+1","hermit:Feint","hermit:Vantage","hermit:Maintenance+1","hermit:HighNoon","hermit:GoldenBullet+1","Flash of Steel","Specialist","Good Instincts","hermit:TrackingShot+1","hermit:Dive+1","hermit:Maintenance+1"],"relics":["Coffee Dripper","Nunchaku","Strawberry","infinitespire:Golems Mask","Garlic","Simple Rune","ReplayTheSpireMod:DimensionalGlitch","Whetstone","infinitespire:CheckeredPen","Sundial","Calipers","Philosopher\u0027s Stone","hermit:Spyglass"],"acts_visited":["Exordium","TheCity","TheBeyond"],"potions_floor_usage":[45,46],"damage_taken":[{"damage":0.0,"enemies":"Jaw Worm","floor":1.0,"turns":3.0},{"damage":1.0,"enemies":"2 Louse","floor":5.0,"turns":2.0},{"damage":26.0,"enemies":"3 Sentries","floor":6.0,"turns":7.0},{"damage":0.0,"enemies":"Small Slimes","floor":7.0,"turns":1.0},{"damage":6.0,"enemies":"Gremlin Nob","floor":10.0,"turns":3.0},{"damage":5.0,"enemies":"Exordium Wildlife","floor":12.0,"turns":2.0},{"damage":0.0,"enemies":"Looter","floor":14.0,"turns":2.0},{"damage":0.0,"enemies":"Slime Boss","floor":16.0,"turns":6.0},{"damage":0.0,"enemies":"Spheric Guardian","floor":18.0,"turns":3.0},{"damage":7.0,"enemies":"2 Thieves","floor":19.0,"turns":3.0},{"damage":0.0,"enemies":"Snecko","floor":22.0,"turns":2.0},{"damage":1.0,"enemies":"Centurion and Healer","floor":24.0,"turns":3.0},{"damage":4.0,"enemies":"Replay:Snechameleon","floor":25.0,"turns":4.0},{"damage":0.0,"enemies":"Snake Plant","floor":28.0,"turns":2.0},{"damage":7.0,"enemies":"Book of Stabbing","floor":29.0,"turns":3.0},{"damage":0.0,"enemies":"Sentry and Sphere","floor":30.0,"turns":2.0},{"damage":19.0,"enemies":"Champ","floor":33.0,"turns":9.0},{"damage":5.0,"enemies":"3 Shapes","floor":35.0,"turns":5.0},{"damage":0.0,"enemies":"Orb Walker","floor":38.0,"turns":2.0},{"damage":13.0,"enemies":"Writhing Mass","floor":39.0,"turns":5.0},{"damage":26.0,"enemies":"4 Shapes","floor":41.0,"turns":5.0},{"damage":15,"enemies":"Sphere and 2 Shapes","floor":42,"turns":8},{"damage":2,"enemies":"Spire Growth","floor":45,"turns":4}],"seed_played":"-2975579474271390143","potions_obtained":[{"floor":6.0,"key":"Regen Potion"},{"floor":7.0,"key":"AttackPotion"},{"floor":12.0,"key":"LiquidMemories"},{"floor":14.0,"key":"Fire Potion"},{"floor":18.0,"key":"PowerPotion"},{"floor":25.0,"key":"hermit:Eclipse"},{"floor":28.0,"key":"Block Potion"},{"floor":41.0,"key":"Elixir"},{"floor":42,"key":"SkillPotion"},{"floor":45,"key":"PowerPotion"}],"is_trial":false,"path_per_floor":["M","?","?","?","M","E","M","R","T","E","R","M","$","M","R","B",null,"M","M","?","?","M","R","M","E","T","R","M","E","M","?","R","B",null,"M","?","?","M","M","R","M","M","T","$","M","M"],"character_chosen":"HERMIT","items_purchased":[],"campfire_rested":0,"item_purchase_floors":[],"current_hp_per_floor":[75,75,68,75,74,48,48,48,48,42,42,37,37,37,61,61,82,82,75,75,75,75,75,74,70,70,70,70,63,63,43,43,24,82,77,77,62,62,49,49,23,8,8,8,6,6,6],"gold":192,"neow_bonus":"BOSS_RELIC","is_daily":false,"chose_seed":false,"campfire_upgraded":5,"win_rate":0.0,"timestamp":1612118182,"path_taken":["M","?","?","?","M","E","M","R","T","E","R","M","$","M","R","BOSS","M","M","?","?","M","R","M","E","T","R","?","E","?","?","R","BOSS","M","?","?","M","M","R","M","M","T","?","?","M"],"items_purchased_type":[],"build_version":"2020-12-22","purchased_purges":1,"victory":false,"max_hp_per_floor":[75,75,75,82,82,82,82,82,82,82,82,82,82,82,82,82,82,82,82,82,82,82,82,82,82,82,82,82,82,82,82,82,82,82,82,82,82,82,82,82,82,82,82,82,82,82,82],"card_choices":[{"not_picked":["hermit:Headshot","hermit:Horror"],"picked":"hermit:Deadeye","floor":1.0},{"not_picked":["hermit:Roulette","hermit:Combo"],"picked":"hermit:CalledShot","floor":5.0},{"not_picked":["hermit:FromBeyond","hermit:OverwhelmingPower"],"picked":"hermit:NoHoldsBarred","floor":6.0},{"not_picked":["hermit:Midnight","hermit:Horror"],"picked":"hermit:TakeAim","floor":7.0},{"not_picked":["hermit:Purgatory","hermit:Vantage"],"picked":"hermit:GoldenBullet","floor":10.0},{"not_picked":["hermit:TrackingShot","hermit:Manifest","hermit:Malice"],"picked":"SKIP","floor":12.0},{"not_picked":["hermit:Enervate","hermit:ItchyTrigger"],"picked":"hermit:GoldenBullet","floor":14.0},{"not_picked":["hermit:Reprieve","hermit:FromBeyond"],"picked":"hermit:RoundhouseKick","floor":16.0},{"not_picked":["hermit:CursedWeapon","hermit:Quickdraw"],"picked":"hermit:Headshot+1","floor":18.0},{"not_picked":["hermit:LuckOfTheDraw","hermit:SprayPray"],"picked":"hermit:Glare+1","floor":19.0},{"not_picked":["hermit:Shortfuse","hermit:Showdown+1"],"picked":"hermit:Dive","floor":22.0},{"not_picked":["hermit:CalledShot","hermit:Snipe+1"],"picked":"hermit:Roulette+1","floor":24.0},{"not_picked":["hermit:Quickdraw","hermit:Virtue"],"picked":"hermit:Feint","floor":25.0},{"not_picked":["hermit:Manifest","hermit:Roulette+1"],"picked":"hermit:Vantage","floor":28.0},{"not_picked":["hermit:Coalescence","hermit:Roulette+1","hermit:ItchyTrigger"],"picked":"SKIP","floor":29.0},{"not_picked":["hermit:Roulette","hermit:Cheat+1","hermit:HoleUp"],"picked":"SKIP","floor":30.0},{"not_picked":["hermit:Showdown+1","hermit:Scavenge"],"picked":"hermit:Maintenance","floor":31.0},{"not_picked":["hermit:EternalForm","hermit:FatalDesire"],"picked":"hermit:HighNoon","floor":33.0},{"not_picked":["hermit:Coalescence+1","hermit:Roulette+1"],"picked":"hermit:GoldenBullet+1","floor":35.0},{"not_picked":["ReplayTheSpireMod:Black Plague","infinitespire:SevenWalls"],"picked":"infinitespire:SealOfDarkness+","floor":36.0},{"not_picked":["Replay:Bootleg Shield Generator","Madness"],"picked":"Flash of Steel","floor":37.0},{"not_picked":["Jack Of All Trades","Crow Ritual"],"picked":"Specialist","floor":37.0},{"not_picked":["PanicButton","Jack Of All Trades"],"picked":"Good Instincts","floor":37.0},{"not_picked":["hermit:Misfire+1","hermit:SprayPray"],"picked":"hermit:TrackingShot+1","floor":38.0},{"not_picked":["hermit:Cheat+1","hermit:Coalescence","hermit:DeadMansHand"],"picked":"SKIP","floor":39.0},{"not_picked":["hermit:Vantage+1","hermit:SprayPray"],"picked":"hermit:Dive+1","floor":41.0},{"not_picked":["hermit:CursedWeapon","hermit:Desperado+1","hermit:Quickdraw+1"],"picked":"SKIP","floor":42},{"not_picked":["hermit:NoHoldsBarred+1","hermit:Feint+1"],"picked":"hermit:Maintenance+1","floor":45}],"player_experience":457968,"relics_obtained":[{"floor":6.0,"key":"infinitespire:Golems Mask"},{"floor":9.0,"key":"Garlic"},{"floor":10.0,"key":"Simple Rune"},{"floor":25.0,"key":"Whetstone"},{"floor":26.0,"key":"infinitespire:CheckeredPen"},{"floor":29.0,"key":"Sundial"},{"floor":31.0,"key":"Calipers"},{"floor":43,"key":"hermit:Spyglass"}],"event_choices":[{"cards_removed":["hermit:Covet"],"damage_healed":0.0,"max_hp_gain":0.0,"max_hp_loss":0.0,"gold_gain":0.0,"event_name":"The Cleric","player_choice":"Card Removal","floor":2.0,"gold_loss":50.0,"damage_taken":0.0},{"damage_healed":0.0,"max_hp_gain":0.0,"max_hp_loss":0.0,"gold_gain":0.0,"event_name":"Scrap Ooze","player_choice":"Success","floor":3.0,"gold_loss":0.0,"damage_taken":7.0,"relics_obtained":["Nunchaku"]},{"damage_healed":0.0,"max_hp_gain":0.0,"max_hp_loss":0.0,"gold_gain":0.0,"event_name":"Big Fish","player_choice":"Box","floor":4.0,"gold_loss":0.0,"damage_taken":0.0,"relics_obtained":["Strawberry"],"cards_obtained":["Regret"]},{"damage_healed":0.0,"max_hp_gain":0.0,"max_hp_loss":0.0,"gold_gain":0.0,"event_name":"The Library","player_choice":"Read","floor":20.0,"gold_loss":0.0,"damage_taken":0.0,"cards_obtained":["hermit:Deadeye"]},{"cards_removed":["hermit:Strike_Hermit"],"damage_healed":0.0,"max_hp_gain":0.0,"max_hp_loss":0.0,"gold_gain":0.0,"event_name":"Bonfire Elementals","player_choice":"Offered Basic","floor":21.0,"gold_loss":0.0,"damage_taken":0.0},{"damage_healed":0.0,"max_hp_gain":0.0,"max_hp_loss":0.0,"gold_gain":0.0,"event_name":"SensoryStone","player_choice":"Memory 3","floor":37.0,"gold_loss":0.0,"damage_taken":10.0}],"is_beta":false,"boss_relics":[{"not_picked":["Empty Cage","Replay:Grab Bag"],"picked":"ReplayTheSpireMod:DimensionalGlitch"},{"not_picked":["Honey Jar","Runic Dome"],"picked":"Philosopher\u0027s Stone"}],"items_purged_floors":[13],"is_endless":false,"potions_floor_spawned":[6,7,12,14,18,25,28,41,42,45],"killed_by":"4 Shapes","ascension_level":1}}