{"host":"27wa8ufp4ryspt1p","time":1612079610,"event":{"mods":["2.2 Compatiblity","A Penny For Your Troubles","Abigail Mod","Act Like it!","Aspiration","BaseMod","Better Altar","Better Match","Better Note","Better Skull","Better Third Choice","Colored Map","Conspire","Curses Come First","Dota2Spire","Downfall-Rebalance","Elementarium","Energized Spire","Fox Events","Friendly Minions","Gensokyo","GifTheSpireLib","Gold Saver","Halation","Hallownest","HololiveMod","Hubris","Humility","Infinite Spire","Keyboard Shortcuts","Menagerie","Mimic Mod","Minty Spire (QoL Compilation)","Pale of the Ancients","Poor People Problems","Quarter Circle Forward PUNCH!","Reimu??????","Relic Filter Mod","Relic Sorter","Relic Stats","Reliquary","Replay The Spire","Reworked Bosses","Shop Mod","Spicy Shops","Spikes Relics","Spire Arcade","StSLib","Stuff the Spire","SuperFastMode","The Cursed","The Exalted","The Judge","The Necromancer","Trackpad","Waifu the Spire","Wandering Minibosses","[IsaacMod]????","??????REMEMod","????"],"gold_per_floor":[179,21,28,28,510,510,569,595,646,646,683,269,144,159,159,240,240,251,990,13,13,13,13,13,13,43,75,106,106,26,60,116,93,126,143,113,32,38,45,45,56,56,86,86,186,239,349,378,396,396,110,22,39,46,11,11,59,59,28,28,0],"floor_reached":62,"language":"SPA","playtime":3210,"items_purged":["Bloodletting"],"score":3265,"play_id":"bb83e7a9-9e6b-46c9-a2de-7befefde6c16","local_time":"20210131015330","daily_mods":["SealedDeck","Colorless Cards","Heirloom","Elite Swarm","Lethality"],"is_ascension_mode":true,"campfire_choices":[{"data":"conspire:Banana","floor":6.0,"key":"SMITH"},{"data":"conspire:Banana","floor":15,"key":"SMITH"},{"floor":23,"key":"RECALL"},{"data":"Summon_Death_Knight","floor":25,"key":"SMITH"},{"data":"Bone_Armory","floor":40,"key":"SMITH"},{"data":"EpicFetus","floor":42,"key":"SMITH"},{"data":"Summon_Death_Knight","floor":44,"key":"SMITH"},{"data":"Reforge","floor":56,"key":"SMITH"},{"data":"Summon_Undead_Army","floor":58,"key":"SMITH"}],"circlet_count":0,"master_deck":["AscendersBane","Mind Blast","Death_March_Dance","Negative_Energy_Javelin","Toxic_Smoke_Screen","Vampiric_Strike","Panacea","Death_March_Dance","Acid_Javelin","Sadistic Nature","Bones_to_Steel","conspire:Banana+1","Summon_Death_Knight+1","Consume_Illness","Acid_Javelin","expansioncontent:DashGenerateEvil","conspire:Banana+1","Blood_Curse","Blood_Curse","Bones_to_Steel+1","Sadistic Nature","ReplayTheSpireMod:Private Reserves","Summon_Lich","Bones_to_Steel","Poisoned Strike","Toxic_Smoke_Screen+1","infinitespire:SevenWalls","Summon_Lich","EpicFetus+1","Summon_Death_Knight+1","AbeCurse","Bone_Armory+1","Sharp Hide","REME_AllRoundStrike","Summon_Lich","Apotheosis","expansioncontent:SuperHexaguard","Reforge+1","Summon_Undead_Army+1","Summon_Lich","expansioncontent:Chronoboost","hubris:InfiniteBlow+657","Summon_Undead_Army","Bone_Prison","Summon_Undead_Army"],"relics":["Vampire_Amulet","D6","paleoftheancients:SoulOfTheHexaghost","infinitespire:Joker Card","HushsDoor","REME_ComplimentaryCards","SalivaCoin","PokeGo","wanderingMiniBosses:LockLocket","qcfpunch:Spiky_Bracers","StuffTheSpire:Gunfinga","hubris:Towel","Replay:Wax Seal","Bag of Preparation","MerchantsRug","StuffTheSpire:Tea","Ice Cream","Shuriken","Letter Opener","reliquary:TridentHead","The Courier","MagicMushroom","qcfpunch:Chain_With_Nametags","infinitespire:Beetle Shell","Abe\u0027s Treasure","Incubus","SteamSale","Dota2Spire:OctarineCore","Calipers","StuffTheSpire:Experiment12","StuffTheSpire:GrapeVine","paleoftheancients:Timepiece","paleoftheancients:KeyRelic","Bronze Scales","Spirit Poop"],"acts_visited":["Menagerie:Menagerie","Gensokyo:Gensokyoer","Gensokyo:Gensokyoest","paleoftheancients:PaleOfTheAncients"],"potions_floor_usage":[18,28,28],"damage_taken":[{"damage":16.0,"enemies":"Menagerie:WhisperingWraith","floor":5.0,"turns":9.0},{"damage":25.0,"enemies":"Menagerie:VoidReaper","floor":7.0,"turns":3.0},{"damage":6.0,"enemies":"Menagerie:StygianBoar","floor":8.0,"turns":2.0},{"damage":12.0,"enemies":"Menagerie:MonstrousExperiment","floor":9.0,"turns":3.0},{"damage":5,"enemies":"Menagerie:MaskedSummoner","floor":11,"turns":5},{"damage":0,"enemies":"Menagerie:MonstrousExperiment","floor":14,"turns":1},{"damage":7,"enemies":"Menagerie:Chimera","floor":16,"turns":4},{"damage":0,"enemies":"Gensokyo:Chomper","floor":18,"turns":3},{"damage":85,"enemies":"Gensokyo:3_Dogs","floor":20,"turns":5},{"damage":16,"enemies":"Gensokyo:Wraith","floor":26,"turns":4},{"damage":0,"enemies":"Gensokyo:Reisen","floor":27,"turns":3},{"damage":11,"enemies":"Gensokyo:Wraith","floor":28,"turns":3},{"damage":0,"enemies":"Gensokyo:3_Gloops","floor":30,"turns":4},{"damage":0,"enemies":"Gensokyo:Tenshi","floor":31,"turns":4},{"damage":0,"enemies":"Gensokyo:Eternal_Rivals","floor":33,"turns":7},{"damage":0,"enemies":"Gensokyo:AncientGuardian","floor":35,"turns":1},{"damage":0,"enemies":"Gensokyo:3_Boulders","floor":37,"turns":4},{"damage":0,"enemies":"Gensokyo:SeedOfUnknown","floor":41,"turns":3},{"damage":0,"enemies":"Gensokyo:Sharpion","floor":43,"turns":5},{"damage":15,"enemies":"Gensokyo:Marisa","floor":46,"turns":2},{"damage":0,"enemies":"Gensokyo:Sharpion","floor":47,"turns":3},{"damage":0,"enemies":"Gensokyo:Doremy","floor":48,"turns":3},{"damage":0,"enemies":"Gensokyo:Yuyuko","floor":50,"turns":4},{"damage":101,"enemies":"Gensokyo:Scarlet_Devils","floor":51,"turns":6},{"damage":88,"enemies":"Gensokyo:Scarlet_Devils","floor":52,"turns":4},{"damage":0,"enemies":"Gensokyo:Scarlet_Devils","floor":53,"turns":5},{"damage":35,"enemies":"Gensokyo:Scarlet_Devils","floor":57,"turns":7},{"damage":181,"enemies":"paleoftheancients:N","floor":61,"turns":11}],"seed_played":"3368135290880657295","potions_obtained":[{"floor":7.0,"key":"Reflective Coating"},{"floor":11,"key":"Elixir"},{"floor":16,"key":"SkillPotion"},{"floor":18,"key":"REME_GoldPotion"},{"floor":20,"key":"Dexterity Potion"},{"floor":27,"key":"Block Potion"},{"floor":31,"key":"SkillPotion"},{"floor":33,"key":"Block Potion"},{"floor":37,"key":"Dexterity Potion"},{"floor":41,"key":"Regen Potion"},{"floor":46,"key":"Elixir"},{"floor":57,"key":"SneckoOil"}],"is_trial":true,"path_per_floor":["?","$","?","$","M","R","E","M","MIM","?","E","R","?","M","R","B",null,"M","$","M","$","COS","R","?","R","MIM","E","M","AVR","M","E","R_BF","B",null,"M","COS","M","$","?","R","M","R","MIM","R","?","E","M","E","R","B","B","M","M","?","$","R","M","R","$","?","B",null],"character_chosen":"NECROMANCER","items_purchased":["Bones_to_Steel","MerchantsRug","conspire:Banana","Blood_Curse","Summon_Lich","Bone_Armory","Incubus","SteamSale","REME_AllRoundStrike","Summon_Undead_Army","Summon_Lich","StuffTheSpire:GrapeVine","Summon_Undead_Army","Summon_Undead_Army"],"campfire_rested":0,"item_purchase_floors":[2,12,12,12,19,34,34,38,38,49,49,49,55,59],"current_hp_per_floor":[64,64,60,60,60,60,39,39,35,35,49,49,49,54,54,59,79,85,85,3,3,3,3,3,3,3,16,10,17,30,35,35,52,79,81,81,92,92,46,46,49,49,56,56,56,44,55,61,61,61,83,60,94,65,65,65,85,85,85,85,65],"gold":0,"neow_bonus":"","is_daily":false,"chose_seed":false,"campfire_upgraded":8,"win_rate":0.0,"timestamp":1612079610,"path_taken":["?","?","?","$","M","R","E","M","MIM","?","E","R","?","M","R","BOSS","M","$","?","?","COS","R","?","R","MIM","E","M","AVR","M","E","R_BF","BOSS","M","COS","M","$","?","R","M","R","MIM","R","?","E","?","E","R","BOSS","BOSS","M","M","?","$","R","M","R","$","?","BOSS"],"items_purchased_type":["Card","Relic","Card","Card","Card","Card","Relic","Relic","Card","Card","Card","Relic","Card","Card"],"build_version":"2020-12-22","purchased_purges":1,"victory":true,"max_hp_per_floor":[71,71,71,71,71,71,73,75,77,77,79,79,79,82,82,86,86,90,90,94,94,94,94,94,94,98,98,98,105,107,107,107,111,88,88,88,92,92,92,92,92,92,96,96,96,96,104,104,104,104,110,112,116,116,116,116,122,122,122,122,126],"relic_stats":{"counters":[28,118],"Shuriken":[46],"Bronze Scales":[214],"Bag of Preparation":[54],"Letter Opener":[125],"obtain_stats":[{"Ice Cream":17,"Damocles":7,"qcfpunch:Spiky_Bracers":8,"Calipers":46,"Spirit Poop":51,"Bag of Preparation":11,"StuffTheSpire:GrapeVine":49,"reliquary:TridentHead":26,"StuffTheSpire:Experiment12":48,"StuffTheSpire:Gunfinga":9,"PokeGo":0,"hubris:Backtick":17,"Vampire_Amulet":0,"Replay:Wax Seal":11,"wanderingMiniBosses:LockLocket":5,"qcfpunch:Chain_With_Nametags":29,"StuffTheSpire:Tea":14,"KeepersGift":0,"MerchantsRug":12,"paleoftheancients:KeyRelic":51,"paleoftheancients:SoulOfTheHexaghost":57,"The Courier":27,"infinitespire:Beetle Shell":31,"infinitespire:Joker Card":39,"Letter Opener":26,"hubris:Towel":10,"Incubus":34,"SteamSale":38,"paleoftheancients:Timepiece":51,"D6":43,"Shuriken":18,"Bronze Scales":51,"MagicMushroom":29,"SalivaCoin":0,"Dota2Spire:OctarineCore":43,"HushsDoor":0,"Abe\u0027s Treasure":34,"REME_ComplimentaryCards":0},{"Ice Cream":7,"Damocles":2,"qcfpunch:Spiky_Bracers":3,"Calipers":20,"Spirit Poop":24,"Bag of Preparation":5,"StuffTheSpire:GrapeVine":22,"reliquary:TridentHead":10,"StuffTheSpire:Experiment12":22,"StuffTheSpire:Gunfinga":4,"PokeGo":0,"hubris:Backtick":7,"Vampire_Amulet":0,"Replay:Wax Seal":5,"wanderingMiniBosses:LockLocket":1,"qcfpunch:Chain_With_Nametags":12,"StuffTheSpire:Tea":6,"KeepersGift":0,"MerchantsRug":5,"paleoftheancients:KeyRelic":24,"paleoftheancients:SoulOfTheHexaghost":27,"The Courier":11,"infinitespire:Beetle Shell":14,"infinitespire:Joker Card":17,"Letter Opener":10,"hubris:Towel":4,"Incubus":15,"SteamSale":17,"paleoftheancients:Timepiece":24,"D6":19,"Shuriken":8,"Bronze Scales":24,"MagicMushroom":12,"SalivaCoin":0,"Dota2Spire:OctarineCore":19,"HushsDoor":0,"Abe\u0027s Treasure":15,"REME_ComplimentaryCards":0},{"Ice Cream":27,"Damocles":12,"qcfpunch:Spiky_Bracers":14,"Calipers":75,"Spirit Poop":91,"Bag of Preparation":22,"StuffTheSpire:GrapeVine":81,"reliquary:TridentHead":39,"StuffTheSpire:Experiment12":81,"StuffTheSpire:Gunfinga":17,"PokeGo":0,"hubris:Backtick":27,"Vampire_Amulet":0,"Replay:Wax Seal":22,"wanderingMiniBosses:LockLocket":9,"qcfpunch:Chain_With_Nametags":45,"StuffTheSpire:Tea":23,"KeepersGift":0,"MerchantsRug":22,"paleoftheancients:KeyRelic":91,"paleoftheancients:SoulOfTheHexaghost":107,"The Courier":42,"infinitespire:Beetle Shell":53,"infinitespire:Joker Card":65,"Letter Opener":39,"hubris:Towel":17,"Incubus":60,"SteamSale":65,"paleoftheancients:Timepiece":91,"D6":73,"Shuriken":30,"Bronze Scales":91,"MagicMushroom":45,"SalivaCoin":0,"Dota2Spire:OctarineCore":73,"HushsDoor":0,"Abe\u0027s Treasure":60,"REME_ComplimentaryCards":0}]},"card_choices":[{"not_picked":[],"picked":"Bomb","floor":0.0},{"not_picked":["Summon_Undead","Blood_Curse"],"picked":"conspire:Banana","floor":5.0},{"not_picked":["Chrysalis","REME_PuzzleBox"],"picked":"Summon_Death_Knight","floor":7.0},{"not_picked":["Negative_Energy_Mist","Whirlwind_of_Bones"],"picked":"Consume_Illness","floor":8.0},{"not_picked":["Toxic_Smoke_Screen","Scare"],"picked":"Acid_Javelin","floor":9.0},{"not_picked":["Chrysalis","DoctorFetus"],"picked":"expansioncontent:DashGenerateEvil","floor":11},{"not_picked":["Finger_Of_Death+1","Shackles_Of_Pain+1"],"picked":"Bones_to_Steel+1","floor":13},{"not_picked":["expansioncontent:FaceSlap","Plague_Bolt","expansioncontent:Sear"],"picked":"SKIP","floor":14},{"not_picked":["Thinking Ahead","Secret Weapon"],"picked":"Sadistic Nature","floor":16},{"not_picked":["Degenerate","Bandage Up+1"],"picked":"ReplayTheSpireMod:Private Reserves","floor":18},{"not_picked":["REME_FirmDetermination","Finesse","Bone_Shift"],"picked":"SKIP","floor":20},{"not_picked":["Secret Technique","REME_BuildACard"],"picked":"Poisoned Strike","floor":27},{"not_picked":["Negative_Energy_Mist+1","Strike_from_Beyond"],"picked":"Toxic_Smoke_Screen+1","floor":28},{"not_picked":["Panacea","expansioncontent:SuperHexaguard"],"picked":"Summon_Lich","floor":30},{"not_picked":["hubris:EnhanceAbility","expansioncontent:QuickStudy"],"picked":"EpicFetus","floor":31},{"not_picked":["EpicFetus","Reap_The_Weak"],"picked":"Summon_Death_Knight","floor":33},{"not_picked":["REME_TwoStrings+1","Death_March_Dance","expansioncontent:Hexaburn"],"picked":"SKIP","floor":35},{"not_picked":["Shackles_Of_Pain+1","expansioncontent:GuardianWhirl+1"],"picked":"Sharp Hide","floor":37},{"not_picked":["Degenerate","Negative_Energy_Sphere"],"picked":"Summon_Lich","floor":41},{"not_picked":["ReplayTheSpireMod:Necrogeddon","Grasp_Heart"],"picked":"Apotheosis","floor":46},{"not_picked":["Blood_Curse","Bone_Armor+1"],"picked":"expansioncontent:SuperHexaguard","floor":47},{"not_picked":["Feint","Chrysalis"],"picked":"Reforge","floor":48},{"not_picked":["Finger_Of_Death","Plague_Bolt"],"picked":"expansioncontent:Chronoboost","floor":52},{"not_picked":["expansioncontent:DonusPower","Shackles_Of_Pain","Bone_Spikes+1"],"picked":"SKIP","floor":53},{"not_picked":["ReplayTheSpireMod:??????????????????????","infinitespire:Oblivion"],"picked":"hubris:InfiniteBlow+657","floor":54},{"not_picked":["hubris:Ssssneak","StuffTheSpire:PlasmaPunch+1"],"picked":"Bone_Prison","floor":57}],"player_experience":3980128,"relics_obtained":[{"floor":5.0,"key":"wanderingMiniBosses:LockLocket"},{"floor":7.0,"key":"Damocles"},{"floor":8.0,"key":"qcfpunch:Spiky_Bracers"},{"floor":9.0,"key":"StuffTheSpire:Gunfinga"},{"floor":11,"key":"Replay:Wax Seal"},{"floor":11,"key":"Bag of Preparation"},{"floor":14,"key":"StuffTheSpire:Tea"},{"floor":18,"key":"Shuriken"},{"floor":26,"key":"Letter Opener"},{"floor":26,"key":"reliquary:TridentHead"},{"floor":27,"key":"The Courier"},{"floor":31,"key":"infinitespire:Beetle Shell"},{"floor":43,"key":"D6"},{"floor":43,"key":"Dota2Spire:OctarineCore"},{"floor":46,"key":"Calipers"},{"floor":48,"key":"StuffTheSpire:Experiment12"},{"floor":57,"key":"paleoftheancients:SoulOfTheHexaghost"}],"event_choices":[{"damage_healed":0.0,"max_hp_gain":0.0,"max_hp_loss":0.0,"gold_gain":0.0,"event_name":"conspire:Investor","player_choice":"Leave","floor":3.0,"gold_loss":0.0,"damage_taken":0.0},{"damage_healed":0,"gold_gain":0,"player_choice":"2","damage_taken":0,"max_hp_gain":0,"max_hp_loss":0,"event_name":"betterMatch:BetterMatch","floor":13,"gold_loss":0,"cards_obtained":["betterMatch:CommonCard"]}],"is_beta":false,"boss_relics":[{"not_picked":["energizedSpire:CursedPentagram","Replay:Wanted Poster"],"picked":"hubris:Backtick"},{"not_picked":[]},{"not_picked":["energizedSpire:HugeHouse","reliquary:Ember"],"picked":"Abe\u0027s Treasure"},{"not_picked":[]}],"items_purged_floors":[2],"is_endless":false,"potions_floor_spawned":[7,11,16,18,20,27,31,33,37,41,46,57],"ascension_level":20,"is_humility":true}}