{"host":"y1szee8ni6ct8kxl","time":1612059845,"event":{"mods":["BaseMod","Friendly Minions","Infinite Spire","Minty Spire (QoL Compilation)","Replay The Spire","StSLib","Td1madao Mod","The Disciple","The Druid","The Hierophant","The Judge","The Jungle","The Necromancer","The Servant 0.9.4"],"gold_per_floor":[112,112,129,304,304,335,353,353,400,412,412,412,431,447,447,547,547,561,451,451,461,481,481,493,493,493,493,503,27,27,2,76,173,173,191,191,541,3,19,19,19,30,30,30,49,49,49],"floor_reached":46,"language":"ENG","playtime":3768,"items_purged":["Spreading Infection"],"score":570,"play_id":"9ba7cc85-b807-48b1-89b0-c13ea791cbac","local_time":"20210130212405","is_ascension_mode":false,"campfire_choices":[{"floor":8,"key":"REST"},{"floor":11,"key":"REST"},{"floor":15,"key":"REST"},{"floor":23,"key":"REST"},{"floor":25,"key":"REST"},{"floor":27,"key":"RECALL"},{"floor":30,"key":"REST"},{"floor":40,"key":"REST"},{"floor":44,"key":"REST"}],"circlet_count":0,"master_deck":["Strike_W","Strike_W","Strike_W","Strike_W","Defend_W","Defend_W","Defend_W","Defend_W","Negative_Energy_Arrows","Bone_Wall","Finger_Of_Death","Bone_Spikes","Doubt","Bone_Armor","Shackles_Of_Pain","Siphon_Strength","Negative_Energy_Shield","Summon_Undead_Army","Summon_Death_Knight","Negative_Energy_Mist","Summon_Undead_Army","Life_Drain","Blood_Magic","Consume_Illness","Necrotic_Claws+1","Bone_Spikes+1","Consume_Illness","ReplayTheSpireMod:??????????????????????","Bone_Armory","Grasp_Heart","WordoMod:Petrified","Sickly","Epidemic+1","Negative_Energy_Sphere+1","Death_Knell+1","Acid_Javelin+1","ReplayTheSpireMod:Necrogeddon+1","Detonate_Bones+1","Decay","Negative_Energy_Sphere+1","Bone_Prison","Parasite"],"relics":["Vampire_Amulet","Bag of Preparation","Blue Doll","Sozu","Replay:Ancient Bell","Ancient Tea Set","Molten Egg 2","Durian","Old Coin","PreservedInsect","Bottled Tornado"],"acts_visited":["Exordium","Exordium","TheBeyond"],"potions_floor_usage":[16,16,33,33],"damage_taken":[{"damage":9,"enemies":"Jaw Worm","floor":1,"turns":6},{"damage":7,"enemies":"Small Slimes","floor":3,"turns":4},{"damage":33,"enemies":"Gremlin Nob","floor":6,"turns":5},{"damage":4,"enemies":"Cultist","floor":7,"turns":4},{"damage":4,"enemies":"2 Fungi Beasts","floor":10,"turns":4},{"damage":23,"enemies":"3 Louse","floor":13,"turns":5},{"damage":11,"enemies":"Large Slime","floor":14,"turns":7},{"damage":53,"enemies":"Slime Boss","floor":16,"turns":13},{"damage":26,"enemies":"theJungle:Flameango_and_Byrd","floor":18,"turns":7},{"damage":24,"enemies":"theJungle:GiantWrat","floor":21,"turns":6},{"damage":25,"enemies":"theJungle:2_Flameangoes","floor":22,"turns":8},{"damage":24,"enemies":"theJungle:2_Snecko_Cultists","floor":24,"turns":5},{"damage":18,"enemies":"theJungle:JungleHuntersEncounter","floor":28,"turns":7},{"damage":111,"enemies":"theJungle:TotemBoss","floor":33,"turns":12},{"damage":23,"enemies":"3 Shapes","floor":35,"turns":8},{"damage":22,"enemies":"Mind Bloom Boss Battle","floor":37,"turns":5},{"damage":25,"enemies":"Orb Walker","floor":39,"turns":4},{"damage":66,"enemies":"Spire Growth","floor":42,"turns":6},{"damage":12,"enemies":"Transient","floor":45,"turns":5},{"damage":53,"enemies":"Writhing Mass","floor":46,"turns":4}],"seed_played":"2031523380204611207","potions_obtained":[{"floor":6,"key":"Regen Potion"},{"floor":7,"key":"Weak Potion"},{"floor":13,"key":"LiquidMemories"},{"floor":16,"key":"Fire Potion"}],"is_trial":false,"path_per_floor":["M","?","M","?","?","E","M","R","T","M","R","?","M","M","R","B",null,"M","$","?","M","M","R","M","R","T","R","M","?","R","$","R","B",null,"M","?","?","$","M","R","?","M","T","R","M","M"],"character_chosen":"NECROMANCER","items_purchased":["Summon_Undead_Army","Life_Drain","Bone_Armory","PreservedInsect","Death_Knell+1","Acid_Javelin+1","ReplayTheSpireMod:Necrogeddon+1"],"campfire_rested":8,"item_purchase_floors":[19,19,31,38,38,38,38],"current_hp_per_floor":[75,75,72,72,72,41,39,63,63,63,82,82,65,58,82,37,82,60,60,60,44,33,57,46,70,70,70,62,62,82,82,82,9,87,76,76,64,64,47,73,73,15,15,41,31,0,0],"gold":49,"neow_bonus":"TEN_PERCENT_HP_BONUS","is_daily":false,"chose_seed":false,"campfire_upgraded":0,"win_rate":0.0,"timestamp":1612059845,"path_taken":["M","?","M","?","?","E","M","R","T","?","R","?","M","M","R","BOSS","M","$","?","M","?","R","M","R","T","R","M","?","R","$","R","BOSS","M","?","?","$","M","R","?","M","T","R","M","M"],"items_purchased_type":["Card","Card","Card","Relic","Card","Card","Card"],"build_version":"2020-12-22","purchased_purges":1,"victory":false,"max_hp_per_floor":[82,82,82,82,82,82,82,82,82,82,82,82,82,82,82,82,82,82,82,82,82,82,82,82,82,82,82,82,82,82,82,82,82,87,87,87,87,87,87,87,87,87,87,87,87,87,87],"card_choices":[{"not_picked":["Negative_Energy_Shield","Strike_from_Beyond"],"picked":"Finger_Of_Death","floor":1},{"not_picked":["Negative_Energy_Burst","Skeleton_Dragon"],"picked":"Bone_Spikes","floor":3},{"not_picked":["Reap_The_Weak","Negative_Energy_Javelin"],"picked":"Bone_Armor","floor":6},{"not_picked":["Bone_Bullets","Violent_Necrosis"],"picked":"Shackles_Of_Pain","floor":7},{"not_picked":["Negative_Energy_Bomb","Negative_Energy_Mist"],"picked":"Siphon_Strength","floor":10},{"not_picked":["Shackles_Of_Pain","Death_Coil"],"picked":"Negative_Energy_Shield","floor":13},{"not_picked":["Negative_Energy_Sphere","Death_Coil"],"picked":"Summon_Undead_Army","floor":14},{"not_picked":["Hellfire","Skeleton_Dragon"],"picked":"Summon_Death_Knight","floor":16},{"not_picked":["Finger_Of_Death","Necromantic_Selection"],"picked":"Negative_Energy_Mist","floor":18},{"not_picked":["Necromantic_Selection","Negative_Energy_Shield"],"picked":"Consume_Illness","floor":21},{"not_picked":["Scare+1","Bone_Spikes"],"picked":"Necrotic_Claws+1","floor":22},{"not_picked":["Negative_Energy_Mist","Flesh_Made_Foul"],"picked":"Bone_Spikes+1","floor":24},{"not_picked":["Bone_Armor","Negative_Energy_Javelin"],"picked":"Consume_Illness","floor":28},{"not_picked":["infinitespire:Execution","ReplayTheSpireMod:Chaos Vortex"],"picked":"ReplayTheSpireMod:??????????????????????","floor":29},{"not_picked":["Skeleton_Dragon","Requiem"],"picked":"Grasp_Heart","floor":33},{"not_picked":["AbeCurse","Looming Evil"],"picked":"Spreading Infection","floor":34},{"not_picked":["WordoMod:Infected","AbeCurse"],"picked":"WordoMod:Petrified","floor":34},{"not_picked":["Hallucinations","infinitespire:Pacifist"],"picked":"Sickly","floor":34},{"not_picked":["Negative_Energy_Shield","Violent_Necrosis+1"],"picked":"Epidemic+1","floor":35},{"not_picked":["Chill_Blood+1","Death_Coil+1"],"picked":"Negative_Energy_Sphere+1","floor":37},{"not_picked":["Strike_from_Beyond+1","Life_Tap+1"],"picked":"Detonate_Bones+1","floor":39},{"not_picked":["Bone_Spikes+1","Scare"],"picked":"Negative_Energy_Sphere+1","floor":42},{"not_picked":["Exploit+1","Vampiric_Strike+1"],"picked":"Bone_Prison","floor":45}],"player_experience":46329,"relics_obtained":[{"floor":6,"key":"Bag of Preparation"},{"floor":9,"key":"Blue Doll"},{"floor":37,"key":"Old Coin"},{"floor":43,"key":"Bottled Tornado"}],"event_choices":[{"damage_healed":0,"gold_gain":175,"player_choice":"AGREE","damage_taken":0,"max_hp_gain":0,"max_hp_loss":0,"event_name":"Liars Game","floor":4,"gold_loss":0,"cards_obtained":["Doubt"]},{"damage_healed":0,"gold_gain":0,"player_choice":"Ignored","damage_taken":0,"max_hp_gain":0,"max_hp_loss":0,"event_name":"Shining Light","floor":5,"gold_loss":0},{"damage_healed":0,"gold_gain":0,"player_choice":"Ignored","damage_taken":0,"max_hp_gain":0,"max_hp_loss":0,"event_name":"Golden Idol","floor":12,"gold_loss":0},{"damage_healed":0,"gold_gain":0,"player_choice":"1 cards matched","damage_taken":0,"max_hp_gain":0,"max_hp_loss":0,"event_name":"Match and Keep!","floor":20,"gold_loss":0,"cards_obtained":["Blood_Magic"]},{"damage_healed":0,"gold_gain":0,"player_choice":"Fight","damage_taken":0,"max_hp_gain":0,"max_hp_loss":0,"event_name":"MindBloom","floor":37,"gold_loss":0},{"damage_healed":0,"gold_gain":0,"player_choice":"Cursed","damage_taken":0,"max_hp_gain":0,"max_hp_loss":0,"event_name":"Wheel of Change","floor":41,"gold_loss":0,"cards_obtained":["Decay"]}],"is_beta":false,"boss_relics":[{"not_picked":["Ring of Chaos","Astrolabe"],"picked":"Sozu"},{"not_picked":["Replay:Grab Bag","Replay:Drink Me"],"picked":"Replay:Ancient Bell"},{"not_picked":["Juzu Bracelet","Orichalcum"],"picked":"Ancient Tea Set"},{"not_picked":["infinitespire:Bottled Soul","infinitespire:Midas Blood"],"picked":"Molten Egg 2"},{"not_picked":["Replay:Multitool","Replay:Towering Pillar of Hats"],"picked":"Durian"}],"items_purged_floors":[38],"is_endless":false,"potions_floor_spawned":[6,7,13,16,22,24,35,39,45],"killed_by":"Writhing Mass","ascension_level":0}}