{"host":"xgcc5ip1oqrpkma6","time":1612114206,"event":{"mods":["AlwaysNeverKeys","BaseMod","Better-Laid Plans","Colored Map","Disable Question Mark Monsters","Highlight Path","Minty Spire (QoL Compilation)","Permanent Neow","Quick Restart","StSLib"],"gold_per_floor":[10,10,27,27,27,52,62,162,186,204,59,59,71,103,115,232,244,271,303,22,22,35,35,35,35,90,116,139,139,166,166,166],"floor_reached":31,"language":"ENG","playtime":4055,"items_purged":[],"score":237,"play_id":"2af48c11-5958-472f-828e-2d2356b26819","local_time":"20210131133006","is_ascension_mode":false,"campfire_choices":[{"data":"Eruption","floor":13,"key":"SMITH"},{"data":"Collect","floor":15,"key":"SMITH"},{"data":"Vigilance","floor":23,"key":"SMITH"},{"data":"Perseverance","floor":25,"key":"SMITH"},{"data":"Scrawl","floor":29,"key":"SMITH"}],"circlet_count":0,"master_deck":["Strike_P","Strike_P","Strike_P","Strike_P","Defend_P","Defend_P","Defend_P","Eruption+1","Vigilance+1","Scrawl+1","FlurryOfBlows","Prostrate","InnerPeace","TalkToTheHand","FlurryOfBlows","Collect+1","DeusExMachina","Evaluate+1","CarveReality","FearNoEvil","Perseverance+1","Wallop","Evaluate","Collect"],"relics":["PureWater","FossilizedHelix","Juzu Bracelet","MealTicket","Lee\u0027s Waffle","Busted Crown","Incense Burner","Nloth\u0027s Gift","CeramicFish"],"acts_visited":["Exordium","TheCity"],"potions_floor_usage":[7,19,22,31],"damage_taken":[{"damage":2,"enemies":"2 Louse","floor":1,"turns":3},{"damage":0,"enemies":"Cultist","floor":3,"turns":2},{"damage":36,"enemies":"3 Sentries","floor":6,"turns":7},{"damage":0,"enemies":"Jaw Worm","floor":7,"turns":2},{"damage":5,"enemies":"Lots of Slimes","floor":10,"turns":5},{"damage":7,"enemies":"Exordium Wildlife","floor":14,"turns":3},{"damage":63,"enemies":"Hexaghost","floor":16,"turns":11},{"damage":10,"enemies":"2 Thieves","floor":18,"turns":4},{"damage":0,"enemies":"3 Byrds","floor":19,"turns":4},{"damage":20,"enemies":"3 Cultists","floor":22,"turns":4},{"damage":15,"enemies":"Centurion and Healer","floor":27,"turns":5},{"damage":0,"enemies":"Sentry and Sphere","floor":28,"turns":4},{"damage":0,"enemies":"Shelled Parasite and Fungi","floor":30,"turns":3},{"damage":52,"enemies":"Chosen and Byrds","floor":31,"turns":6}],"seed_played":"7065429401518698782","potions_obtained":[{"floor":1,"key":"Ancient Potion"},{"floor":6,"key":"AttackPotion"},{"floor":18,"key":"Explosive Potion"},{"floor":19,"key":"SpeedPotion"},{"floor":28,"key":"EssenceOfSteel"}],"is_trial":false,"path_per_floor":["M","?","M","T","$","E","M","?","T","M","$","?","R","M","R","B",null,"M","M","$","?","M","R","?","R","T","M","M","R","M","M"],"character_chosen":"WATCHER","items_purchased":["Lee\u0027s Waffle","Incense Burner"],"campfire_rested":0,"item_purchase_floors":[11,20],"current_hp_per_floor":[70,70,70,70,70,34,34,34,34,29,79,72,72,65,65,2,79,69,69,79,79,59,59,59,59,59,44,44,44,44,0,0],"gold":166,"neow_bonus":"THREE_RARE_CARDS","is_daily":false,"chose_seed":false,"campfire_upgraded":5,"win_rate":0.0,"timestamp":1612114206,"path_taken":["M","?","?","?","?","E","M","?","T","M","$","?","R","M","R","BOSS","M","M","$","?","M","R","?","R","T","M","M","R","M","M"],"items_purchased_type":["Relic","Relic"],"build_version":"2020-12-22","purchased_purges":0,"victory":false,"max_hp_per_floor":[72,72,72,72,72,72,72,72,72,72,79,79,79,79,79,79,79,79,79,79,79,79,79,79,79,79,79,79,79,79,79,79],"card_choices":[{"not_picked":["Ragnarok","Vault"],"picked":"Scrawl","floor":0},{"not_picked":["Protect","FollowUp"],"picked":"FlurryOfBlows","floor":1},{"not_picked":["Meditate","Crescendo"],"picked":"Prostrate","floor":3},{"not_picked":["EmptyFist","Worship"],"picked":"InnerPeace","floor":6},{"not_picked":["Wallop","WheelKick"],"picked":"TalkToTheHand","floor":7},{"not_picked":["SashWhip","WindmillStrike"],"picked":"FlurryOfBlows","floor":10},{"not_picked":["Meditate","CarveReality"],"picked":"Collect","floor":14},{"not_picked":["Omniscience","Wish"],"picked":"DeusExMachina","floor":16},{"not_picked":[],"picked":"Evaluate+1","floor":18},{"not_picked":[],"picked":"CarveReality","floor":19},{"not_picked":[],"picked":"FearNoEvil","floor":22},{"not_picked":[],"picked":"Wallop","floor":27},{"not_picked":[],"picked":"Evaluate","floor":28},{"not_picked":[],"picked":"Collect","floor":30}],"player_experience":783463,"relics_obtained":[{"floor":4,"key":"FossilizedHelix"},{"floor":6,"key":"Juzu Bracelet"},{"floor":9,"key":"MealTicket"},{"floor":26,"key":"CeramicFish"}],"event_choices":[{"cards_removed":["Defend_P"],"damage_healed":0,"gold_gain":0,"player_choice":"Card Removal","damage_taken":0,"max_hp_gain":0,"max_hp_loss":0,"event_name":"Wheel of Change","floor":2,"gold_loss":0},{"damage_healed":0,"gold_gain":100,"player_choice":"Pray","damage_taken":0,"max_hp_gain":0,"max_hp_loss":0,"event_name":"Golden Shrine","floor":8,"gold_loss":0},{"damage_healed":0,"gold_gain":0,"player_choice":"Success","damage_taken":7,"relics_obtained":["MawBank"],"max_hp_gain":0,"max_hp_loss":0,"event_name":"Scrap Ooze","floor":12,"gold_loss":0},{"damage_healed":0,"gold_gain":0,"player_choice":"Traded Relic","damage_taken":0,"relics_obtained":["Nloth\u0027s Gift"],"max_hp_gain":0,"max_hp_loss":0,"event_name":"N\u0027loth","floor":21,"relics_lost":["MawBank"],"gold_loss":0},{"damage_healed":0,"gold_gain":0,"player_choice":"Read","damage_taken":0,"max_hp_gain":0,"max_hp_loss":0,"event_name":"The Library","floor":24,"gold_loss":0,"cards_obtained":["Perseverance"]}],"is_beta":false,"boss_relics":[{"not_picked":["Calling Bell","Ectoplasm"],"picked":"Busted Crown"}],"items_purged_floors":[],"is_endless":false,"potions_floor_spawned":[1,6,18,19,28],"killed_by":"Chosen and Byrds","ascension_level":0}}