{"host":"w4itzgfiflucot85","time":1612106274,"event":{"mods":["2.2 Compatiblity","BaseMod","Bestiary","Better Note","BetterRewards","Colored Map","Conspire","Highlight Path","Infinite Spire","Minty Spire (QoL Compilation)","Permanent Neow","Replay The Spire","StSLib","The Dragon Tamer","The Jungle"],"gold_per_floor":[109,126,139,159,234,234,259,259,259,294,294,324,338,358,358,458,458,478,496,516,532,546,573,588,588,615,615,625,645,674,674,674,775,775,863,145,235,324,415,517,517,627,627,627,752,271,271,363,363,363,363,363,25,130,130],"floor_reached":56,"language":"ENG","playtime":2748,"items_purged":["DTMod:Strike","DTMod:Strike+1"],"score":1393,"play_id":"090b1d3c-0436-458d-861b-a47b82bd33f8","local_time":"20210131101754","is_ascension_mode":true,"metric_token":979,"campfire_choices":[{"data":"DTMod:InvisibleFlame","floor":6,"key":"SMITH"},{"data":"DTMod:DoubleHit","floor":8,"key":"SMITH"},{"data":"DTMod:SwitchingTactic","floor":15,"key":"SMITH"},{"data":"DTMod:SealedStrike+1","floor":25,"key":"SMITH"},{"data":"DTMod:SealedStrike+2","floor":27,"key":"SMITH"},{"data":"DTMod:SealedStrike+3","floor":32,"key":"SMITH"},{"data":"DTMod:SealedStrike+4","floor":41,"key":"SMITH"},{"floor":44,"key":"RECALL"},{"data":"DTMod:Haste","floor":47,"key":"SMITH"},{"floor":49,"key":"REST"},{"floor":52,"key":"REST"}],"dtmod_dragon_data":[24,50,1,4,8,1],"circlet_count":0,"master_deck":["DTMod:Strike+1","DTMod:DoubleHit+1","DTMod:TargetDefense+1","DTMod:TargetDefense+1","DTMod:TargetDefense+1","DTMod:SwitchingTactic+1","DTMod:QuickFly+1","DTMod:Adaptation+1","DTMod:InvisibleFlame+1","DTMod:HeatWave+1","DTMod:BalancedStrike+1","DTMod:QuickFly+1","DTMod:WarmUp+1","DTMod:PurifyingFlame+1","DTMod:MagicField+1","DTMod:Outburst+1","DTMod:Shift+1","DTMod:HeatWave+1","DTMod:Hide+1","DTMod:RecklessFlurry+1","DTMod:SealedStrike+5","DTMod:BalancedStrike+1","DTMod:FlameSlash+1","DTMod:PurifyingFlame+1","DTMod:DarkBreath+1","DTMod:Astonish+1","DTMod:HeadStart+1","DTMod:ForkedFire+1","DTMod:Dissolve+1","DTMod:DragonDance+1","DTMod:MagicField+1","DTMod:MagicField+1","DTMod:Conduct+1","DTMod:MagicField+1","DTMod:CleansingStrike+1","DTMod:TauntingStrike+1","DTMod:Haste+1","DTMod:DragonDance"],"relics":["DTMod:PactStone","Molten Egg 2","Mirror","Blue Candle","The Courier","SlaversCollar","Vajra","Replay:Baseball","Orichalcum","DTMod:TheChair","DTMod:SolidMemories","conspire:GlowingRock","Omamori","Smiling Mask","Prayer Wheel","Simple Rune","Anchor","Replay:Accelerometer"],"acts_visited":["Exordium","theJungle:Jungle","TheBeyond","TheEnding"],"potions_floor_usage":[21,24,54,54],"damage_taken":[{"damage":0,"enemies":"2 Louse","floor":1,"turns":2},{"damage":0,"enemies":"Small Slimes","floor":2,"turns":3},{"damage":0,"enemies":"Cultist","floor":3,"turns":3},{"damage":2,"enemies":"conspire:2 RoseBushes","floor":4,"turns":6},{"damage":4,"enemies":"Replay:BlueRogue","floor":7,"turns":6},{"damage":7,"enemies":"Lagavulin","floor":10,"turns":5},{"damage":0,"enemies":"3 Sentries","floor":12,"turns":5},{"damage":0,"enemies":"Exordium Thugs","floor":13,"turns":4},{"damage":0,"enemies":"Large Slime","floor":14,"turns":4},{"damage":3,"enemies":"Hexaghost","floor":16,"turns":9},{"damage":0,"enemies":"theJungle:MUSHROOMGANG","floor":18,"turns":4},{"damage":0,"enemies":"theJungle:5_Spyders","floor":19,"turns":7},{"damage":0,"enemies":"theJungle:Lyon","floor":20,"turns":5},{"damage":0,"enemies":"Snake Plant","floor":21,"turns":5},{"damage":0,"enemies":"theJungle:SlimyTreeVines","floor":22,"turns":5},{"damage":0,"enemies":"theJungle:Cassacara","floor":23,"turns":3},{"damage":0,"enemies":"theJungle:2_Snecko_Cultists","floor":24,"turns":2},{"damage":11,"enemies":"theJungle:Lyon","floor":28,"turns":3},{"damage":2,"enemies":"theJungle:SlimyTreeVines","floor":29,"turns":5},{"damage":0,"enemies":"theJungle:MamaSnecko","floor":30,"turns":5},{"damage":1,"enemies":"theJungle:QueenSpyder","floor":33,"turns":6},{"damage":0,"enemies":"3 Shapes","floor":35,"turns":2},{"damage":0,"enemies":"Orb Walker","floor":37,"turns":2},{"damage":1,"enemies":"Writhing Mass","floor":38,"turns":6},{"damage":1,"enemies":"4 Shapes","floor":39,"turns":3},{"damage":7,"enemies":"Nemesis","floor":40,"turns":7},{"damage":0,"enemies":"Giant Head","floor":42,"turns":5},{"damage":0,"enemies":"Mind Bloom Boss Battle","floor":45,"turns":5},{"damage":0,"enemies":"3 Darklings","floor":48,"turns":2},{"damage":0,"enemies":"Time Eater","floor":50,"turns":7},{"damage":0,"enemies":"Shield and Spear","floor":54,"turns":3},{"damage":0,"enemies":"The Heart","floor":55,"turns":1}],"seed_played":"-6558363893755189843","potions_obtained":[{"floor":2,"key":"Block Potion"},{"floor":4,"key":"EssenceOfSteel"},{"floor":7,"key":"AttackPotion"},{"floor":28,"key":"Reflective Coating"},{"floor":29,"key":"Flashbang"},{"floor":54,"key":"Weak Potion"}],"is_trial":false,"path_per_floor":["M","M","M","M","?","R","E","R","T","E","?","E","M","M","R","B",null,"M","M","M","M","M","E","M","R","T","R","M","M","E","?","R","B",null,"M","$","M","M","M","E","R","E","T","R","?","?","R","M","R","B",null,"R","$","E","B",null],"character_chosen":"THE_DT","items_purchased":["DTMod:Dissolve","DTMod:SolidMemories","conspire:GlowingRock","DTMod:DragonDance","DTMod:MagicField","DTMod:MagicField","Simple Rune","Anchor","DTMod:DragonDance"],"campfire_rested":2,"item_purchase_floors":[36,36,36,36,36,36,53,53,53],"current_hp_per_floor":[45,45,45,43,32,32,28,28,28,21,21,21,21,21,21,18,45,45,45,45,45,45,45,45,45,45,45,34,32,32,32,32,31,45,45,45,45,44,43,36,36,36,36,36,36,36,36,36,45,45,45,45,45,45,45],"gold":130,"neow_bonus":"REMOVE_CARD","is_daily":false,"chose_seed":false,"campfire_upgraded":8,"win_rate":0.0,"timestamp":1612106274,"path_taken":["M","M","M","M","?","R","E","R","T","E","?","E","M","?","R","BOSS","M","M","M","M","M","E","M","R","T","R","M","M","E","?","R","BOSS","M","$","M","M","M","E","R","E","T","R","?","?","R","M","R","BOSS","R","$","E","BOSS"],"items_purchased_type":["Card","Relic","Relic","Card","Card","Card","Relic","Relic","Card"],"build_version":"2020-12-22","purchased_purges":2,"victory":true,"max_hp_per_floor":[45,45,45,45,45,45,45,45,45,45,45,45,45,45,45,45,45,45,45,45,45,45,45,45,45,45,45,45,45,45,45,45,45,45,45,45,45,45,45,45,45,45,45,45,45,45,45,45,45,45,45,45,45,45,45],"card_choices":[{"not_picked":["DTMod:BlazingStrike","DTMod:Cover"],"picked":"DTMod:QuickFly","floor":1},{"not_picked":["DTMod:Punisher","DTMod:StarRain"],"picked":"DTMod:Adaptation","floor":2},{"not_picked":["DTMod:Threaten","DTMod:MasterPlan"],"picked":"DTMod:InvisibleFlame","floor":3},{"not_picked":["DTMod:MagicField","DTMod:BlazingStrike"],"picked":"DTMod:HeatWave","floor":4},{"not_picked":["DTMod:FlameSlash+1","DTMod:Hide"],"picked":"DTMod:BalancedStrike+1","floor":7},{"not_picked":["DTMod:Cover","DTMod:LightShield"],"picked":"DTMod:QuickFly+1","floor":10},{"not_picked":["DTMod:BurningEnergy","DTMod:Feint+1"],"picked":"DTMod:WarmUp","floor":12},{"not_picked":["DTMod:Cover","DTMod:BlazingStrike+1"],"picked":"DTMod:PurifyingFlame+1","floor":13},{"not_picked":["DTMod:Weaken","DTMod:BurningEnergy"],"picked":"DTMod:MagicField","floor":14},{"not_picked":["DTMod:Multitask","DTMod:Prediction"],"picked":"DTMod:Outburst","floor":16},{"not_picked":["DTMod:Feint+1","DTMod:Overwhelm"],"picked":"DTMod:Shift","floor":18},{"not_picked":["DTMod:Weaken","DTMod:Cover"],"picked":"DTMod:HeatWave+1","floor":19},{"not_picked":["DTMod:Haste","DTMod:BurningEnergy"],"picked":"DTMod:Hide+1","floor":20},{"not_picked":["DTMod:HeatWave+1","DTMod:DeepFocus"],"picked":"DTMod:RecklessFlurry+1","floor":21},{"not_picked":["DTMod:Threaten","DTMod:MasterPlan"],"picked":"DTMod:SealedStrike+1","floor":22},{"not_picked":["DTMod:WarmUp","DTMod:ComboAttack+1"],"picked":"DTMod:BalancedStrike+1","floor":23},{"not_picked":["DTMod:BuildUp+1","DTMod:Feint+1"],"picked":"DTMod:FlameSlash+1","floor":24},{"not_picked":["DTMod:ComboAttack+1","DTMod:BizarreTactic"],"picked":"DTMod:PurifyingFlame+1","floor":28},{"not_picked":["DTMod:MaximumCharge+1","DTMod:MagicField"],"picked":"DTMod:DarkBreath+1","floor":29},{"not_picked":["DTMod:BuildUp+1","DTMod:BurningEnergy"],"picked":"DTMod:Astonish+1","floor":30},{"not_picked":["DTMod:Safeguard","DTMod:LightShield"],"picked":"DTMod:HeadStart","floor":33},{"not_picked":["DTMod:Adaptation","DTMod:MagicField+1"],"picked":"DTMod:ForkedFire+1","floor":35},{"not_picked":["DTMod:Observe","DTMod:BreakAttack+1"],"picked":"DTMod:Conduct","floor":37},{"not_picked":["DTMod:Training+1","DTMod:Weaken"],"picked":"DTMod:MagicField+1","floor":38},{"not_picked":["DTMod:BurningEnergy","DTMod:BizarreTactic+1"],"picked":"DTMod:CleansingStrike+1","floor":39},{"not_picked":["DTMod:CalculatedDefense","DTMod:Coolant"],"picked":"DTMod:TauntingStrike+1","floor":40},{"not_picked":["DTMod:Hide+1","DTMod:HeatWave+1"],"picked":"DTMod:Haste","floor":42},{"not_picked":["infinitespire:Punishment","ReplayTheSpireMod:Chaos Vortex"],"picked":"infinitespire:SealOfDarkness+","floor":46},{"not_picked":["DTMod:PurifyingFlame+1","DTMod:BurningEnergy+1","DTMod:SneakAttack+1"],"picked":"SKIP","floor":48},{"not_picked":["DTMod:Harmonize","DTMod:BurningEnergy+1","DTMod:BlazingStrike+1"],"picked":"SKIP","floor":48},{"not_picked":["DTMod:MasterPlan","DTMod:Weaken+1","DTMod:BreakAttack+1"],"picked":"SKIP","floor":54}],"player_experience":144011,"relics_obtained":[{"floor":7,"key":"Molten Egg 2"},{"floor":9,"key":"Mirror"},{"floor":10,"key":"Blue Candle"},{"floor":12,"key":"The Courier"},{"floor":23,"key":"Vajra"},{"floor":26,"key":"Replay:Baseball"},{"floor":30,"key":"Orichalcum"},{"floor":40,"key":"Omamori"},{"floor":42,"key":"Smiling Mask"},{"floor":45,"key":"Prayer Wheel"},{"floor":54,"key":"Replay:Accelerometer"}],"event_choices":[{"damage_healed":0,"gold_gain":75,"player_choice":"Gather Gold","damage_taken":11,"max_hp_gain":0,"max_hp_loss":0,"event_name":"World of Goop","floor":5,"gold_loss":0},{"damage_healed":0,"gold_gain":0,"player_choice":"Bought 0 Potions","damage_taken":0,"max_hp_gain":0,"max_hp_loss":0,"event_name":"The Woman in Blue","floor":11,"gold_loss":0},{"cards_removed":["DTMod:Strike"],"damage_healed":0,"gold_gain":0,"player_choice":"Card Removal","damage_taken":0,"max_hp_gain":0,"max_hp_loss":0,"event_name":"Wheel of Change","floor":31,"gold_loss":0},{"damage_healed":0,"gold_gain":0,"player_choice":"Fight","damage_taken":0,"max_hp_gain":0,"max_hp_loss":0,"event_name":"MindBloom","floor":45,"gold_loss":0}],"is_beta":false,"boss_relics":[{"not_picked":["Black Star","Snecko Eye"],"picked":"SlaversCollar"},{"not_picked":["Calling Bell","infinitespire:Cupcake"],"picked":"DTMod:TheChair"}],"items_purged_floors":[36,53],"is_endless":false,"potions_floor_spawned":[2,4,7,10,18,20,28,29,30,33,35,39,48,54],"ascension_level":2}}