{"host":"Jedit","time":1612054815,"event":{"mods":["BaseMod","Minty Spire (QoL Compilation)","Relic Stats","StSLib"],"gold_per_floor":[117,117,117,133,147,186,37,73,73,73,73,116,135,176,176,176,176],"floor_reached":16,"language":"ENG","playtime":626,"items_purged":[],"score":256,"play_id":"87e1a93a-ddcc-4115-8a64-7a5dcf3605d3","local_time":"20210131010015","is_ascension_mode":true,"campfire_choices":[{"floor":10,"key":"REST"},{"floor":15,"key":"REST"}],"circlet_count":0,"master_deck":["AscendersBane","Strike_G","Strike_G","Strike_G","Strike_G","Strike_G","Defend_G","Defend_G","Defend_G","Defend_G","Defend_G","Survivor","Neutralize","Slice","Neutralize","Flying Knee","Dodge and Roll","Blade Dance","Crippling Poison","Choke","Deadly Poison","Footwork","Tools of the Trade","Dagger Spray"],"relics":["Ring of the Snake","NeowsBlessing","Golden Idol","Art of War","WingedGreaves","Sundial","Dream Catcher","Bottled Flame"],"acts_visited":["Exordium"],"potions_floor_usage":[6,12],"damage_taken":[{"damage":0,"enemies":"Small Slimes","floor":1,"turns":1},{"damage":0,"enemies":"Jaw Worm","floor":4,"turns":1},{"damage":0,"enemies":"Cultist","floor":5,"turns":1},{"damage":38,"enemies":"Lagavulin","floor":6,"turns":6},{"damage":35,"enemies":"3 Sentries","floor":8,"turns":11},{"damage":20,"enemies":"Lagavulin","floor":12,"turns":7},{"damage":3,"enemies":"Looter","floor":13,"turns":3},{"damage":30,"enemies":"3 Sentries","floor":14,"turns":10},{"damage":44,"enemies":"Slime Boss","floor":16,"turns":8}],"seed_played":"6802623354210746958","potions_obtained":[{"floor":1,"key":"SmokeBomb"},{"floor":5,"key":"FearPotion"},{"floor":8,"key":"DistilledChaos"}],"is_trial":false,"path_per_floor":["M","?","?","M","M","E","$","E","T","R","?","E","M","E","R","B"],"character_chosen":"THE_SILENT","items_purchased":["FairyPotion","Crippling Poison"],"campfire_rested":2,"item_purchase_floors":[7,7],"current_hp_per_floor":[59,59,59,59,59,21,21,11,11,29,70,50,47,17,38,0,0],"gold":176,"neow_bonus":"THREE_ENEMY_KILL","is_daily":false,"chose_seed":false,"campfire_upgraded":0,"win_rate":0.0,"timestamp":1612054815,"path_taken":["M","?","?","?","M","E","$","E","T","R","?","E","?","E","R","BOSS"],"items_purchased_type":["Potion","Card"],"build_version":"2020-12-18","purchased_purges":0,"victory":false,"max_hp_per_floor":[66,60,60,60,60,60,60,60,60,60,70,70,70,70,70,70,70],"relic_stats":{"Dream Catcher":1,"counters":[9,48],"Golden Idol":42,"Sundial":[2],"Art of War":[5],"obtain_stats":[{"Dream Catcher":12,"Bottled Flame":14,"NeowsBlessing":0,"Golden Idol":2,"Sundial":9,"WingedGreaves":8,"Art of War":6,"Ring of the Snake":0},{"Dream Catcher":6,"Bottled Flame":8,"NeowsBlessing":0,"Golden Idol":1,"Sundial":5,"WingedGreaves":5,"Art of War":4,"Ring of the Snake":0},{"Dream Catcher":27,"Bottled Flame":40,"NeowsBlessing":0,"Golden Idol":1,"Sundial":20,"WingedGreaves":20,"Art of War":9,"Ring of the Snake":0}],"Ring of the Snake":[18]},"card_choices":[{"not_picked":["Concentrate","Outmaneuver"],"picked":"Slice","floor":1},{"not_picked":["Skewer","Bane"],"picked":"Flying Knee","floor":4},{"not_picked":["Sucker Punch","Accuracy"],"picked":"Dodge and Roll","floor":5},{"not_picked":["Malaise","Concentrate"],"picked":"Blade Dance","floor":6},{"not_picked":["Deadly Poison","Blade Dance"],"picked":"Choke","floor":8},{"not_picked":["Well Laid Plans","Caltrops"],"picked":"Deadly Poison","floor":12},{"not_picked":["All Out Attack","Expertise"],"picked":"Footwork","floor":13},{"not_picked":["Predator","Flying Knee"],"picked":"Tools of the Trade","floor":14},{"not_picked":["Predator","Dash"],"picked":"Dagger Spray","floor":15}],"player_experience":3464324,"relics_obtained":[{"floor":6,"key":"Art of War"},{"floor":8,"key":"WingedGreaves"},{"floor":9,"key":"Sundial"},{"floor":12,"key":"Dream Catcher"},{"floor":14,"key":"Bottled Flame"}],"event_choices":[{"damage_healed":0,"gold_gain":0,"player_choice":"Lose Max HP","damage_taken":0,"relics_obtained":["Golden Idol"],"max_hp_gain":0,"max_hp_loss":6,"event_name":"Golden Idol","floor":2,"gold_loss":0},{"damage_healed":0,"gold_gain":0,"player_choice":"2 cards matched","damage_taken":0,"max_hp_gain":0,"max_hp_loss":0,"event_name":"Match and Keep!","floor":3,"gold_loss":0,"cards_obtained":["Glass Knife","Neutralize"]},{"cards_removed":["Glass Knife"],"damage_healed":31,"gold_gain":0,"player_choice":"Offered Rare","damage_taken":0,"max_hp_gain":10,"max_hp_loss":0,"event_name":"Bonfire Elementals","floor":11,"gold_loss":0}],"is_beta":true,"boss_relics":[],"items_purged_floors":[],"is_endless":false,"potions_floor_spawned":[1,5,8],"killed_by":"Slime Boss","ascension_level":20}}