{"host":"79kl9rvhjzhuunbo","time":1612120553,"event":{"mods":["AchievementEnabler","BaseMod","Colored Powertips","Defuse TimeMaze Blight","Friendly Minions","Highlight Path","Minty Spire (QoL Compilation)","Permanent Neow","Quick Restart","Random Character Button","Relic Sorter","StSLib","SuperFastMode","Synergy Search","Unceasing Turn Reminder"],"gold_per_floor":[113,127,142,160,160,160,191,191,244,270,284,37,37,71,71,169,169,186,203,302,57,70,99,99,112,135,135,135],"floor_reached":27,"language":"ENG","playtime":2707,"items_purged":[],"score":266,"play_id":"fbf76ef7-26ad-466a-81e2-2d7cb52d74f1","local_time":"20210131201553","is_ascension_mode":true,"campfire_choices":[{"floor":6.0,"key":"RECALL"},{"floor":8.0,"key":"REST"},{"floor":13.0,"key":"REST"},{"data":"Coolheaded","floor":15.0,"key":"SMITH"},{"data":"Echo Form","floor":24.0,"key":"SMITH"}],"circlet_count":0,"master_deck":["Strike_B","Strike_B","Strike_B","Strike_B","Defend_B","Defend_B","Defend_B","Defend_B+1","Zap+1","Dualcast+1","Gash+1","All For One","Leap","Coolheaded+1","Echo Form+1","Heatsinks+1","Conserve Battery"],"relics":["Cracked Core","Pantograph","War Paint","Eternal Feather","Omamori","Nuclear Battery","Singing Bowl","Pear","Bag of Preparation"],"acts_visited":["Exordium","TheCity"],"potions_floor_usage":[],"damage_taken":[{"damage":0.0,"enemies":"2 Louse","floor":1.0,"turns":2.0},{"damage":0.0,"enemies":"Cultist","floor":2.0,"turns":3.0},{"damage":11.0,"enemies":"Jaw Worm","floor":3.0,"turns":3.0},{"damage":12.0,"enemies":"3 Louse","floor":4.0,"turns":4.0},{"damage":28.0,"enemies":"3 Sentries","floor":7.0,"turns":8.0},{"damage":40.0,"enemies":"Lagavulin","floor":10.0,"turns":9.0},{"damage":0.0,"enemies":"Large Slime","floor":11.0,"turns":3.0},{"damage":8.0,"enemies":"Gremlin Nob","floor":14.0,"turns":3.0},{"damage":23.0,"enemies":"Slime Boss","floor":16.0,"turns":18.0},{"damage":9.0,"enemies":"Spheric Guardian","floor":18.0,"turns":4.0},{"damage":22.0,"enemies":"2 Thieves","floor":19.0,"turns":4.0},{"damage":6.0,"enemies":"Snecko","floor":22.0,"turns":4.0},{"damage":26.0,"enemies":"Gremlin Leader","floor":23.0,"turns":9.0},{"damage":2.0,"enemies":"Centurion and Healer","floor":25.0,"turns":6.0},{"damage":35,"enemies":"Book of Stabbing","floor":27,"turns":4}],"seed_played":"-3095856209745872765","potions_obtained":[{"floor":3.0,"key":"SpeedPotion"},{"floor":7.0,"key":"AttackPotion"},{"floor":11.0,"key":"LiquidMemories"},{"floor":16.0,"key":"SkillPotion"},{"floor":19.0,"key":"EssenceOfDarkness"},{"floor":22.0,"key":"EssenceOfDarkness"}],"is_trial":false,"path_per_floor":["M","M","M","M","?","R","E","R","T","E","M","$","R","E","R","B",null,"M","M","?","$","M","E","R","M","T","E"],"character_chosen":"DEFECT","items_purchased":["Eternal Feather","Singing Bowl"],"campfire_rested":2,"item_purchase_floors":[12,21],"current_hp_per_floor":[75,75,64,52,52,52,24,46,46,6,6,6,34,26,32,34,75,66,44,44,44,40,24,33,33,33,0,0],"gold":135,"neow_bonus":"UPGRADE_CARD","is_daily":false,"chose_seed":false,"campfire_upgraded":2,"win_rate":0.0,"timestamp":1612120553,"path_taken":["M","M","M","M","?","R","E","R","T","E","?","$","R","E","R","BOSS","M","M","?","$","M","E","R","M","T","E"],"items_purchased_type":["Relic","Relic"],"build_version":"2020-12-22","purchased_purges":0,"victory":false,"max_hp_per_floor":[75,75,75,75,75,75,75,75,75,75,75,75,75,75,75,75,75,75,75,75,75,77,87,87,89,89,89,89],"card_choices":[{"not_picked":["Go for the Eyes","Darkness","Glacier"],"picked":"SKIP","floor":1.0},{"not_picked":["Compile Driver","Leap"],"picked":"Gash","floor":2.0},{"not_picked":["Steam Power","Stack","Barrage"],"picked":"SKIP","floor":3.0},{"not_picked":["Reprogram","Skim","Go for the Eyes"],"picked":"SKIP","floor":4.0},{"not_picked":["Go for the Eyes","Hologram","Ball Lightning"],"picked":"SKIP","floor":7.0},{"not_picked":["Streamline","Beam Cell"],"picked":"All For One","floor":10.0},{"not_picked":["Barrage","Undo"],"picked":"Leap","floor":11.0},{"not_picked":["Storm","Biased Cognition"],"picked":"Coolheaded","floor":14.0},{"not_picked":["Core Surge","Fission"],"picked":"Echo Form","floor":16.0},{"not_picked":["Stack","Steam"],"picked":"Heatsinks+1","floor":18.0},{"not_picked":["Steam","Sweeping Beam","Steam Power+1"],"picked":"SKIP","floor":19.0},{"not_picked":["Ball Lightning","Go for the Eyes","Blizzard"],"picked":"Singing Bowl","floor":22.0},{"not_picked":["Beam Cell","Skim"],"picked":"Conserve Battery","floor":23.0},{"not_picked":["Conserve Battery","Beam Cell","Turbo"],"picked":"Singing Bowl","floor":25}],"player_experience":280453,"relics_obtained":[{"floor":7.0,"key":"Pantograph"},{"floor":10.0,"key":"War Paint"},{"floor":14.0,"key":"Omamori"},{"floor":23.0,"key":"Pear"},{"floor":26,"key":"Bag of Preparation"}],"event_choices":[{"damage_healed":0.0,"max_hp_gain":0.0,"max_hp_loss":0.0,"gold_gain":0.0,"event_name":"Upgrade Shrine","player_choice":"Upgraded","floor":5.0,"gold_loss":0.0,"damage_taken":0.0,"cards_upgraded":["Gash"]},{"damage_healed":0.0,"max_hp_gain":0.0,"max_hp_loss":0.0,"gold_gain":99.0,"event_name":"Nest","player_choice":"Stole From Cult","floor":20.0,"gold_loss":0.0,"damage_taken":0.0}],"is_beta":false,"boss_relics":[{"not_picked":["Runic Dome","Snecko Eye"],"picked":"Nuclear Battery"}],"items_purged_floors":[],"is_endless":false,"potions_floor_spawned":[3,7,11,16,19,22],"killed_by":"Book of Stabbing","ascension_level":1}}