{"host":"vgmhxp0kxvybuvcq","time":1612078093,"event":{"mods":["BaseMod","Minty Spire (QoL Compilation)","Replay The Spire","StSLib"],"gold_per_floor":[111,286,297,297,297,297,314,348,373,373,85,104,104,129,129,224,224,240,240,33,50,50,84,84,102,102,119,136,136,151,168,168,267,267,283,299,1298,433,450,479,479,508,561,576,576,576],"floor_reached":45,"language":"ENG","playtime":3468,"items_purged":["Doubt","ReplayTheSpireMod:Restless Dread","Normality"],"score":606,"play_id":"10f186d2-6e8c-435f-afaf-97df20990ae7","local_time":"20210130232813","is_ascension_mode":true,"campfire_choices":[{"data":"Abandon","floor":6,"key":"SMITH"},{"data":"Infernal Blade","floor":13,"key":"SMITH"},{"data":"True Grit","floor":15,"key":"SMITH"},{"data":"Defend_R","floor":24,"key":"SMITH"},{"data":"Dark Embrace","floor":29,"key":"SMITH"},{"floor":32,"key":"REST"},{"floor":41,"key":"REST"}],"circlet_count":0,"master_deck":["Strike_R","Strike_R","Defend_R","Defend_R","Defend_R+1","Immolate","True Grit+1","Abandon+1","Shrug It Off","Feel No Pain","Twin Strike","Combust","Infernal Blade+1","Feel No Pain","Juggernaut","Pummel+1","Cleave+1","ReplayTheSpireMod:Muscle Training+1","Dark Embrace+1","Wild Strike+1","Seeing Red+1","Whirlwind+1","Iron Wave+1","Barricade","Sword Boomerang+1","Life Link+1","Shockwave+1","Pummel+1","Metallicize","Normality","Sadistic Nature","Iron Wave+1","Seeing Red+1","Infernal Blade+1","True Grit+1","Disarm+1","Defy Death+1"],"relics":["Burning Blood","Red Skull","FossilizedHelix","Replay:Baseball","Orichalcum","Bag of Marbles","Strawberry","Philosopher\u0027s Stone","ReplayTheSpireMod:CursedCoin","Molten Egg 2","Toxic Egg 2","Regal Pillow","Astrolabe","PreservedInsect","Strange Spoon","Akabeko","Replay:Wax Seal","Chameleon Ring","ReplayTheSpireMod:TigerMarble"],"acts_visited":["Exordium","TheCity","TheBeyond"],"potions_floor_usage":[16,16,23,27,31,33,33,33,42,45],"damage_taken":[{"damage":0,"enemies":"2 Louse","floor":1,"turns":2},{"damage":5,"enemies":"Cultist","floor":3,"turns":4},{"damage":2,"enemies":"Jaw Worm","floor":7,"turns":3},{"damage":23,"enemies":"3 Sentries","floor":8,"turns":6},{"damage":0,"enemies":"3 Louse","floor":12,"turns":2},{"damage":12,"enemies":"Gremlin Nob","floor":14,"turns":4},{"damage":16,"enemies":"Fading Forest","floor":16,"turns":11},{"damage":3,"enemies":"Spheric Guardian","floor":18,"turns":3},{"damage":0,"enemies":"3 Byrds","floor":21,"turns":4},{"damage":38,"enemies":"Slavers","floor":23,"turns":4},{"damage":20,"enemies":"Cultist and Chosen","floor":25,"turns":5},{"damage":0,"enemies":"Snake Plant","floor":27,"turns":2},{"damage":0,"enemies":"Snecko","floor":28,"turns":3},{"damage":28,"enemies":"Shelled Parasite and Fungi","floor":30,"turns":4},{"damage":11,"enemies":"Centurion and Healer","floor":31,"turns":3},{"damage":61,"enemies":"Collector","floor":33,"turns":10},{"damage":10,"enemies":"Orb Walker","floor":35,"turns":3},{"damage":8,"enemies":"3 Shapes","floor":36,"turns":4},{"damage":25,"enemies":"Jaw Worm Horde","floor":39,"turns":3},{"damage":27,"enemies":"Giant Head","floor":40,"turns":7},{"damage":64,"enemies":"Reptomancer","floor":42,"turns":5},{"damage":0,"enemies":"3 Darklings","floor":44,"turns":1},{"damage":37,"enemies":"Writhing Mass","floor":45,"turns":3}],"seed_played":"-3823300789914009539","potions_obtained":[{"floor":7,"key":"Swift Potion"},{"floor":8,"key":"Flashbang"},{"floor":14,"key":"Block Potion"},{"floor":22,"key":"Block Potion"},{"floor":22,"key":"Regen Potion"},{"floor":25,"key":"AttackPotion"},{"floor":28,"key":"Dexterity Potion"},{"floor":31,"key":"Block Potion"},{"floor":33,"key":"Adrenaline Potion"},{"floor":35,"key":"Strength Potion"},{"floor":40,"key":"Fire Potion"},{"floor":42,"key":"Explosive Potion"},{"floor":44,"key":"SpeedPotion"}],"is_trial":false,"path_per_floor":["M","?","M","?","?","R","M","E","T","T","$","M","R","E","R","B",null,"M","?","$","M","?","E","R","M","T","M","M","R","M","M","R","B",null,"M","M","?","$","M","E","R","E","T","M","M"],"character_chosen":"IRONCLAD","items_purchased":["Bag of Marbles","Combust","ReplayTheSpireMod:CursedCoin","Molten Egg 2","Sadistic Nature","PreservedInsect","Strange Spoon","Akabeko","Iron Wave+1","Seeing Red+1"],"campfire_rested":2,"item_purchase_floors":[11,11,20,20,38,38,38,38,38,38],"current_hp_per_floor":[62,62,63,63,56,56,60,43,43,43,43,49,49,50,50,40,87,87,78,78,84,84,52,52,38,38,44,50,50,28,23,64,24,87,83,81,81,81,62,41,82,24,24,30,0,0],"gold":576,"neow_bonus":"TRANSFORM_TWO_CARDS","is_daily":false,"chose_seed":false,"campfire_upgraded":5,"win_rate":0.0,"timestamp":1612078093,"path_taken":["M","?","M","?","?","R","M","E","T","?","$","?","R","E","R","BOSS","M","?","$","M","?","E","R","M","T","M","M","R","M","?","R","BOSS","M","M","?","$","M","E","R","E","T","M","M"],"items_purchased_type":["Relic","Card","Relic","Relic","Card","Relic","Relic","Relic","Card","Card"],"build_version":"2020-12-22","purchased_purges":3,"victory":false,"max_hp_per_floor":[80,80,80,80,80,80,80,80,80,80,80,80,80,87,87,87,87,87,87,87,87,87,87,87,87,87,87,87,87,87,87,87,87,87,87,87,87,87,87,87,87,87,87,87,87,87],"card_choices":[{"not_picked":["Pommel Strike","Sentinel"],"picked":"Abandon","floor":1},{"not_picked":["Evolve","Warcry"],"picked":"Shrug It Off","floor":3},{"not_picked":["Headbutt","Anger"],"picked":"Feel No Pain","floor":7},{"not_picked":["Armaments","Warcry"],"picked":"Twin Strike","floor":8},{"not_picked":["Havoc","Anger"],"picked":"Infernal Blade","floor":12},{"not_picked":["Dropkick","Perfected Strike"],"picked":"Feel No Pain","floor":14},{"not_picked":["Limit Break","Fiend Fire"],"picked":"Juggernaut","floor":16},{"not_picked":["Flex","Headbutt"],"picked":"Pummel+1","floor":18},{"not_picked":["Blood for Blood+1","Wild Strike+1"],"picked":"Cleave+1","floor":21},{"not_picked":["Pommel Strike+1","Cleave+1"],"picked":"ReplayTheSpireMod:Muscle Training+1","floor":23},{"not_picked":["Cleave+1","Flex+1"],"picked":"Dark Embrace","floor":25},{"not_picked":["Bloodletting+1","Blood for Blood+1"],"picked":"Wild Strike+1","floor":27},{"not_picked":["Feel No Pain","Thunderclap+1"],"picked":"Seeing Red+1","floor":28},{"not_picked":["Flex+1","Havoc+1"],"picked":"Whirlwind+1","floor":30},{"not_picked":["Havoc+1","Run Through+1"],"picked":"Iron Wave+1","floor":31},{"not_picked":["Exhume+1","Impervious+1"],"picked":"Barricade","floor":33},{"not_picked":["Iron Wave+1","Heavy Blade+1"],"picked":"Pummel+1","floor":35},{"not_picked":["Combust+1","Power Through+1"],"picked":"Metallicize","floor":36},{"not_picked":["Armaments+1","Body Slam+1"],"picked":"Infernal Blade+1","floor":39},{"not_picked":["Clash+1","Corruption"],"picked":"True Grit+1","floor":40},{"not_picked":["Ghostly Armor+1","Eclipse+1"],"picked":"Disarm+1","floor":42},{"not_picked":["Shockwave+1","Reckless Charge+1"],"picked":"Defy Death+1","floor":44}],"player_experience":281377,"relics_obtained":[{"floor":8,"key":"FossilizedHelix"},{"floor":9,"key":"Replay:Baseball"},{"floor":10,"key":"Orichalcum"},{"floor":14,"key":"Strawberry"},{"floor":23,"key":"Toxic Egg 2"},{"floor":26,"key":"Regal Pillow"},{"floor":40,"key":"Replay:Wax Seal"},{"floor":42,"key":"Chameleon Ring"},{"floor":43,"key":"ReplayTheSpireMod:TigerMarble"}],"event_choices":[{"damage_healed":0,"gold_gain":175,"player_choice":"AGREE","damage_taken":0,"max_hp_gain":0,"max_hp_loss":0,"event_name":"Liars Game","floor":2,"gold_loss":0,"cards_obtained":["Doubt"]},{"damage_healed":0,"gold_gain":0,"player_choice":"Box","damage_taken":0,"relics_obtained":["Red Skull"],"max_hp_gain":0,"max_hp_loss":0,"event_name":"Big Fish","floor":4,"gold_loss":0,"cards_obtained":["Regret"]},{"cards_removed":["Regret"],"damage_healed":0,"gold_gain":0,"player_choice":"Card Removal","damage_taken":7,"max_hp_gain":0,"max_hp_loss":0,"event_name":"Golden Wing","floor":5,"gold_loss":0},{"damage_healed":0,"gold_gain":0,"player_choice":"Stopped","damage_taken":9,"max_hp_gain":0,"max_hp_loss":0,"event_name":"Cursed Tome","floor":19,"gold_loss":0},{"damage_healed":0,"gold_gain":0,"player_choice":"Got Potions","damage_taken":0,"max_hp_gain":0,"max_hp_loss":0,"event_name":"Lab","floor":22,"gold_loss":0},{"damage_healed":0,"gold_gain":999,"player_choice":"Gold","damage_taken":0,"max_hp_gain":0,"max_hp_loss":0,"event_name":"MindBloom","floor":37,"gold_loss":0,"cards_obtained":["Normality","Normality"]}],"is_beta":false,"boss_relics":[{"not_picked":["Ooze Armor","Fusion Hammer"],"picked":"Philosopher\u0027s Stone"},{"not_picked":["Replay:Grab Bag","Sozu"],"picked":"Astrolabe"}],"items_purged_floors":[11,20,38],"is_endless":false,"potions_floor_spawned":[7,8,14,25,28,31,33,35,40,42,44],"killed_by":"Writhing Mass","ascension_level":2}}