{"host":"8is2j71l4wmybkoi","time":1612107913,"event":{"mods":["AchievementEnabler","BaseMod","Colored Map","Minty Spire (QoL Compilation)","Rare Cards Sparkle","StSLib","SuperFastMode"],"gold_per_floor":[10,10,30,53,68,68,87,107,131,172,185,228,228,268,268,358,358,358,408,408,425,425,425,451,451,451,451,466,499,510,510,510,585,585,602,617,663,150,169,204,204,222,222,255,255,290,290,26,26,26,26,26,26,60,60],"floor_reached":56,"language":"KOR","playtime":2925,"items_purged":["Accuracy","Neutralize"],"score":2104,"play_id":"aff54b59-9864-47ca-a887-9278ad19ed04","local_time":"20210201004513","is_ascension_mode":true,"campfire_choices":[{"data":"Dagger Spray","floor":6.0,"key":"SMITH"},{"data":"Wraith Form v2","floor":13.0,"key":"SMITH"},{"data":"Malaise","floor":15.0,"key":"SMITH"},{"data":"Tactician","floor":23.0,"key":"SMITH"},{"data":"Bouncing Flask","floor":25.0,"key":"SMITH"},{"data":"Terror","floor":27.0,"key":"SMITH"},{"data":"Prepared","floor":32.0,"key":"SMITH"},{"floor":41.0,"key":"RECALL"},{"data":"Well Laid Plans","floor":45.0,"key":"SMITH"},{"data":"Wraith Form v2","floor":49.0,"key":"SMITH"},{"data":"Burst","floor":52.0,"key":"SMITH"}],"circlet_count":0,"master_deck":["AscendersBane","Survivor","Caltrops","Dash","Dagger Spray+1","Terror+1","Deadly Poison","Wraith Form v2+1","Malaise+1","Tactician+1","After Image","Acrobatics","Corpse Explosion","Bouncing Flask+1","Prepared+1","After Image","Predator","Bullet Time","Acrobatics","Die Die Die","After Image","Backflip","Distraction","Dodge and Roll","Outmaneuver","Adrenaline","Well Laid Plans+1","Crippling Poison","Burst+1","Concentrate+1","Wraith Form v2+1","Footwork"],"relics":["Ring of the Snake","Thread and Needle","Bloody Idol","Toy Ornithopter","Unceasing Top","Blood Vial","Bag of Marbles","HoveringKite","Bronze Scales","Centennial Puzzle","Bag of Preparation","Pandora\u0027s Box","Tingsha","Happy Flower","MealTicket","The Courier","Dream Catcher","Orichalcum","Torii"],"acts_visited":["Exordium","TheCity","TheBeyond","TheEnding"],"potions_floor_usage":[55],"damage_taken":[{"damage":0.0,"enemies":"2 Louse","floor":1.0,"turns":3.0},{"damage":3.0,"enemies":"Small Slimes","floor":3.0,"turns":5.0},{"damage":0.0,"enemies":"Jaw Worm","floor":4.0,"turns":5.0},{"damage":0.0,"enemies":"Exordium Wildlife","floor":5.0,"turns":3.0},{"damage":2.0,"enemies":"Large Slime","floor":7.0,"turns":8.0},{"damage":0.0,"enemies":"Blue Slaver","floor":8.0,"turns":3.0},{"damage":6.0,"enemies":"Lagavulin","floor":10.0,"turns":6.0},{"damage":0.0,"enemies":"Exordium Wildlife","floor":11.0,"turns":3.0},{"damage":12.0,"enemies":"Gremlin Nob","floor":12.0,"turns":5.0},{"damage":9.0,"enemies":"Lagavulin","floor":14.0,"turns":7.0},{"damage":32.0,"enemies":"The Guardian","floor":16.0,"turns":13.0},{"damage":0.0,"enemies":"2 Thieves","floor":18.0,"turns":1.0},{"damage":5.0,"enemies":"Spheric Guardian","floor":21.0,"turns":8.0},{"damage":19.0,"enemies":"Book of Stabbing","floor":24.0,"turns":8.0},{"damage":0.0,"enemies":"Snecko","floor":28.0,"turns":5.0},{"damage":0.0,"enemies":"Gremlin Leader","floor":29.0,"turns":7.0},{"damage":0.0,"enemies":"Sentry and Sphere","floor":30.0,"turns":6.0},{"damage":52.0,"enemies":"Collector","floor":33.0,"turns":8.0},{"damage":0.0,"enemies":"Orb Walker","floor":35.0,"turns":4.0},{"damage":0.0,"enemies":"3 Shapes","floor":36.0,"turns":2.0},{"damage":0.0,"enemies":"2 Orb Walkers","floor":37.0,"turns":3.0},{"damage":0.0,"enemies":"Spire Growth","floor":39.0,"turns":4.0},{"damage":6.0,"enemies":"Giant Head","floor":40.0,"turns":8.0},{"damage":0.0,"enemies":"4 Shapes","floor":42.0,"turns":2.0},{"damage":4.0,"enemies":"Reptomancer","floor":44.0,"turns":5.0},{"damage":0.0,"enemies":"Giant Head","floor":46.0,"turns":7.0},{"damage":20.0,"enemies":"Time Eater","floor":50.0,"turns":13.0},{"damage":4.0,"enemies":"Shield and Spear","floor":54.0,"turns":6.0},{"damage":1,"enemies":"The Heart","floor":55,"turns":10}],"seed_played":"-4960933679374361404","potions_obtained":[{"floor":1.0,"key":"Explosive Potion"},{"floor":3.0,"key":"Swift Potion"},{"floor":4.0,"key":"SneckoOil"},{"floor":5.0,"key":"AttackPotion"},{"floor":12.0,"key":"SmokeBomb"},{"floor":16.0,"key":"Regen Potion"},{"floor":21.0,"key":"SpeedPotion"},{"floor":24.0,"key":"DistilledChaos"},{"floor":29.0,"key":"Strength Potion"},{"floor":36.0,"key":"FearPotion"},{"floor":44.0,"key":"SmokeBomb"},{"floor":54.0,"key":"Poison Potion"}],"is_trial":false,"path_per_floor":["M","?","M","M","M","R","M","M","T","E","M","E","R","E","R","B",null,"M","?","?","M","T","R","E","R","T","R","M","E","M","?","R","B",null,"M","M","?","$","M","E","R","M","T","E","R","E","?","$","R","B",null,"R","$","E","B",null],"character_chosen":"THE_SILENT","items_purchased":["Adrenaline","Block Potion","Happy Flower","Well Laid Plans","Wraith Form v2","Footwork"],"campfire_rested":0,"item_purchase_floors":[38,38,38,38,48,48],"current_hp_per_floor":[59,59,56,56,56,56,54,54,54,58,58,46,46,39,39,9,47,54,54,54,56,56,56,46,46,46,46,53,60,60,60,60,33,53,60,60,60,60,60,59,59,60,60,60,60,60,57,57,57,37,52,52,57,57,57],"gold":60,"neow_bonus":"ONE_RARE_RELIC","is_daily":false,"chose_seed":false,"campfire_upgraded":10,"win_rate":0.0,"timestamp":1612107913,"path_taken":["M","?","M","M","M","R","M","M","T","E","M","E","R","E","R","BOSS","M","?","?","M","?","R","E","R","T","R","?","E","M","?","R","BOSS","M","M","?","$","M","E","R","M","T","E","R","E","?","?","R","BOSS","R","$","E","BOSS"],"items_purchased_type":["Card","Potion","Relic","Card","Card","Card"],"build_version":"2020-12-22","purchased_purges":2,"victory":true,"max_hp_per_floor":[66,60,60,60,60,60,60,60,60,60,60,60,60,60,60,60,60,60,60,60,60,60,60,60,60,60,60,60,60,60,60,60,60,60,60,60,60,60,60,60,60,60,60,60,60,60,57,57,57,57,57,57,57,57,57],"card_choices":[{"not_picked":["Catalyst","PiercingWail"],"picked":"Caltrops","floor":1.0},{"not_picked":["Footwork","Deflect"],"picked":"Dash","floor":3.0},{"not_picked":["Calculated Gamble","Footwork"],"picked":"Dagger Spray","floor":4.0},{"not_picked":["Cloak And Dagger","Slice"],"picked":"Terror","floor":5.0},{"not_picked":["Sucker Punch","Bane"],"picked":"Deadly Poison","floor":7.0},{"not_picked":["Underhanded Strike","Dagger Throw"],"picked":"Wraith Form v2","floor":8.0},{"not_picked":["Deadly Poison","Sucker Punch"],"picked":"Malaise","floor":10.0},{"not_picked":["Terror","Quick Slash"],"picked":"Tactician","floor":11.0},{"not_picked":["Noxious Fumes","Outmaneuver"],"picked":"After Image","floor":12.0},{"not_picked":["PiercingWail","Choke"],"picked":"Acrobatics","floor":14.0},{"not_picked":["Doppelganger","Glass Knife"],"picked":"Corpse Explosion","floor":16.0},{"not_picked":["Leg Sweep+1","Bane","Sucker Punch"],"picked":"SKIP","floor":21.0},{"not_picked":["Accuracy","Leg Sweep"],"picked":"Bouncing Flask","floor":24.0},{"not_picked":["Poisoned Stab","Accuracy+1","Quick Slash+1"],"picked":"SKIP","floor":28.0},{"not_picked":["Outmaneuver+1","Underhanded Strike","Slice"],"picked":"SKIP","floor":29.0},{"not_picked":["A Thousand Cuts","Dodge and Roll"],"picked":"Prepared","floor":30.0},{"not_picked":["Envenom","Corpse Explosion"],"picked":"After Image","floor":33.0},{"not_picked":["Expertise","Masterful Stab","Cloak And Dagger"],"picked":"SKIP","floor":35.0},{"not_picked":["Poisoned Stab","Noxious Fumes","Footwork"],"picked":"SKIP","floor":36.0},{"not_picked":["Setup","Blade Dance"],"picked":"Crippling Poison","floor":39.0},{"not_picked":["All Out Attack","Setup"],"picked":"Burst","floor":40.0},{"not_picked":["Dodge and Roll","Skewer","Sucker Punch"],"picked":"SKIP","floor":42.0},{"not_picked":["Venomology","Dodge and Roll"],"picked":"Concentrate+1","floor":44.0},{"not_picked":["Cloak And Dagger+1","Slice","Dodge and Roll"],"picked":"SKIP","floor":46.0},{"not_picked":["Caltrops","Finisher+1","Masterful Stab+1"],"picked":"SKIP","floor":54.0}],"player_experience":893936,"relics_obtained":[{"floor":9.0,"key":"Toy Ornithopter"},{"floor":10.0,"key":"Unceasing Top"},{"floor":12.0,"key":"Blood Vial"},{"floor":14.0,"key":"Bag of Marbles"},{"floor":24.0,"key":"Bronze Scales"},{"floor":26.0,"key":"Centennial Puzzle"},{"floor":29.0,"key":"Bag of Preparation"},{"floor":37.0,"key":"Tingsha"},{"floor":40.0,"key":"MealTicket"},{"floor":43.0,"key":"The Courier"},{"floor":44.0,"key":"Dream Catcher"},{"floor":46.0,"key":"Orichalcum"},{"floor":54.0,"key":"Torii"}],"event_choices":[{"damage_healed":0.0,"max_hp_gain":0.0,"max_hp_loss":6.0,"gold_gain":0.0,"event_name":"Golden Idol","player_choice":"Lose Max HP","floor":2.0,"gold_loss":0.0,"damage_taken":0.0,"relics_obtained":["Golden Idol"]},{"damage_healed":0.0,"max_hp_gain":0.0,"max_hp_loss":0.0,"gold_gain":50.0,"event_name":"Nest","player_choice":"Stole From Cult","floor":19.0,"gold_loss":0.0,"damage_taken":0.0},{"damage_healed":0.0,"max_hp_gain":0.0,"max_hp_loss":0.0,"gold_gain":0.0,"event_name":"Forgotten Altar","player_choice":"Gave Idol","floor":20.0,"relics_lost":["Golden Idol"],"gold_loss":0.0,"damage_taken":0.0,"relics_obtained":["Bloody Idol"]},{"damage_healed":0.0,"max_hp_gain":0.0,"max_hp_loss":0.0,"gold_gain":0.0,"event_name":"The Mausoleum","player_choice":"Ignored","floor":31.0,"gold_loss":0.0,"damage_taken":0.0},{"damage_healed":0.0,"max_hp_gain":0.0,"max_hp_loss":0.0,"gold_gain":0.0,"event_name":"Mysterious Sphere","player_choice":"Fight","floor":37.0,"gold_loss":0.0,"damage_taken":0.0},{"damage_healed":0.0,"max_hp_gain":0.0,"max_hp_loss":3.0,"gold_gain":0.0,"event_name":"Winding Halls","player_choice":"Max HP","floor":47.0,"gold_loss":0.0,"damage_taken":0.0}],"is_beta":false,"boss_relics":[{"not_picked":["Ectoplasm","Cursed Key"],"picked":"HoveringKite"},{"not_picked":["SacredBark","Snecko Eye"],"picked":"Pandora\u0027s Box"}],"items_purged_floors":[38,48],"is_endless":false,"potions_floor_spawned":[1,3,4,5,12,16,21,24,28,29,36,44,46,54],"ascension_level":15}}