{"host":"g1wmg2w41xhsnw8g","time":1612080876,"event":{"mods":["2.2 Compatiblity","Act Like it!","Aspiration","BaseMod","Better Altar","Better Match","Better Note","Better Sensory Stone","Better Skull","Better Third Choice","BetterRewards","Booster Modes","CapriCore","Colored Map","Colored Powertips","Defuse TimeMaze Blight","Displayed Cursed Tome","Evolution","Fox Events","Friendly Minions","GifTheSpireLib","Good Game Mod","Googly Eyes","Hubris","Infinite Spire","Ironclad Rager","Jedi Mod","Minty Spire (QoL Compilation)","Monster B Gone","Red Circlet Mod","Relic Filter Mod","Relic Sorter","Reliquary","SCP261 Mod","Shop Mod","Smile Girya","Spicy Shops","Spikes Relics","StSLib","Strawberry Spire","Stuff the Spire","The Runesmith","The Sage","Trackpad","Transform Curses","Wandering Minibosses","Weighted Paths","????"],"gold_per_floor":[13,31,41,57,88,120,120,120,120],"floor_reached":8,"language":"ENG","playtime":634,"items_purged":[],"score":63,"play_id":"a9c79f5b-919b-4a0e-8646-d340772f35e8","local_time":"20210131031436","is_ascension_mode":true,"campfire_choices":[{"data":"Zap","floor":7,"key":"SMITH"}],"circlet_count":0,"master_deck":["Ball Lightning","strawberrySpire:DataDump","Barrage","Leap","jedi:BurstFrost","strawberrySpire:NeonFlight","Zap+1","Dualcast","hubris:Gluttony","strawberrySpire:FocalLaser","StuffTheSpire:SnapShoot","HandOfGreed","Redo","strawberrySpire:AngeryBot","StuffTheSpire:Plugnplay","Coolheaded","hubris:DuctTapeCard"],"relics":["Cracked Core","EVO:Axolotl","REME:ComplimentaryCards","hubris:DuctTape"],"acts_visited":["Exordium"],"potions_floor_usage":[4],"damage_taken":[{"damage":0,"enemies":"Cultist","floor":1,"turns":3},{"damage":6,"enemies":"Small Slimes","floor":2,"turns":2},{"damage":0,"enemies":"2 Louse","floor":3,"turns":1},{"damage":3,"enemies":"Looter","floor":4,"turns":6},{"damage":1,"enemies":"3 Louse","floor":5,"turns":3},{"damage":30,"enemies":"3 Sentries","floor":6,"turns":6},{"damage":18,"enemies":"Gremlin Nob","floor":8,"turns":4}],"seed_played":"-2760614688374908624","potions_obtained":[{"floor":1,"key":"Fire Potion"}],"is_trial":false,"path_per_floor":["M","M","M","M","M","E","R","E"],"character_chosen":"DEFECT","items_purchased":[],"campfire_rested":0,"item_purchase_floors":[],"current_hp_per_floor":[58,52,52,49,48,18,18,0,0],"gold":120,"neow_bonus":"DEFECT_STORMLORD","is_daily":false,"chose_seed":false,"campfire_upgraded":1,"win_rate":0.0,"timestamp":1612080876,"path_taken":["M","?","M","M","M","E","R","E"],"items_purchased_type":[],"build_version":"2020-12-22","purchased_purges":0,"victory":false,"max_hp_per_floor":[82,82,82,82,82,82,82,82,82],"card_choices":[{"not_picked":["strawberrySpire:Disconnect","Turbo"],"picked":"strawberrySpire:FocalLaser","floor":1},{"not_picked":["Genetic Algorithm","Turbo"],"picked":"StuffTheSpire:SnapShoot","floor":2},{"not_picked":["Turbo","Rebound"],"picked":"Redo","floor":3},{"not_picked":["Coolheaded","strawberrySpire:Adapter"],"picked":"strawberrySpire:AngeryBot","floor":4},{"not_picked":["hubris:Prefetch","Lockon"],"picked":"StuffTheSpire:Plugnplay","floor":5},{"not_picked":["strawberrySpire:ReturnNull","Steam"],"picked":"Coolheaded","floor":6}],"player_experience":958633,"relics_obtained":[{"floor":6,"key":"hubris:DuctTape"}],"event_choices":[],"is_beta":false,"boss_relics":[],"items_purged_floors":[],"is_endless":false,"potions_floor_spawned":[1],"killed_by":"Gremlin Nob","ascension_level":1}}