{"host":"a3oe3gstxz77c7qu","time":1612131748,"event":{"mods":["2.2 Compatiblity","Act Like it!","Astrologer","BaseMod","Bestiary","Better Altar","Better Match","Better Note","Better Skull","Better Third Choice","Block Reminder","Curses Come First","Custom Start","Dark Map","Downfall","Friendly Minions","GifTheSpireLib","Hallownest","Hermit","Jorbs\u0027s Wanderer Trilogy","Lobotomy","LobotomyExtend","Marisa????????","Minty Spire (QoL Compilation)","Permanent Neow","Quick Restart","Relic Filter Mod","Relic Stats","Reliquary","Smile Girya","Spire Arcade","StSLib","The Bug Knight","The Cursed","The Disciple","The Jungle","Uncapped","Unknown Chances","Wandering Minibosses"],"gold_per_floor":[117,117,135,145,155,155,182,182,182,31,31,45,45,62,62,133,133,146,245,91,108,140,140,140,158,158,78,78,78,97,107,107,184,184,195,11,211,211,223,223,257,51,133,145,159,187,187,201,201,201,201],"floor_reached":52,"language":"ENG","playtime":2869,"items_purged":["Strike_B","Strike_B","Strike_B"],"score":1200,"play_id":"6ed9bfdf-a74c-4a0b-9e28-7cc11cce3077","local_time":"20210131222228","is_ascension_mode":true,"campfire_choices":[{"data":"Genetic Algorithm","floor":6,"key":"SMITH"},{"data":"Rip and Tear","floor":8,"key":"SMITH"},{"data":"1","floor":15,"key":"LIFT"},{"data":"2","floor":24,"key":"LIFT"},{"data":"3","floor":28,"key":"LIFT"},{"floor":32,"key":"REST"},{"data":"Static Discharge","floor":40,"key":"SMITH"},{"data":"Biased Cognition","floor":47,"key":"SMITH"},{"floor":49,"key":"REST"}],"circlet_count":0,"master_deck":["AscendersBane","Defend_B","Defend_B","Defend_B","Defend_B","Zap","Dualcast","Capacitor","Rip and Tear+1","Genetic Algorithm+1","Biased Cognition","BootSequence","Storm","MHz","Biased Cognition+1","Core Surge","Self Repair","Electrodynamics","Glacier","Static Discharge+1","Blind","Panacea","Barrage"],"relics":["Cracked Core","CogitoBucket","RabbitCall","LetterFromLob","Bottled Flame","HornCleat","Girya","LuminousBracelet","reliquary:Ember","Red Mask","SkinProphecy","reliquary:OuijaBoard","Inserter","AtMidnight","BackwardClock","Blue Candle","Meat on the Bone","Calipers"],"acts_visited":["Exordium","TheCity","TheBeyond"],"potions_floor_usage":[7,22,50],"damage_taken":[{"damage":1,"enemies":"Cultist","floor":1,"turns":3},{"damage":7,"enemies":"Small Slimes","floor":3,"turns":4},{"damage":7,"enemies":"2 Louse","floor":4,"turns":3},{"damage":4,"enemies":"Looter","floor":5,"turns":3},{"damage":24,"enemies":"Gremlin Nob","floor":7,"turns":4},{"damage":13,"enemies":"Exordium Wildlife","floor":12,"turns":5},{"damage":3,"enemies":"Large Slime","floor":14,"turns":5},{"damage":33,"enemies":"The Guardian","floor":16,"turns":14},{"damage":0,"enemies":"Chosen","floor":18,"turns":4},{"damage":59,"enemies":"Shell Parasite","floor":21,"turns":7},{"damage":24,"enemies":"Masked Bandits","floor":22,"turns":5},{"damage":7,"enemies":"Chosen and Byrds","floor":25,"turns":7},{"damage":17,"enemies":"Snake Plant","floor":30,"turns":4},{"damage":22,"enemies":"3 Cultists","floor":31,"turns":5},{"damage":23,"enemies":"Automaton","floor":33,"turns":8},{"damage":16,"enemies":"Orb Walker","floor":35,"turns":6},{"damage":18,"enemies":"3 Darklings","floor":39,"turns":12},{"damage":30,"enemies":"Nemesis","floor":41,"turns":5},{"damage":9,"enemies":"Transient","floor":44,"turns":5},{"damage":4,"enemies":"Jaw Worm Horde","floor":45,"turns":3},{"damage":8,"enemies":"HollowMod:StalkingDevout","floor":46,"turns":6},{"damage":6,"enemies":"Spire Growth","floor":48,"turns":7},{"damage":1,"enemies":"Donu and Deca","floor":50,"turns":35}],"seed_played":"942900298740633585","potions_obtained":[{"floor":1,"key":"champ:CounterPotion"},{"floor":16,"key":"sneckomod:MuddlingPotion"},{"floor":18,"key":"Swift Potion"},{"floor":25,"key":"GamblersBrew"},{"floor":33,"key":"bronze:BurnAndBuffPotion"},{"floor":35,"key":"hexamod:SoulburnPotion"}],"is_trial":false,"path_per_floor":["M","?","M","M","M","R","E","R","T","$","T","M","?","M","R","B",null,"M","?","$","M","?","?","R","M","T","$","R","E","M","M","R","B",null,"M","$","?","?","M","R","E","$","T","M","M","E","R","M","R","B",null,null],"character_chosen":"DEFECT","items_purchased":["Storm","Core Surge","Self Repair","Glacier","Blind","Panacea"],"campfire_rested":2,"item_purchase_floors":[10,20,20,27,36,42],"current_hp_per_floor":[67,67,60,53,49,49,25,25,25,25,25,27,57,54,54,24,74,74,74,74,30,17,43,43,50,50,50,50,50,37,14,39,23,70,58,58,58,58,56,56,35,35,35,43,47,55,55,53,77,26,26],"gold":201,"neow_bonus":"","is_daily":false,"chose_seed":false,"campfire_upgraded":4,"win_rate":0.0,"timestamp":1612131748,"path_taken":["M","?","?","M","M","R","E","R","T","$","?","M","?","M","R","BOSS","M","?","$","M","?","?","R","M","T","$","R","E","?","M","R","BOSS","M","$","?","?","?","R","E","$","T","M","M","E","R","M","R","BOSS"],"items_purchased_type":["Card","Card","Card","Card","Card","Card"],"build_version":"2020-12-22","purchased_purges":3,"victory":true,"max_hp_per_floor":[75,75,75,75,75,75,75,75,75,75,75,90,90,90,90,90,90,80,80,80,80,80,80,80,80,80,80,80,80,82,84,84,86,86,88,88,88,88,82,82,84,84,84,86,88,90,90,82,82,26,26],"relic_stats":{"Inserter":[27],"counters":[27,164],"Blue Candle":[1],"obtain_stats":[{"reliquary:OuijaBoard":26,"RabbitCall":0,"Girya":11,"BackwardClock":39,"Inserter":34,"Calipers":46,"Blue Candle":41,"LuminousBracelet":12,"SkinProphecy":25,"CogitoBucket":0,"Bottled Flame":7,"HornCleat":9,"AtMidnight":39,"LetterFromLob":1,"reliquary:Ember":17,"Red Mask":22,"Cracked Core":0,"Meat on the Bone":43},{"reliquary:OuijaBoard":14,"RabbitCall":0,"Girya":5,"BackwardClock":20,"Inserter":17,"Calipers":24,"Blue Candle":21,"LuminousBracelet":7,"SkinProphecy":14,"CogitoBucket":0,"Bottled Flame":5,"HornCleat":5,"AtMidnight":20,"LetterFromLob":1,"reliquary:Ember":9,"Red Mask":12,"Cracked Core":0,"Meat on the Bone":21},{"reliquary:OuijaBoard":66,"RabbitCall":0,"Girya":17,"BackwardClock":102,"Inserter":83,"Calipers":121,"Blue Candle":107,"LuminousBracelet":23,"SkinProphecy":66,"CogitoBucket":0,"Bottled Flame":17,"HornCleat":17,"AtMidnight":102,"LetterFromLob":3,"reliquary:Ember":42,"Red Mask":58,"Cracked Core":0,"Meat on the Bone":107}],"Meat on the Bone":36},"card_choices":[{"not_picked":["FairyFestival","Bloodbath","ShyLook"],"picked":"Singing Bowl","floor":1},{"not_picked":["Beam Cell","Hello World"],"picked":"Capacitor","floor":1},{"not_picked":["Streamline","Hologram"],"picked":"Genetic Algorithm","floor":3},{"not_picked":["OSAHOGD","Scorched","FairyFestival"],"picked":"Singing Bowl","floor":3},{"not_picked":["Skim","Capacitor"],"picked":"Biased Cognition","floor":4},{"not_picked":["WallGazer","OSAHOGD","Wellcheers"],"picked":"Singing Bowl","floor":4},{"not_picked":["Sweeping Beam","Rebound"],"picked":"BootSequence","floor":5},{"not_picked":["Bloodbath","SpiderBud","OSAHOGD"],"picked":"Singing Bowl","floor":5},{"not_picked":["SpiderBud","Mercenary","Bloodbath"],"picked":"Singing Bowl","floor":7},{"not_picked":["Turbo","Rebound","Loop"],"picked":"SKIP","floor":7},{"not_picked":["OSAHOGD","PunishingBird"],"picked":"MHz","floor":12},{"not_picked":["Beam Cell","Rebound","Steam"],"picked":"SKIP","floor":12},{"not_picked":["VoidDream","Scorched","Murderer"],"picked":"Singing Bowl","floor":14},{"not_picked":["Rip and Tear","White Noise","Gash"],"picked":"SKIP","floor":14},{"not_picked":["Rainbow","All For One"],"picked":"Biased Cognition","floor":16},{"not_picked":["Funeral","Porccubus","WallGazer"],"picked":"Singing Bowl","floor":16},{"not_picked":["OldLady","DespairKnight","Yin"],"picked":"Singing Bowl","floor":18},{"not_picked":["Steam Power","Sweeping Beam","Hologram"],"picked":"SKIP","floor":18},{"not_picked":["SpiderBud","WallGazer","VoidDream"],"picked":"Singing Bowl","floor":21},{"not_picked":["Streamline","Steam Power","Skim"],"picked":"SKIP","floor":21},{"not_picked":["SingingMachine","CherryBlossoms","QueenBee"],"picked":"Singing Bowl","floor":22},{"not_picked":["Reprogram","Glacier+1"],"picked":"Electrodynamics","floor":25},{"not_picked":["MeltingLove","Alriune","BlackSwan"],"picked":"Singing Bowl","floor":25},{"not_picked":["LaLuna","Variant","BlueStar"],"picked":"Singing Bowl","floor":30},{"not_picked":["Gash","Reinforced Body","BootSequence"],"picked":"SKIP","floor":30},{"not_picked":["Multi-Cast","Glacier"],"picked":"Static Discharge","floor":31},{"not_picked":["Scarecrow","LittlePrince","Scorched"],"picked":"Singing Bowl","floor":31},{"not_picked":["LongBird","NakedNest","DreamingCurrent"],"picked":"Singing Bowl","floor":33},{"not_picked":["RedShoes","BeautyBeast","WhitesApple"],"picked":"Singing Bowl","floor":35},{"not_picked":["Sweeping Beam","Stack","Rebound"],"picked":"SKIP","floor":35},{"not_picked":["BlackArmy","LittleHelper","Rudolta"],"picked":"Singing Bowl","floor":39},{"not_picked":["Rebound","All For One","Compile Driver"],"picked":"SKIP","floor":39},{"not_picked":["Rebound","All For One","Compile Driver"],"picked":"SKIP","floor":39},{"not_picked":["Scarecrow","SilentOrchestra","Alriune"],"picked":"Singing Bowl","floor":41},{"not_picked":["Gash","Skim","Go for the Eyes"],"picked":"SKIP","floor":41},{"not_picked":["BlackArmy","FieryBird","LaLuna"],"picked":"Singing Bowl","floor":44},{"not_picked":["Go for the Eyes","Hologram","Melter"],"picked":"SKIP","floor":44},{"not_picked":["Variant","Funeral","OSAHOGD"],"picked":"Singing Bowl","floor":45},{"not_picked":["Genetic Algorithm","White Noise"],"picked":"Barrage","floor":45},{"not_picked":["HappyTeddy","Variant","Funeral"],"picked":"Singing Bowl","floor":46},{"not_picked":["Heatsinks","Sweeping Beam","Creative AI"],"picked":"SKIP","floor":46},{"not_picked":["Variant","MeltingLove","Yin"],"picked":"Singing Bowl","floor":48},{"not_picked":["Recycle","Conserve Battery","Streamline"],"picked":"SKIP","floor":48}],"player_experience":1128738,"relics_obtained":[{"floor":1,"key":"LetterFromLob"},{"floor":7,"key":"Bottled Flame"},{"floor":9,"key":"HornCleat"},{"floor":11,"key":"Girya"},{"floor":22,"key":"Red Mask"},{"floor":26,"key":"reliquary:OuijaBoard"},{"floor":39,"key":"AtMidnight"},{"floor":41,"key":"Blue Candle"},{"floor":43,"key":"Meat on the Bone"},{"floor":46,"key":"Calipers"}],"event_choices":[{"damage_healed":0,"gold_gain":0,"cards_transformed":["Strike_B"],"player_choice":"Transformed","damage_taken":0,"max_hp_gain":0,"max_hp_loss":0,"event_name":"Transmorgrifier","floor":2,"gold_loss":0,"cards_obtained":["Rip and Tear"]},{"damage_healed":30,"gold_gain":0,"player_choice":"Banana","damage_taken":0,"max_hp_gain":0,"max_hp_loss":0,"event_name":"Big Fish","floor":13,"gold_loss":0},{"damage_healed":0,"gold_gain":99,"player_choice":"Steal","damage_taken":0,"max_hp_gain":0,"max_hp_loss":0,"event_name":"betterThird:BetterNest","floor":19,"gold_loss":0},{"damage_healed":0,"gold_gain":0,"player_choice":"Fought Bandits","damage_taken":0,"max_hp_gain":0,"max_hp_loss":0,"event_name":"Masked Bandits","floor":22,"gold_loss":0},{"damage_healed":26,"gold_gain":0,"player_choice":"Heal","damage_taken":0,"max_hp_gain":0,"max_hp_loss":0,"event_name":"The Library","floor":23,"gold_loss":0},{"damage_healed":0,"gold_gain":0,"player_choice":"Random: Blue","damage_taken":0,"max_hp_gain":0,"max_hp_loss":0,"event_name":"betterThird:BetterPortal","floor":38,"gold_loss":0},{"damage_healed":0,"gold_gain":0,"player_choice":"Memory 1","damage_taken":0,"max_hp_gain":0,"max_hp_loss":0,"event_name":"SensoryStone","floor":38,"gold_loss":0}],"is_beta":false,"boss_relics":[{"not_picked":["bronze:MakeshiftBattery","SlaversCollar"],"picked":"reliquary:Ember"},{"not_picked":["Astrolabe","Calling Bell"],"picked":"Inserter"}],"items_purged_floors":[10,36,42],"is_endless":false,"potions_floor_spawned":[1,16,18,25,33,35,41,45,48],"ascension_level":13}}