{"host":"zxkjcgzis4pm3za5","time":1612061837,"event":{"mods":["AchievementEnabler","Act Like it!","BaseMod","Colored Map","Colored Powertips","Friendly Minions","GifTheSpireLib","Minty Spire (QoL Compilation)","Quick Restart","RNG Fix","Random Character Button","Relic Filter Mod","Relic Sorter","Relic Stats","StSLib"],"gold_per_floor":[112,187,1,17,33,58,58,74,98,132,144,144,158,185,185,257,257,272,272,322,264,279,279,290,340,340,372,372,401,415,415,415,415,415],"floor_reached":33,"language":"ENG","playtime":1267,"items_purged":[],"score":580,"play_id":"d015d35d-60eb-42e7-bebb-8158f28ef27f","local_time":"20210131082717","is_ascension_mode":true,"campfire_choices":[{"floor":7.0,"key":"REST"},{"data":"Cloak And Dagger","floor":12.0,"key":"SMITH"},{"data":"Accuracy","floor":15.0,"key":"SMITH"},{"data":"Cloak And Dagger","floor":23.0,"key":"SMITH"},{"data":"Cloak And Dagger","floor":28.0,"key":"SMITH"},{"floor":32,"key":"REST"}],"circlet_count":0,"master_deck":["AscendersBane","Defend_G","Defend_G+1","Defend_G","Defend_G","Defend_G","Survivor+1","Neutralize","Dash","Cloak And Dagger+1","Cloak And Dagger+1","Predator","Backstab","Acrobatics","Well Laid Plans","PiercingWail","Accuracy+1","Slice","Adrenaline","Riddle With Holes+1","Infinite Blades+1","Dagger Spray+1","Bane","Die Die Die","Blade Dance","Cloak And Dagger+1","Escape Plan","After Image","Quick Slash","Terror+1"],"relics":["Ring of the Snake","Anchor","Vajra","War Paint","Ancient Tea Set","FossilizedHelix","Potion Belt","Astrolabe","Pocketwatch","Akabeko","Bag of Preparation"],"acts_visited":["Exordium","TheCity"],"potions_floor_usage":[30],"damage_taken":[{"damage":0.0,"enemies":"2 Louse","floor":1.0,"turns":4.0},{"damage":0.0,"enemies":"Small Slimes","floor":4.0,"turns":3.0},{"damage":2.0,"enemies":"Jaw Worm","floor":5.0,"turns":4.0},{"damage":38.0,"enemies":"Lagavulin","floor":6.0,"turns":8.0},{"damage":0.0,"enemies":"Large Slime","floor":8.0,"turns":5.0},{"damage":7.0,"enemies":"3 Sentries","floor":10.0,"turns":7.0},{"damage":0.0,"enemies":"Exordium Thugs","floor":11.0,"turns":5.0},{"damage":0.0,"enemies":"Looter","floor":13.0,"turns":2.0},{"damage":6.0,"enemies":"Lagavulin","floor":14.0,"turns":8.0},{"damage":8.0,"enemies":"Hexaghost","floor":16.0,"turns":13.0},{"damage":0.0,"enemies":"Spheric Guardian","floor":18.0,"turns":3.0},{"damage":0.0,"enemies":"Chosen","floor":22.0,"turns":5.0},{"damage":6.0,"enemies":"Snake Plant","floor":24.0,"turns":3.0},{"damage":13.0,"enemies":"Slavers","floor":27.0,"turns":7.0},{"damage":25.0,"enemies":"Book of Stabbing","floor":29.0,"turns":4.0},{"damage":0,"enemies":"Shelled Parasite and Fungi","floor":30,"turns":5},{"damage":38,"enemies":"Automaton","floor":33,"turns":8}],"seed_played":"-6305691021123928234","potions_obtained":[{"floor":4.0,"key":"EssenceOfSteel"},{"floor":6.0,"key":"Poison Potion"},{"floor":11.0,"key":"BlessingOfTheForge"},{"floor":14.0,"key":"Fire Potion"},{"floor":18.0,"key":"Swift Potion"},{"floor":22.0,"key":"Strength Potion"},{"floor":27.0,"key":"Energy Potion"}],"is_trial":false,"path_per_floor":["M","?","$","M","M","E","R","M","T","E","M","R","M","E","R","B",null,"M","?","?","$","M","R","M","?","T","E","R","E","M","?","R","B"],"character_chosen":"THE_SILENT","items_purchased":["Vajra","Cloak And Dagger","Blade Dance"],"campfire_rested":2,"item_purchase_floors":[3,3,21],"current_hp_per_floor":[59,48,48,48,46,8,27,27,27,20,20,20,20,14,14,6,51,51,51,51,51,51,51,45,45,45,32,32,7,7,7,26,0,0],"gold":415,"neow_bonus":"RANDOM_COMMON_RELIC","is_daily":false,"chose_seed":false,"campfire_upgraded":4,"win_rate":0.0,"timestamp":1612061837,"path_taken":["M","?","$","M","M","E","R","M","T","E","?","R","M","E","R","BOSS","M","?","?","$","M","R","M","?","T","E","R","E","M","?","R","BOSS"],"items_purchased_type":["Relic","Card","Card"],"build_version":"2020-12-22","purchased_purges":0,"victory":false,"max_hp_per_floor":[66,66,66,66,66,66,66,66,66,66,66,66,66,66,66,66,66,66,66,66,66,66,66,66,66,66,66,66,66,66,66,66,66,66],"relic_stats":{"counters":[17,94],"Astrolabe":["Riddle With Holes","Infinite Blades","Dagger Spray"],"Bag of Preparation":[4],"War Paint":["Survivor","Defend_G"],"obtain_stats":[{"Potion Belt":14,"Anchor":0,"Astrolabe":17,"Vajra":3,"Bag of Preparation":29,"War Paint":6,"Ancient Tea Set":9,"FossilizedHelix":10,"Akabeko":27,"Ring of the Snake":0,"Pocketwatch":26},{"Potion Belt":9,"Anchor":0,"Astrolabe":10,"Vajra":1,"Bag of Preparation":15,"War Paint":4,"Ancient Tea Set":5,"FossilizedHelix":6,"Akabeko":14,"Ring of the Snake":0,"Pocketwatch":13},{"Potion Belt":46,"Anchor":0,"Astrolabe":59,"Vajra":4,"Bag of Preparation":81,"War Paint":19,"Ancient Tea Set":24,"FossilizedHelix":31,"Akabeko":77,"Ring of the Snake":0,"Pocketwatch":70}],"Ring of the Snake":[34],"Pocketwatch":[9]},"card_choices":[{"not_picked":["PiercingWail","Crippling Poison"],"picked":"Dash","floor":1.0},{"not_picked":["Deadly Poison","Blur"],"picked":"Cloak And Dagger","floor":4.0},{"not_picked":["Prepared","Dodge and Roll"],"picked":"Predator","floor":5.0},{"not_picked":["Deadly Poison","Well Laid Plans"],"picked":"Backstab","floor":6.0},{"not_picked":["Blur","Dodge and Roll"],"picked":"Acrobatics","floor":8.0},{"not_picked":["Noxious Fumes","Dagger Throw"],"picked":"Well Laid Plans","floor":10.0},{"not_picked":["Concentrate","Caltrops"],"picked":"PiercingWail","floor":11.0},{"not_picked":["Escape Plan","Grand Finale"],"picked":"Accuracy","floor":13.0},{"not_picked":["Setup","Flying Knee"],"picked":"Slice","floor":14.0},{"not_picked":["Bullet Time","Envenom"],"picked":"Adrenaline","floor":16.0},{"not_picked":["Acrobatics","Underhanded Strike","Deadly Poison"],"picked":"SKIP","floor":18.0},{"not_picked":["All Out Attack","A Thousand Cuts"],"picked":"Cloak And Dagger","floor":22.0},{"not_picked":["Backflip","Blur"],"picked":"Escape Plan","floor":24.0},{"not_picked":["Deadly Poison","Prepared+1"],"picked":"After Image","floor":27.0},{"not_picked":["Skewer","Eviscerate"],"picked":"Quick Slash","floor":29.0},{"not_picked":["Cloak And Dagger+1","Underhanded Strike"],"picked":"Terror+1","floor":30}],"player_experience":296567,"relics_obtained":[{"floor":6.0,"key":"War Paint"},{"floor":9.0,"key":"Ancient Tea Set"},{"floor":10.0,"key":"FossilizedHelix"},{"floor":14.0,"key":"Potion Belt"},{"floor":26.0,"key":"Pocketwatch"},{"floor":27.0,"key":"Akabeko"},{"floor":29.0,"key":"Bag of Preparation"}],"event_choices":[{"damage_healed":0.0,"max_hp_gain":0.0,"max_hp_loss":0.0,"gold_gain":75.0,"event_name":"World of Goop","player_choice":"Gather Gold","floor":2.0,"gold_loss":0.0,"damage_taken":11.0},{"damage_healed":0.0,"max_hp_gain":0.0,"max_hp_loss":0.0,"gold_gain":0.0,"cards_transformed":["Strike_G","Strike_G"],"event_name":"Drug Dealer","player_choice":"Became Test Subject","floor":19.0,"gold_loss":0.0,"damage_taken":0.0,"cards_obtained":["Bane","Die Die Die"]},{"damage_healed":0.0,"max_hp_gain":0.0,"max_hp_loss":0.0,"gold_gain":50.0,"event_name":"Nest","player_choice":"Stole From Cult","floor":20.0,"gold_loss":0.0,"damage_taken":0.0},{"damage_healed":0.0,"max_hp_gain":0.0,"max_hp_loss":0.0,"gold_gain":50.0,"event_name":"Golden Shrine","player_choice":"Pray","floor":25.0,"gold_loss":0.0,"damage_taken":0.0},{"damage_healed":0,"gold_gain":0,"player_choice":"Ignored","damage_taken":0,"max_hp_gain":0,"max_hp_loss":0,"event_name":"Cursed Tome","floor":31,"gold_loss":0}],"is_beta":false,"boss_relics":[{"not_picked":["Philosopher\u0027s Stone","Empty Cage"],"picked":"Astrolabe"}],"items_purged_floors":[],"is_endless":false,"potions_floor_spawned":[4,6,11,14,18,22,27],"killed_by":"Automaton","ascension_level":18}}