{"host":"0tiuc76yumknr6qf","time":1612055693,"event":{"mods":["Aspiration","BaseMod","Bestiary","Colored Map","DeckTracker","Highlight Path","Minty Spire (QoL Compilation)","StSLib"],"gold_per_floor":[119,154,154,154,213,241,241,269,281,69,81,81,6,37,37,134,134,147,147,157,157,157,191,82,82,108,108,143,143,143,159,159,257,257,270,280,280,280,137,162,162,190,217,228,228,245,265,290,290,290,290],"floor_reached":50,"language":"ENG","playtime":3674,"items_purged":["Defend_P"],"score":969,"play_id":"15e5df66-cdf8-4b7e-89e2-d102842c5247","local_time":"20210130191453","is_ascension_mode":true,"campfire_choices":[{"data":"Eruption","floor":12,"key":"SMITH"},{"data":"JustLucky","floor":15,"key":"SMITH"},{"data":"WindmillStrike","floor":25,"key":"SMITH"},{"data":"Vault","floor":27,"key":"SMITH"},{"data":"ForeignInfluence","floor":29,"key":"SMITH"},{"floor":32,"key":"REST"},{"floor":41,"key":"RECALL"},{"data":"Vault","floor":49,"key":"SMITH"}],"circlet_count":0,"master_deck":["Defend_P","Defend_P","Eruption+1","Vigilance","ForeignInfluence+1","Sanctity","JustLucky+1","FlyingSleeves","Vault+1","Master of Strategy","EmptyFist","WindmillStrike+1","Weave","Establishment","Crescendo","DeceiveReality+1","Bite","Bite","Bite","Bite","Bite","Vault+1","Wireheading","Weave","FearNoEvil","CutThroughFate","Meditate","Devotion","Protect+1","FlyingSleeves+1","MentalFortress","Protect","Crescendo","Meditate","Worship+1","Swift Strike+1","ThirdEye"],"relics":["HolyWater","aspiration:Nostalgia","Burning Blood","aspiration:HiddenCompartment","Anchor","MawBank","aspiration:FetidBarrel","Toy Ornithopter","aspiration:RitualStick","Strawberry","Juzu Bracelet","Dream Catcher","Busted Crown","Molten Egg 2","MealTicket","Yang"],"acts_visited":["Exordium","TheCity","TheBeyond"],"potions_floor_usage":[6,8,16,23,42,42,46,48,50],"damage_taken":[{"damage":0,"enemies":"2 Louse","floor":1,"turns":2},{"damage":7,"enemies":"Jaw Worm","floor":2,"turns":7},{"damage":3,"enemies":"Small Slimes","floor":5,"turns":4},{"damage":0,"enemies":"Gremlin Nob","floor":6,"turns":3},{"damage":14,"enemies":"3 Sentries","floor":8,"turns":3},{"damage":0,"enemies":"Exordium Wildlife","floor":11,"turns":1},{"damage":18,"enemies":"Lagavulin","floor":14,"turns":5},{"damage":24,"enemies":"The Guardian","floor":16,"turns":11},{"damage":1,"enemies":"2 Thieves","floor":18,"turns":3},{"damage":7,"enemies":"3 Byrds","floor":20,"turns":3},{"damage":24,"enemies":"Slavers","floor":23,"turns":5},{"damage":0,"enemies":"Gremlin Leader","floor":28,"turns":4},{"damage":29,"enemies":"Snake Plant","floor":31,"turns":4},{"damage":55,"enemies":"Automaton","floor":33,"turns":9},{"damage":5,"enemies":"3 Shapes","floor":35,"turns":3},{"damage":0,"enemies":"Orb Walker","floor":36,"turns":3},{"damage":3,"enemies":"Giant Head","floor":40,"turns":6},{"damage":13,"enemies":"Reptomancer","floor":42,"turns":6},{"damage":2,"enemies":"Jaw Worm Horde","floor":44,"turns":3},{"damage":10,"enemies":"3 Darklings","floor":46,"turns":4},{"damage":21,"enemies":"Sphere and 2 Shapes","floor":47,"turns":5},{"damage":13,"enemies":"Nemesis","floor":48,"turns":6},{"damage":79,"enemies":"Awakened One","floor":50,"turns":10}],"seed_played":"7164221601372119087","potions_obtained":[{"floor":1,"key":"DistilledChaos"},{"floor":5,"key":"DuplicationPotion"},{"floor":8,"key":"Swift Potion"},{"floor":18,"key":"Weak Potion"},{"floor":33,"key":"Explosive Potion"},{"floor":35,"key":"SkillPotion"},{"floor":42,"key":"Explosive Potion"},{"floor":44,"key":"LiquidMemories"},{"floor":46,"key":"Dexterity Potion"}],"is_trial":false,"path_per_floor":["M","M","?","?","M","E","?","E","T","$","M","R","$","E","R","B",null,"M","?","M","?","?","E","$","R","T","R","E","R","?","M","R","B",null,"M","M","?","?","$","E","R","E","T","M","?","M","M","E","R","B"],"character_chosen":"WATCHER","items_purchased":["Master of Strategy","EmptyFist","Wireheading","Weave","MentalFortress","Protect","Crescendo"],"campfire_rested":1,"item_purchase_floors":[10,10,24,24,39,39,39],"current_hp_per_floor":[71,70,70,70,72,72,69,61,61,61,67,67,67,55,55,42,65,70,56,55,50,50,41,41,41,41,41,53,53,53,36,53,14,46,51,57,57,57,57,57,57,57,57,57,57,56,43,47,47,0,0],"gold":290,"neow_bonus":"NOSTALGIA","is_daily":false,"chose_seed":false,"campfire_upgraded":6,"win_rate":0.0,"timestamp":1612055693,"path_taken":["M","M","?","?","M","E","?","E","T","$","M","R","$","E","R","BOSS","M","?","M","?","?","E","$","R","T","R","E","R","?","M","R","BOSS","M","M","?","?","$","E","R","E","T","M","?","M","M","E","R","BOSS"],"items_purchased_type":["Card","Card","Card","Card","Card","Card","Card"],"build_version":"2020-12-22","purchased_purges":1,"victory":false,"max_hp_per_floor":[72,72,72,72,72,72,72,72,72,72,72,72,72,72,72,72,72,72,72,72,50,50,57,57,57,57,57,57,57,57,57,57,57,57,57,57,57,57,57,57,57,57,57,57,57,57,57,57,57,57,57],"card_choices":[{"not_picked":["Crescendo","FlyingSleeves"],"picked":"ForeignInfluence","floor":1},{"not_picked":["CrushJoints","Evaluate"],"picked":"Sanctity","floor":2},{"not_picked":["Prostrate","Pray"],"picked":"JustLucky","floor":5},{"not_picked":["SashWhip","Evaluate"],"picked":"FlyingSleeves","floor":6},{"not_picked":["FlyingSleeves","Evaluate"],"picked":"Vault","floor":8},{"not_picked":["CrushJoints","SashWhip"],"picked":"WindmillStrike","floor":11},{"not_picked":["Evaluate","Protect"],"picked":"Weave","floor":14},{"not_picked":["DeusExMachina","Judgement"],"picked":"Establishment","floor":16},{"not_picked":["SashWhip+1","Prostrate"],"picked":"Crescendo","floor":18},{"not_picked":["Prostrate","Indignation"],"picked":"DeceiveReality+1","floor":20},{"not_picked":["EmptyBody","Study"],"picked":"Vault","floor":23},{"not_picked":["Tantrum","Halt+1"],"picked":"FearNoEvil","floor":28},{"not_picked":["Prostrate+1","Ragnarok"],"picked":"CutThroughFate","floor":31},{"not_picked":["FlurryOfBlows","Prostrate+1"],"picked":"Meditate","floor":32},{"not_picked":["Blasphemy","Establishment"],"picked":"Devotion","floor":33},{"not_picked":[],"picked":"Protect+1","floor":35},{"not_picked":[],"picked":"FlyingSleeves+1","floor":36},{"not_picked":[],"picked":"Meditate","floor":40},{"not_picked":[],"picked":"Worship+1","floor":42},{"not_picked":["FollowUp+1"],"picked":"SKIP","floor":44},{"not_picked":[],"picked":"Swift Strike+1","floor":45},{"not_picked":[],"picked":"ThirdEye","floor":46},{"not_picked":["Worship"],"picked":"SKIP","floor":47},{"not_picked":["PathToVictory"],"picked":"SKIP","floor":48}],"player_experience":1914270,"relics_obtained":[{"floor":6,"key":"aspiration:HiddenCompartment"},{"floor":8,"key":"MawBank"},{"floor":9,"key":"aspiration:FetidBarrel"},{"floor":14,"key":"Toy Ornithopter"},{"floor":23,"key":"Strawberry"},{"floor":26,"key":"Juzu Bracelet"},{"floor":28,"key":"Dream Catcher"},{"floor":40,"key":"Molten Egg 2"},{"floor":42,"key":"MealTicket"},{"floor":48,"key":"Yang"}],"event_choices":[{"damage_healed":0,"gold_gain":0,"player_choice":"Ignored","damage_taken":0,"max_hp_gain":0,"max_hp_loss":0,"event_name":"Liars Game","floor":3,"gold_loss":0},{"damage_healed":0,"gold_gain":0,"player_choice":"Leave","damage_taken":0,"max_hp_gain":0,"max_hp_loss":0,"event_name":"The Cleric","floor":4,"gold_loss":0},{"damage_healed":0,"gold_gain":0,"player_choice":"Success","damage_taken":3,"relics_obtained":["Anchor"],"max_hp_gain":0,"max_hp_loss":0,"event_name":"Scrap Ooze","floor":7,"gold_loss":0},{"damage_healed":0,"gold_gain":0,"player_choice":"Became a vampire","damage_taken":0,"max_hp_gain":0,"max_hp_loss":22,"event_name":"Vampires","floor":21,"gold_loss":0,"cards_obtained":["Bite","Bite","Bite","Bite","Bite"]},{"damage_healed":0,"gold_gain":0,"player_choice":"Ignored","damage_taken":0,"max_hp_gain":0,"max_hp_loss":0,"event_name":"Beggar","floor":22,"gold_loss":0},{"damage_healed":0,"gold_gain":0,"player_choice":"Ignored","damage_taken":0,"max_hp_gain":0,"max_hp_loss":0,"event_name":"Ghosts","floor":30,"gold_loss":0},{"damage_healed":0,"gold_gain":0,"player_choice":"Ignored","damage_taken":0,"max_hp_gain":0,"max_hp_loss":0,"event_name":"SecretPortal","floor":37,"gold_loss":0},{"cards_removed":["Defend_P"],"damage_healed":0,"gold_gain":0,"player_choice":"Removed Skill","damage_taken":0,"max_hp_gain":0,"max_hp_loss":0,"event_name":"Falling","floor":38,"gold_loss":0},{"damage_healed":0,"gold_gain":0,"player_choice":"Memory 1","damage_taken":0,"max_hp_gain":0,"max_hp_loss":0,"event_name":"SensoryStone","floor":45,"gold_loss":0}],"is_beta":false,"boss_relics":[{"not_picked":["aspiration:FutureDiary","Pandora\u0027s Box"],"picked":"HolyWater"},{"not_picked":["SlaversCollar","VioletLotus"],"picked":"Busted Crown"}],"items_purged_floors":[13],"is_endless":false,"potions_floor_spawned":[1,5,8,18,33,35,42,44,46],"killed_by":"Awakened One","ascension_level":9}}