{"host":"nug5xkek4sujf8as","time":1612075063,"event":{"mods":["Act Like it!","Aspiration","BaseMod","Booster Modes","CapriCore","Colored Powertips","Conspire","Energized Spire","Gensokyo","Minty Spire (QoL Compilation)","Permanent Neow","Quick Restart","Replay The Spire","Shop Mod","Spicy Shops","StSLib","【功能Mod】混沌之环修复补丁","【遗物卡牌】REMEMod","篝火指南"],"gold_per_floor":[112,112,123,123,217,329,348,382,382,382,382],"floor_reached":10,"language":"ZHS","playtime":408,"items_purged":[],"score":125,"play_id":"7e0f9667-7b6f-43d1-8815-3fe0836a3468","local_time":"20210131143743","is_ascension_mode":true,"campfire_choices":[],"circlet_count":0,"master_deck":["AscendersBane","Strike_B","Strike_B","Strike_B","Strike_B","Defend_B","Defend_B","Defend_B+1","Defend_B","Zap","Dualcast","Gensokyo:MorningStar","Eruption+1","Strike_B","REME_WheelOfFate","Reprogram","Turbo","Hologram","Beam Cell","ReplayTheSpireMod:Reroute Power","Steam"],"relics":["Cracked Core","REME_ComplimentaryCards","Potion Belt","conspire:GlowingRock","REME_LimitBreaker","Juzu Bracelet"],"acts_visited":["Exordium"],"potions_floor_usage":[10],"damage_taken":[{"damage":10.0,"enemies":"2 Louse","floor":1.0,"turns":3.0},{"damage":1.0,"enemies":"Cultist","floor":3.0,"turns":3.0},{"damage":4.0,"enemies":"Small Slimes","floor":5.0,"turns":4.0},{"damage":8.0,"enemies":"Lagavulin","floor":6.0,"turns":7.0},{"damage":8.0,"enemies":"Looter","floor":7.0,"turns":4.0},{"damage":52,"enemies":"3 Sentries","floor":8,"turns":5},{"damage":16,"enemies":"Gremlin Nob","floor":10,"turns":2}],"seed_played":"-6316481605836261448","potions_obtained":[{"floor":1.0,"key":"Languid Potion"},{"floor":3.0,"key":"Strength Potion"},{"floor":7.0,"key":"CultistPotion"}],"is_trial":false,"path_per_floor":["M","?","M","?","M","E","M","E","T","E"],"character_chosen":"DEFECT","items_purchased":[],"campfire_rested":0,"item_purchase_floors":[],"current_hp_per_floor":[58,58,57,57,53,45,57,5,5,0,0],"gold":382,"neow_bonus":"RANDOM_COLORLESS_2","is_daily":false,"chose_seed":false,"campfire_upgraded":0,"win_rate":0.0,"timestamp":1612075063,"path_taken":["M","?","?","?","M","E","M","E","T","E"],"items_purchased_type":[],"build_version":"2020-12-22","purchased_purges":0,"victory":false,"max_hp_per_floor":[75,75,75,75,75,75,75,75,75,75,75],"card_choices":[{"not_picked":["Master of Strategy","REME_BuildACard"],"picked":"REME_WheelOfFate","floor":0.0},{"not_picked":["Gash","Redo","ReplayTheSpireMod:Repulse"],"picked":"Reprogram","floor":1.0},{"not_picked":["Stack","Panic Button"],"picked":"Turbo","floor":3.0},{"not_picked":["Barrage","Steam"],"picked":"Hologram","floor":5.0},{"not_picked":["Turbo","Cold Snap"],"picked":"Beam Cell","floor":6.0},{"not_picked":["Panic Button","Stack"],"picked":"ReplayTheSpireMod:Reroute Power","floor":7.0},{"not_picked":["Darkness","Stack"],"picked":"Steam","floor":8}],"player_experience":757090,"relics_obtained":[{"floor":6.0,"key":"conspire:GlowingRock"},{"floor":8,"key":"REME_LimitBreaker"},{"floor":9,"key":"Juzu Bracelet"}],"event_choices":[{"damage_healed":0.0,"max_hp_gain":0.0,"max_hp_loss":0.0,"gold_gain":0.0,"event_name":"Upgrade Shrine","player_choice":"Upgraded","floor":2.0,"gold_loss":0.0,"damage_taken":0.0,"cards_upgraded":["Eruption"]}],"is_beta":false,"boss_relics":[],"items_purged_floors":[],"is_endless":false,"potions_floor_spawned":[1,3,7],"killed_by":"Gremlin Nob","ascension_level":12}}