{"host":"xg4r5pv6chpuampg","time":1612100733,"event":{"mods":["AchievementEnabler","BaseMod","Googly Eyes","Minty Spire (QoL Compilation)"],"gold_per_floor":[114,132,132,145,163,189,204,204,204,204,221,32,32,42,42,139,139,151,151,2,2,20,20,46,62,62,74,84,118,130,141,141,141,141],"floor_reached":33,"language":"ENG","playtime":2342,"items_purged":["Pain"],"score":368,"play_id":"d433809d-aa62-4b07-a92e-047300f80c2c","local_time":"20210131164533","is_ascension_mode":false,"campfire_choices":[{"floor":8,"key":"REST"},{"floor":10,"key":"REST"},{"data":"Corpse Explosion","floor":15,"key":"SMITH"},{"data":"Panache","floor":23,"key":"SMITH"},{"floor":32,"key":"REST"}],"circlet_count":0,"master_deck":["Strike_G","Strike_G","Strike_G","Strike_G","Strike_G","Defend_G","Defend_G","Defend_G","Defend_G","Survivor","Neutralize","CurseOfTheBell","Blade Dance","Quick Slash","Bouncing Flask","Blade Dance","Blur","Corpse Explosion+1","Deadly Poison","Panache+1","Backflip","All Out Attack","Adrenaline","Flying Knee+1","Iron Wave","Backflip+1","PiercingWail","Blade Dance","Blade Dance","Quick Slash","Acrobatics","Slice"],"relics":["Calling Bell","Calipers","Question Card","Nunchaku","WarpedTongs","MealTicket","Ninja Scroll","WristBlade","Anchor","Bottled Flame","Girya"],"acts_visited":["Exordium","TheCity"],"potions_floor_usage":[16,16,29,29,29,33],"damage_taken":[{"damage":0,"enemies":"2 Louse","floor":1,"turns":5},{"damage":7,"enemies":"Cultist","floor":2,"turns":4},{"damage":6,"enemies":"Small Slimes","floor":4,"turns":3},{"damage":13,"enemies":"Gremlin Gang","floor":5,"turns":4},{"damage":15,"enemies":"Gremlin Nob","floor":6,"turns":4},{"damage":24,"enemies":"Large Slime","floor":7,"turns":6},{"damage":5,"enemies":"Lots of Slimes","floor":11,"turns":2},{"damage":0,"enemies":"Gremlin Gang","floor":14,"turns":1},{"damage":54,"enemies":"The Guardian","floor":16,"turns":8},{"damage":0,"enemies":"3 Byrds","floor":18,"turns":1},{"damage":0,"enemies":"Chosen","floor":22,"turns":4},{"damage":13,"enemies":"Slavers","floor":24,"turns":3},{"damage":0,"enemies":"Snake Plant","floor":25,"turns":4},{"damage":12,"enemies":"Centurion and Healer","floor":27,"turns":3},{"damage":0,"enemies":"Cultist and Chosen","floor":28,"turns":4},{"damage":0,"enemies":"Gremlin Leader","floor":29,"turns":4},{"damage":0,"enemies":"Chosen and Byrds","floor":30,"turns":2},{"damage":21,"enemies":"Snake Plant","floor":31,"turns":4},{"damage":51,"enemies":"Collector","floor":33,"turns":6}],"seed_played":"7056157731587984014","potions_obtained":[{"floor":5,"key":"DuplicationPotion"},{"floor":7,"key":"Poison Potion"},{"floor":11,"key":"DuplicationPotion"},{"floor":13,"key":"CunningPotion"},{"floor":22,"key":"Regen Potion"},{"floor":28,"key":"SteroidPotion"},{"floor":30,"key":"Energy Potion"}],"is_trial":false,"path_per_floor":["M","M","?","M","M","E","M","R","T","R","M","$","?","M","R","B",null,"M","?","$","?","M","R","E","M","T","M","M","E","M","M","R","B"],"character_chosen":"THE_SILENT","items_purchased":["Panache","Backflip","CunningPotion"],"campfire_rested":3,"item_purchase_floors":[12,12,20],"current_hp_per_floor":[70,63,63,57,44,29,5,26,26,47,42,57,57,57,57,3,70,70,70,70,70,70,70,57,57,57,45,45,45,45,24,45,0,0],"gold":141,"neow_bonus":"BOSS_RELIC","is_daily":false,"chose_seed":false,"campfire_upgraded":2,"win_rate":0.0,"timestamp":1612100733,"path_taken":["M","M","?","M","?","E","M","R","T","R","M","$","?","?","R","BOSS","M","?","$","?","?","R","E","?","T","M","M","E","?","M","R","BOSS"],"items_purchased_type":["Card","Card","Potion"],"build_version":"2020-12-22","purchased_purges":1,"victory":false,"max_hp_per_floor":[70,70,70,70,70,70,70,70,70,70,70,70,70,70,70,70,70,70,70,70,70,70,70,70,70,70,70,70,70,70,70,70,70,70],"card_choices":[{"not_picked":["Prepared","Riddle With Holes","Dodge and Roll"],"picked":"Blade Dance","floor":1},{"not_picked":["Acrobatics","Leg Sweep","Bane"],"picked":"Quick Slash","floor":2},{"not_picked":["Bane","Backflip","Heel Hook"],"picked":"Bouncing Flask","floor":4},{"not_picked":["Dagger Spray","Acrobatics","Deflect"],"picked":"Blade Dance","floor":5},{"not_picked":["Quick Slash","Dagger Throw","Prepared"],"picked":"Blur","floor":6},{"not_picked":["Escape Plan","Dodge and Roll","Finisher"],"picked":"Corpse Explosion","floor":7},{"not_picked":["Slice","Underhanded Strike","Reflex"],"picked":"Deadly Poison","floor":11},{"not_picked":["Deadly Poison","Dagger Spray","Deflect"],"picked":"All Out Attack","floor":14},{"not_picked":["Corpse Explosion","Wraith Form v2","After Image"],"picked":"Adrenaline","floor":16},{"not_picked":["Quick Slash","Dagger Throw+1","Poisoned Stab"],"picked":"Flying Knee+1","floor":18},{"not_picked":["Well Laid Plans","All Out Attack","Deflect"],"picked":"Backflip+1","floor":22},{"not_picked":["Noxious Fumes","Escape Plan","Wraith Form v2"],"picked":"PiercingWail","floor":24},{"not_picked":["PiercingWail","Terror","Dash"],"picked":"Blade Dance","floor":25},{"not_picked":["All Out Attack","Reflex","Dodge and Roll"],"picked":"Blade Dance","floor":27},{"not_picked":["Acrobatics","Expertise+1","Distraction"],"picked":"Quick Slash","floor":28},{"not_picked":["Heel Hook+1","Slice","Masterful Stab"],"picked":"Acrobatics","floor":29},{"not_picked":["Deflect","Leg Sweep+1","Dagger Throw"],"picked":"Slice","floor":30},{"not_picked":["Well Laid Plans+1","Doppelganger","Skewer","Riddle With Holes"],"picked":"SKIP","floor":31}],"player_experience":19760,"relics_obtained":[{"floor":0,"key":"Calipers"},{"floor":0,"key":"Question Card"},{"floor":0,"key":"Nunchaku"},{"floor":6,"key":"MealTicket"},{"floor":9,"key":"Ninja Scroll"},{"floor":24,"key":"Anchor"},{"floor":26,"key":"Bottled Flame"},{"floor":29,"key":"Girya"}],"event_choices":[{"damage_healed":0,"gold_gain":0,"player_choice":"Rummage","damage_taken":0,"relics_obtained":["WarpedTongs"],"max_hp_gain":0,"max_hp_loss":0,"event_name":"Accursed Blacksmith","floor":3,"gold_loss":0,"cards_obtained":["Pain"]},{"damage_healed":0,"gold_gain":0,"player_choice":"Got Potions","damage_taken":0,"max_hp_gain":0,"max_hp_loss":0,"event_name":"Lab","floor":13,"gold_loss":0},{"damage_healed":0,"gold_gain":0,"player_choice":"Ignored","damage_taken":0,"max_hp_gain":0,"max_hp_loss":0,"event_name":"Vampires","floor":19,"gold_loss":0},{"cards_removed":["Defend_G"],"damage_healed":0,"gold_gain":0,"player_choice":"Took Card","damage_taken":0,"max_hp_gain":0,"max_hp_loss":0,"event_name":"NoteForYourself","floor":21,"gold_loss":0,"cards_obtained":["Iron Wave"]}],"is_beta":false,"boss_relics":[{"not_picked":["Runic Pyramid","Ectoplasm"],"picked":"WristBlade"}],"items_purged_floors":[20],"is_endless":false,"potions_floor_spawned":[5,7,11,14,22,25,28,30],"killed_by":"Collector","ascension_level":0}}