{"host":"zwuytn9vh5b8tdl7","time":1612060232,"event":{"mods":["AchievementEnabler","BaseMod","Colored Powertips","GifTheSpireLib","Minty Spire (QoL Compilation)","Rare Cards Sparkle","StSLib","The Animator"],"gold_per_floor":[125,125,151,151,151,151,178,189,212,212,66,79,79,102,102,211,211,222,259,219,235,290,290,91,105,184,195,195,206,183,183,183,285,310,325,325,325,347,114,114,125,125,175,190,243,277,292,292,292,292,292],"floor_reached":50,"language":"ENG","playtime":2975,"items_purged":[],"score":579,"play_id":"7504dfc9-e4d4-4161-9f80-a36dd4f09eba","local_time":"20210130213032","is_ascension_mode":false,"campfire_choices":[{"floor":6.0,"key":"RECALL"},{"floor":10.0,"key":"REST"},{"floor":13.0,"key":"REST"},{"data":"animator:MaesHughes","floor":15.0,"key":"SMITH"},{"floor":23.0,"key":"REST"},{"floor":28.0,"key":"REST"},{"floor":32.0,"key":"REST"},{"floor":42.0,"key":"REST"},{"floor":49,"key":"REST"}],"circlet_count":0,"master_deck":["animator:Strike_Fate","animator:Defend_Fate","animator:Strike","animator:Strike","animator:Strike","animator:Defend","animator:Defend","animator:Defend","animator:Alexander+1","animator:Sonic","animator:RoyMustang","animator:MaesHughes+1","animator:Vanir","animator:Rider","animator:IrohaTamaki","animator:Saber","animator:Assassin","animator:RinTohsaka","animator:ShinjiMatou","animator:Mitsurugi","animator:Gilgamesh+4","animator:NagisaMomoe","animator:Aqua","animator:ElricEdward","animator:Wiz","animator:Mitsurugi","animator:ElricAlphonse","animator:Canti","animator:Megumin+2","animator:Viivi","animator:Gluttony+1","animator:Pride+1","animator:Mitsurugi"],"relics":["animator:VividPicture","animator:TheMissingPiece","Pantograph","Anchor","Toy Ornithopter","Ancient Tea Set","Happy Flower","Toolbox","Orichalcum","SlaversCollar","Lee\u0027s Waffle","Red Skull","animator:BattleDrones"],"acts_visited":["Exordium","TheCity","TheBeyond"],"potions_floor_usage":[45,47,47],"damage_taken":[{"damage":0.0,"enemies":"Small Slimes","floor":1.0,"turns":3.0},{"damage":0.0,"enemies":"Cultist","floor":3.0,"turns":5.0},{"damage":55.0,"enemies":"Gremlin Nob","floor":7.0,"turns":6.0},{"damage":0.0,"enemies":"Jaw Worm","floor":8.0,"turns":5.0},{"damage":2.0,"enemies":"Large Slime","floor":12.0,"turns":5.0},{"damage":0.0,"enemies":"Exordium Thugs","floor":14.0,"turns":5.0},{"damage":62.0,"enemies":"Slime Boss","floor":16.0,"turns":12.0},{"damage":15.0,"enemies":"Shell Parasite","floor":18.0,"turns":5.0},{"damage":31.0,"enemies":"Chosen","floor":19.0,"turns":7.0},{"damage":8.0,"enemies":"Snecko","floor":21.0,"turns":6.0},{"damage":11.0,"enemies":"Snake Plant","floor":25.0,"turns":6.0},{"damage":2.0,"enemies":"Shelled Parasite and Fungi","floor":27.0,"turns":4.0},{"damage":5.0,"enemies":"Cultist and Chosen","floor":29.0,"turns":4.0},{"damage":73.0,"enemies":"Champ","floor":33.0,"turns":15.0},{"damage":37.0,"enemies":"Orb Walker","floor":35.0,"turns":5.0},{"damage":39.0,"enemies":"3 Darklings","floor":38.0,"turns":8.0},{"damage":62.0,"enemies":"Giant Head","floor":40.0,"turns":7.0},{"damage":30.0,"enemies":"Writhing Mass","floor":41.0,"turns":7.0},{"damage":16.0,"enemies":"Transient","floor":44.0,"turns":5.0},{"damage":8,"enemies":"Nemesis","floor":45,"turns":5},{"damage":16,"enemies":"Jaw Worm Horde","floor":46,"turns":5},{"damage":7,"enemies":"Maw","floor":47,"turns":8},{"damage":79,"enemies":"Time Eater","floor":50,"turns":7}],"seed_played":"-6096291403635393907","potions_obtained":[{"floor":3.0,"key":"PowerPotion"},{"floor":8.0,"key":"Strength Potion"},{"floor":16.0,"key":"DuplicationPotion"},{"floor":19.0,"key":"PowerPotion"},{"floor":31.0,"key":"SmokeBomb"},{"floor":33.0,"key":"Block Potion"},{"floor":41.0,"key":"Swift Potion"},{"floor":45,"key":"BlessingOfTheForge"},{"floor":46,"key":"SpeedPotion"}],"is_trial":false,"path_per_floor":["M","?","M","?","?","R","E","M","T","R","$","M","R","M","R","B",null,"M","M","?","M","T","R","$","M","T","M","R","M","$","?","R","B",null,"M","?","$","M","$","E","M","R","T","M","E","M","M","?","R","B"],"character_chosen":"THE_ANIMATOR","items_purchased":["Ancient Tea Set","Toolbox","animator:Mitsurugi","animator:ElricEdward","Lee\u0027s Waffle","animator:Canti"],"campfire_rested":7,"item_purchase_floors":[11,24,24,30,39,39],"current_hp_per_floor":[72,72,72,72,72,72,18,18,18,39,39,38,60,60,60,17,74,60,29,29,23,23,46,46,35,35,34,57,52,52,52,75,10,78,43,43,43,6,85,34,6,31,31,22,22,8,17,17,41,0,0],"gold":292,"neow_bonus":"TEN_PERCENT_HP_BONUS","is_daily":false,"chose_seed":false,"campfire_upgraded":1,"win_rate":0.0,"timestamp":1612060232,"path_taken":["M","?","?","?","?","R","E","?","T","R","?","M","R","?","R","BOSS","M","M","?","?","?","R","$","M","T","M","R","?","$","?","R","BOSS","M","?","$","M","$","E","M","R","T","M","E","M","?","?","R","BOSS"],"items_purchased_type":["Relic","Relic","Card","Card","Relic","Card"],"build_version":"2020-12-22","purchased_purges":0,"victory":false,"max_hp_per_floor":[72,72,72,72,72,72,73,73,73,73,73,74,74,74,74,74,74,75,75,75,77,77,77,77,77,77,78,78,78,78,78,78,78,78,78,78,78,78,85,85,85,85,85,85,86,86,86,83,83,83,83],"card_choices":[{"not_picked":["animator:Alexander","animator:Evileye"],"picked":"animator:SakuraMatou","floor":1.0},{"not_picked":["animator:SilverFang","animator:MetalKnight"],"picked":"animator:RoyMustang","floor":3.0},{"not_picked":["animator:Guy","animator:ChaikaBohdan"],"picked":"animator:MaesHughes","floor":7.0},{"not_picked":["animator:Kazuma","animator:Darkness"],"picked":"animator:Vanir","floor":8.0},{"not_picked":["animator:Ainz","animator:ChaikaBohdan"],"picked":"animator:Rider","floor":12.0},{"not_picked":["animator:KyokoSakura","animator:Genos"],"picked":"animator:IrohaTamaki","floor":14.0},{"not_picked":["animator:AcuraShin","animator:ChaikaTrabant"],"picked":"animator:Saber","floor":16.0},{"not_picked":["animator:SilverFang","animator:Tatsumaki+1"],"picked":"animator:Assassin","floor":18.0},{"not_picked":["animator:Berserker","animator:Alexander"],"picked":"animator:RinTohsaka","floor":19.0},{"not_picked":["animator:ChaikaBohdan","animator:SayakaMiki"],"picked":"animator:ShinjiMatou","floor":21.0},{"not_picked":["animator:Sonic","animator:ElricEdward+1"],"picked":"animator:Gilgamesh","floor":25.0},{"not_picked":["animator:Shalltear","animator:RinTohsaka"],"picked":"animator:NagisaMomoe","floor":27.0},{"not_picked":["animator:Darkness","animator:Kazuma"],"picked":"animator:Aqua","floor":29.0},{"not_picked":["animator:Eris","animator:Kyubey"],"picked":"animator:Wiz","floor":33.0},{"not_picked":["animator:Tatsumaki","animator:SuzuneAmano+1"],"picked":"animator:Mitsurugi","floor":35.0},{"not_picked":["animator:Sonic+1","animator:Genos"],"picked":"animator:ElricAlphonse","floor":38.0},{"not_picked":["animator:Verdia","animator:Mitsurugi"],"picked":"animator:Megumin","floor":41.0},{"not_picked":["animator:Cocytus+1","animator:ElricAlphonse+1"],"picked":"animator:Viivi","floor":44.0},{"not_picked":["animator:MamiTomoe","animator:Assassin"],"picked":"animator:Gluttony+1","floor":45},{"not_picked":["animator:ElricAlphonse+1","animator:Boros"],"picked":"animator:Pride+1","floor":46},{"not_picked":["animator:YunYun","animator:Chris"],"picked":"animator:Mitsurugi","floor":47}],"player_experience":347692,"relics_obtained":[{"floor":7.0,"key":"Anchor"},{"floor":9.0,"key":"Toy Ornithopter"},{"floor":22.0,"key":"Happy Flower"},{"floor":26.0,"key":"Orichalcum"},{"floor":43.0,"key":"Red Skull"},{"floor":45,"key":"animator:BattleDrones"}],"event_choices":[{"damage_healed":0.0,"max_hp_gain":0.0,"max_hp_loss":0.0,"gold_gain":0.0,"cards_transformed":["animator:Rider"],"event_name":"Transmorgrifier","player_choice":"Transformed","floor":2.0,"gold_loss":0.0,"damage_taken":0.0,"cards_obtained":["animator:Sonic"]},{"damage_healed":0.0,"max_hp_gain":0.0,"max_hp_loss":0.0,"gold_gain":0.0,"event_name":"Golden Wing","player_choice":"Ignored","floor":4.0,"gold_loss":0.0,"damage_taken":0.0},{"cards_removed":["animator:SakuraMatou"],"damage_healed":0.0,"max_hp_gain":0.0,"max_hp_loss":0.0,"gold_gain":0.0,"event_name":"WeMeetAgain","player_choice":"Gave Card","floor":5.0,"gold_loss":0.0,"damage_taken":0.0,"relics_obtained":["Pantograph"]},{"damage_healed":0.0,"max_hp_gain":0.0,"max_hp_loss":0.0,"gold_gain":0.0,"event_name":"Designer","player_choice":"Upgrade","floor":20.0,"gold_loss":40.0,"damage_taken":0.0,"cards_upgraded":["animator:Alexander"]},{"damage_healed":0.0,"max_hp_gain":0.0,"max_hp_loss":0.0,"gold_gain":0.0,"event_name":"Lab","player_choice":"Got Potions","floor":31.0,"gold_loss":0.0,"damage_taken":0.0},{"damage_healed":0.0,"max_hp_gain":0.0,"max_hp_loss":0.0,"gold_gain":0.0,"event_name":"SecretPortal","player_choice":"Ignored","floor":36.0,"gold_loss":0.0,"damage_taken":0.0},{"cards_removed":["Parasite"],"damage_healed":0,"gold_gain":0,"player_choice":"Card Removal","damage_taken":0,"max_hp_gain":0,"max_hp_loss":0,"event_name":"Wheel of Change","floor":48,"gold_loss":0}],"is_beta":false,"boss_relics":[{"not_picked":["Ectoplasm","animator:CursedBlade"],"picked":"animator:VividPicture"},{"not_picked":["Pandora\u0027s Box","SacredBark"],"picked":"SlaversCollar"}],"items_purged_floors":[],"is_endless":false,"potions_floor_spawned":[3,8,16,19,25,33,35,41,45,46],"killed_by":"Time Eater","ascension_level":0}}