{"host":"52jmisti11ysmja4","time":1612082881,"event":{"mods":["Aspiration","BaseMod","Minty Spire (QoL Compilation)","Remove Card Discount Mod","StSLib","The Cursed"],"gold_per_floor":[115,131,131,131,39,66,66,93,117,117,142,173,173,216,216,335,335,348,348,369,407,356,399,399,439,439,439,483,483,497,513,513,647,647,680,693,1056,1122,1344,1344,1378,1414,1451,1494,1358,1207,1220,750,750,750],"floor_reached":51,"language":"ENG","playtime":3000,"items_purged":["TheCursedMod:Defend_TheCursed","TheCursedMod:Defend_TheCursed","TheCursedMod:Defend_TheCursed","TheCursedMod:Defend_TheCursed","TheCursedMod:Strike_TheCursed","TheCursedMod:Strike_TheCursed","TheCursedMod:Strike_TheCursed","TheCursedMod:Strike_TheCursed","TheCursedMod:CursedBoomerang"],"score":1221,"play_id":"7224b430-1818-4515-896a-aeba54420130","local_time":"20210131004801","is_ascension_mode":true,"campfire_choices":[{"data":"TheCursedMod:HellfireBreathing","floor":7,"key":"SMITH"},{"floor":15,"key":"REST"},{"data":"TheCursedMod:CleanUpWorkshop","floor":24,"key":"SMITH"},{"data":"TheCursedMod:CursedWand","floor":27,"key":"SMITH"},{"data":"TheCursedMod:SurpriseAttack","floor":29,"key":"SMITH"},{"data":"TheCursedMod:SurpriseAttack","floor":32,"key":"SMITH"},{"floor":40,"key":"RECALL"},{"floor":49,"key":"REST"}],"circlet_count":0,"master_deck":["TheCursedMod:CursedWand+1","TheCursedMod:CleanUpWorkshop+1","TheCursedMod:Dregs","TheCursedMod:HellfireBreathing+1","Injury","TheCursedMod:Hemoplague+1","TheCursedMod:LuckyCharm+1","Injury","TheCursedMod:SurpriseAttack+1","TheCursedMod:WearCloak+1","Parasite","TheCursedMod:CursedBlade+1","TheCursedMod:WearCloak+1","TheCursedMod:HellfireBreathing+1","TheCursedMod:SurpriseAttack+1","TheCursedMod:VoidForm+1","TheCursedMod:SurpriseAttack+1","TheCursedMod:HellfireBreathing+1"],"relics":["TheCursedMod:BlackMagicAdvanced","Centennial Puzzle","Frozen Egg 2","Peace Pipe","Toxic Egg 2","MealTicket","Golden Idol","Akabeko","PreservedInsect","Red Mask","CeramicFish","Strawberry","Bag of Marbles","aspiration:ChemicalBlood","Black Star","Old Coin","Dead Branch","MawBank","Happy Flower","Art of War","Orichalcum","Singing Bowl","Boot","Bag of Preparation","Whetstone","Ornamental Fan"],"acts_visited":["Exordium","TheCity","TheBeyond"],"potions_floor_usage":[12,16,38,41],"damage_taken":[{"damage":2,"enemies":"Jaw Worm","floor":1,"turns":4},{"damage":0,"enemies":"Small Slimes","floor":2,"turns":3},{"damage":38,"enemies":"Lagavulin","floor":6,"turns":6},{"damage":10,"enemies":"Gremlin Nob","floor":8,"turns":3},{"damage":0,"enemies":"2 Louse","floor":11,"turns":2},{"damage":9,"enemies":"Lagavulin","floor":12,"turns":4},{"damage":1,"enemies":"3 Sentries","floor":14,"turns":5},{"damage":11,"enemies":"Hexaghost","floor":16,"turns":7},{"damage":6,"enemies":"2 Thieves","floor":18,"turns":3},{"damage":3,"enemies":"3 Byrds","floor":20,"turns":3},{"damage":1,"enemies":"Masked Bandits","floor":21,"turns":3},{"damage":7,"enemies":"Slavers","floor":23,"turns":3},{"damage":0,"enemies":"Gremlin Leader","floor":25,"turns":3},{"damage":0,"enemies":"Book of Stabbing","floor":28,"turns":3},{"damage":0,"enemies":"Shelled Parasite and Fungi","floor":30,"turns":2},{"damage":0,"enemies":"Snecko","floor":31,"turns":4},{"damage":10,"enemies":"Champ","floor":33,"turns":9},{"damage":4,"enemies":"3 Shapes","floor":35,"turns":1},{"damage":0,"enemies":"3 Darklings","floor":36,"turns":2},{"damage":0,"enemies":"Mind Bloom Boss Battle","floor":37,"turns":4},{"damage":13,"enemies":"2 Orb Walkers","floor":38,"turns":3},{"damage":0,"enemies":"Giant Head","floor":41,"turns":5},{"damage":0,"enemies":"Maw","floor":42,"turns":4},{"damage":12,"enemies":"Reptomancer","floor":44,"turns":4},{"damage":2,"enemies":"4 Shapes","floor":47,"turns":2},{"damage":7,"enemies":"Time Eater","floor":50,"turns":7}],"seed_played":"5982538174357057492","potions_obtained":[{"floor":6,"key":"Swift Potion"},{"floor":12,"key":"BlessingOfTheForge"},{"floor":16,"key":"PowerPotion"},{"floor":21,"key":"Weak Potion"},{"floor":23,"key":"SpeedPotion"},{"floor":28,"key":"Block Potion"},{"floor":30,"key":"LiquidMemories"},{"floor":41,"key":"SteroidPotion"}],"is_trial":false,"path_per_floor":["M","M","?","?","$","E","R","E","T","?","M","E","?","E","R","B",null,"M","?","M","?","$","E","R","E","T","R","E","R","M","M","R","B",null,"M","M","?","?","?","R","E","M","T","E","$","$","M","$","R","B",null],"character_chosen":"THE_CURSED","items_purchased":["TheCursedMod:Hemoplague+1","TheCursedMod:SurpriseAttack","Boot","Bag of Preparation","Whetstone","Ornamental Fan","TheCursedMod:HellfireBreathing+1"],"campfire_rested":2,"item_purchase_floors":[5,22,45,46,48,48,48],"current_hp_per_floor":[66,66,66,66,66,28,28,18,18,18,18,9,27,26,48,37,66,60,60,57,56,71,64,64,71,71,71,71,71,71,71,71,61,77,73,73,73,60,60,60,60,60,60,50,65,80,80,86,86,79],"gold":750,"neow_bonus":"RANDOM_COMMON_RELIC","is_daily":false,"chose_seed":false,"campfire_upgraded":5,"win_rate":0.0,"timestamp":1612082881,"path_taken":["M","M","?","?","$","E","R","E","T","?","M","E","?","E","R","BOSS","M","?","M","?","$","E","R","E","T","R","E","R","M","M","R","BOSS","M","M","?","?","?","R","E","M","T","E","?","$","M","$","R","BOSS"],"items_purchased_type":["Card","Card","Relic","Relic","Relic","Relic","Card"],"build_version":"2020-12-22","purchased_purges":9,"victory":true,"max_hp_per_floor":[75,75,75,75,75,75,75,75,75,75,75,75,75,75,75,75,75,75,75,75,75,75,75,75,82,82,82,82,82,82,82,82,82,82,82,82,82,82,82,82,82,82,82,84,84,84,86,86,86,86],"card_choices":[{"not_picked":["TheCursedMod:VitalStrike","TheCursedMod:SmokeScreen"],"picked":"TheCursedMod:HellfireBreathing","floor":1},{"not_picked":["TheCursedMod:Wield","TheCursedMod:SpreadPlague","TheCursedMod:Mangle"],"picked":"SKIP","floor":2},{"not_picked":["TheCursedMod:FleshFromBone","TheCursedMod:Wield"],"picked":"TheCursedMod:CursedBoomerang","floor":6},{"not_picked":["TheCursedMod:Neurasthenia+1","TheCursedMod:Mangle"],"picked":"TheCursedMod:LuckyCharm+1","floor":8},{"not_picked":["TheCursedMod:SmokeScreen+1","TheCursedMod:Obscuration+1"],"picked":"TheCursedMod:SurpriseAttack","floor":11},{"not_picked":["TheCursedMod:CircleOfCorruption+1","TheCursedMod:Stretching+1"],"picked":"TheCursedMod:WearCloak+1","floor":12},{"not_picked":["TheCursedMod:ShockAndAwe","TheCursedMod:CursedMace","TheCursedMod:SmokeScreen+1"],"picked":"SKIP","floor":14},{"not_picked":["TheCursedMod:HellsGateOpen+1","TheCursedMod:CircleOfFlame+1"],"picked":"TheCursedMod:CursedBlade+1","floor":18},{"not_picked":["TheCursedMod:Stigma+1","TheCursedMod:Mangle","TheCursedMod:RapidMovement+1"],"picked":"SKIP","floor":20},{"not_picked":["TheCursedMod:CursedShiv","TheCursedMod:CursedAmulet+1"],"picked":"TheCursedMod:HellfireBreathing+1","floor":21},{"not_picked":["TheCursedMod:Wield","TheCursedMod:VitalStrike","TheCursedMod:Stretching+1"],"picked":"SKIP","floor":23},{"not_picked":["TheCursedMod:TacticalStrike","TheCursedMod:RavingStaff","TheCursedMod:Neurasthenia+1"],"picked":"SKIP","floor":25},{"not_picked":["TheCursedMod:TacticalStrike","TheCursedMod:VitalStrike","TheCursedMod:CircleOfFocus+1"],"picked":"SKIP","floor":28},{"not_picked":["TheCursedMod:CircleOfCorruption+1","TheCursedMod:Stretching+1","TheCursedMod:FleshFromBone+1"],"picked":"SKIP","floor":30},{"not_picked":["TheCursedMod:Torture+1","TheCursedMod:SmokeScreen+1","TheCursedMod:CircleOfFocus+1"],"picked":"SKIP","floor":31},{"not_picked":["TheCursedMod:OutForBlood+1","TheCursedMod:CircleOfAbyss+1"],"picked":"TheCursedMod:VoidForm+1","floor":33},{"not_picked":["TheCursedMod:CursedAmulet+1","TheCursedMod:ReleasedStrength+1"],"picked":"TheCursedMod:SurpriseAttack+1","floor":35},{"not_picked":["TheCursedMod:DoubleShield+1","TheCursedMod:SurpriseAttack","TheCursedMod:SoulCrush"],"picked":"SKIP","floor":36},{"not_picked":["TheCursedMod:HellsGateOpen+1","TheCursedMod:Grudge+1","TheCursedMod:SpitefulPlan+1"],"picked":"SKIP","floor":41},{"not_picked":["TheCursedMod:CircleOfCorruption+1","TheCursedMod:AntiAging+1","TheCursedMod:CircleOfBlood+1"],"picked":"SKIP","floor":42},{"not_picked":["TheCursedMod:ReleasedStrength+1","TheCursedMod:Stigma","TheCursedMod:RavingStaff+1"],"picked":"Singing Bowl","floor":44},{"not_picked":["TheCursedMod:Torture+1","TheCursedMod:WearCloak+1","TheCursedMod:RapidMovement+1"],"picked":"Singing Bowl","floor":47}],"player_experience":596410,"relics_obtained":[{"floor":6,"key":"Peace Pipe"},{"floor":8,"key":"Toxic Egg 2"},{"floor":9,"key":"MealTicket"},{"floor":12,"key":"Akabeko"},{"floor":14,"key":"PreservedInsect"},{"floor":21,"key":"Red Mask"},{"floor":23,"key":"CeramicFish"},{"floor":25,"key":"Strawberry"},{"floor":26,"key":"Bag of Marbles"},{"floor":28,"key":"aspiration:ChemicalBlood"},{"floor":37,"key":"Old Coin"},{"floor":38,"key":"Dead Branch"},{"floor":41,"key":"MawBank"},{"floor":41,"key":"Happy Flower"},{"floor":43,"key":"Art of War"},{"floor":44,"key":"Orichalcum"},{"floor":44,"key":"Singing Bowl"}],"event_choices":[{"damage_healed":0,"gold_gain":0,"player_choice":"Leave","damage_taken":0,"max_hp_gain":0,"max_hp_loss":0,"event_name":"The Cleric","floor":3,"gold_loss":0},{"damage_healed":0,"gold_gain":0,"player_choice":"Take Wound","damage_taken":0,"relics_obtained":["Golden Idol"],"max_hp_gain":0,"max_hp_loss":0,"event_name":"Golden Idol","floor":10,"gold_loss":0,"cards_obtained":["Injury"]},{"damage_healed":18,"gold_gain":0,"player_choice":"Healed and dodged fight","damage_taken":0,"max_hp_gain":0,"max_hp_loss":0,"event_name":"Mushrooms","floor":13,"gold_loss":0,"cards_obtained":["Parasite"]},{"damage_healed":0,"gold_gain":0,"player_choice":"Read","damage_taken":0,"max_hp_gain":0,"max_hp_loss":0,"event_name":"The Library","floor":19,"gold_loss":0,"cards_obtained":["TheCursedMod:WearCloak"]},{"damage_healed":0,"gold_gain":0,"player_choice":"Fought Bandits","damage_taken":0,"max_hp_gain":0,"max_hp_loss":0,"event_name":"Masked Bandits","floor":21,"gold_loss":0},{"damage_healed":0,"gold_gain":0,"player_choice":"Fight","damage_taken":0,"max_hp_gain":0,"max_hp_loss":0,"event_name":"MindBloom","floor":37,"gold_loss":0},{"damage_healed":0,"gold_gain":0,"player_choice":"Fight","damage_taken":0,"max_hp_gain":0,"max_hp_loss":0,"event_name":"Mysterious Sphere","floor":38,"gold_loss":0},{"damage_healed":0,"gold_gain":222,"player_choice":"Wore Mask","damage_taken":0,"max_hp_gain":0,"max_hp_loss":0,"event_name":"Tomb of Lord Red Mask","floor":39,"gold_loss":0}],"is_beta":false,"boss_relics":[{"not_picked":["Tiny House","aspiration:RitualDagger"],"picked":"TheCursedMod:BlackMagicAdvanced"},{"not_picked":["aspiration:FutureDiary","Astrolabe"],"picked":"Black Star"}],"items_purged_floors":[5,5,5,5,5,5,22,22,22],"is_endless":false,"potions_floor_spawned":[6,12,16,21,23,28,30,31,33,41,44,47],"ascension_level":6}}