{"host":"6xsbn6ynqlzwllfm","time":1612110300,"event":{"mods":["2.2 Compatiblity","BaseMod","Bestiary","Colored Map","Colored Powertips","Curses Come First","Highlight Path","Keyboard Shortcuts","Minty Spire (QoL Compilation)","Relic Stats","Slay the Relics Exporter","StSLib","SuperFastMode"],"gold_per_floor":[117,137,154,154,171,198,209,241,266,266,329,4,52,65,65,169,169,214,139,183,183,232,266,284,284,284],"floor_reached":25,"language":"ENG","playtime":766,"items_purged":["Strike_P"],"score":544,"play_id":"80c95ce7-d2f2-4fc5-9fdb-9bbf79977915","local_time":"20210131112500","is_ascension_mode":true,"campfire_choices":[{"data":"Wish","floor":10.0,"key":"SMITH"},{"data":"WheelKick","floor":15.0,"key":"SMITH"}],"circlet_count":0,"master_deck":["AscendersBane","Defend_P+1","Defend_P+1","Defend_P+1","Defend_P+1","Eruption","Vigilance","Protect","Worship","WheelKick+1","Wish+1","DevaForm","Fasting2"],"relics":["Snecko Eye","HornCleat","Omamori","Akabeko","Smiling Mask","Singing Bowl","Empty Cage","Art of War"],"acts_visited":["Exordium","TheCity"],"potions_floor_usage":[],"damage_taken":[{"damage":12.0,"enemies":"Cultist","floor":1.0,"turns":3.0},{"damage":1.0,"enemies":"2 Louse","floor":2.0,"turns":3.0},{"damage":0.0,"enemies":"Jaw Worm","floor":3.0,"turns":3.0},{"damage":5.0,"enemies":"Large Slime","floor":5.0,"turns":5.0},{"damage":0.0,"enemies":"Lagavulin","floor":6.0,"turns":5.0},{"damage":0.0,"enemies":"2 Fungi Beasts","floor":7.0,"turns":1.0},{"damage":9.0,"enemies":"Gremlin Nob","floor":8.0,"turns":3.0},{"damage":15.0,"enemies":"Lagavulin","floor":11.0,"turns":5.0},{"damage":0.0,"enemies":"Looter","floor":13.0,"turns":3.0},{"damage":0.0,"enemies":"Blue Slaver","floor":14.0,"turns":1.0},{"damage":10.0,"enemies":"The Guardian","floor":16.0,"turns":8.0},{"damage":3.0,"enemies":"Spheric Guardian","floor":18.0,"turns":3.0},{"damage":4.0,"enemies":"Chosen","floor":20.0,"turns":5.0},{"damage":10.0,"enemies":"Snake Plant","floor":22.0,"turns":3.0},{"damage":10.0,"enemies":"Gremlin Leader","floor":23.0,"turns":3.0},{"damage":13.0,"enemies":"Centurion and Healer","floor":24.0,"turns":3.0},{"damage":38,"enemies":"Slavers","floor":25,"turns":3}],"seed_played":"6096992106823228192","potions_obtained":[{"floor":2.0,"key":"BlessingOfTheForge"},{"floor":6.0,"key":"Explosive Potion"},{"floor":7.0,"key":"PowerPotion"},{"floor":11.0,"key":"Strength Potion"},{"floor":13.0,"key":"Fire Potion"},{"floor":16.0,"key":"Block Potion"},{"floor":20.0,"key":"LiquidBronze"}],"is_trial":false,"path_per_floor":["M","M","M","?","M","E","M","E","T","R","E","$","M","M","R","B",null,"M","?","M","?","M","E","M","E"],"character_chosen":"WATCHER","items_purchased":["Singing Bowl"],"campfire_rested":0,"item_purchase_floors":[12],"current_hp_per_floor":[49,48,48,53,48,48,48,39,39,39,24,24,26,28,28,18,62,61,61,59,59,51,41,30,0,0],"gold":284,"neow_bonus":"BOSS_RELIC","is_daily":false,"chose_seed":false,"campfire_upgraded":2,"win_rate":0.0,"timestamp":1612110300,"path_taken":["M","M","?","?","M","E","M","E","T","R","E","$","M","M","R","BOSS","M","?","M","?","M","E","M","E"],"items_purchased_type":["Relic"],"build_version":"2020-12-22","purchased_purges":1,"victory":false,"max_hp_per_floor":[68,68,68,73,73,73,73,73,73,73,73,73,75,77,77,77,77,79,79,81,81,83,83,85,85,85],"relic_stats":{"Singing Bowl":12,"counters":[17,60],"Snecko Eye":[113,97,114,108],"Art of War":[1],"Smiling Mask":25,"obtain_stats":[{"HornCleat":6,"Singing Bowl":12,"Snecko Eye":0,"Omamori":8,"Art of War":23,"PureWater":0,"Smiling Mask":11,"Empty Cage":17,"Akabeko":9},{"HornCleat":5,"Singing Bowl":8,"Snecko Eye":0,"Omamori":7,"Art of War":15,"PureWater":0,"Smiling Mask":8,"Empty Cage":11,"Akabeko":7},{"HornCleat":19,"Singing Bowl":28,"Snecko Eye":0,"Omamori":23,"Art of War":54,"PureWater":0,"Smiling Mask":28,"Empty Cage":40,"Akabeko":23}]},"card_choices":[{"not_picked":["Evaluate","ClearTheMind"],"picked":"Protect","floor":2.0},{"not_picked":["SashWhip","BowlingBash"],"picked":"Worship","floor":3.0},{"not_picked":["FollowUp","CrushJoints"],"picked":"WheelKick","floor":5.0},{"not_picked":["Prostrate","EmptyMind","Adaptation"],"picked":"SKIP","floor":6.0},{"not_picked":["SashWhip","WreathOfFlame"],"picked":"Wish","floor":8.0},{"not_picked":["Halt","PathToVictory","ThirdEye"],"picked":"Singing Bowl","floor":13.0},{"not_picked":["Prostrate","EmptyFist","FollowUp"],"picked":"Singing Bowl","floor":14.0},{"not_picked":["Alpha","DeusExMachina"],"picked":"DevaForm","floor":16.0},{"not_picked":["ThirdEye+1","EmptyFist","BattleHymn"],"picked":"Singing Bowl","floor":18.0},{"not_picked":["EmptyBody","Conclude","ThirdEye"],"picked":"Singing Bowl","floor":20.0},{"not_picked":["DeceiveReality","ReachHeaven","FlurryOfBlows"],"picked":"Singing Bowl","floor":22.0},{"not_picked":["BowlingBash","DeceiveReality+1"],"picked":"Fasting2","floor":23.0},{"not_picked":["Pray","Tantrum","Sanctity+1"],"picked":"Singing Bowl","floor":24.0}],"player_experience":1356773,"relics_obtained":[{"floor":6.0,"key":"HornCleat"},{"floor":8.0,"key":"Omamori"},{"floor":9.0,"key":"Akabeko"},{"floor":11.0,"key":"Smiling Mask"},{"floor":23.0,"key":"Art of War"}],"event_choices":[{"damage_healed":0.0,"max_hp_gain":5.0,"max_hp_loss":0.0,"gold_gain":0.0,"event_name":"Big Fish","player_choice":"Donut","floor":4.0,"gold_loss":0.0,"damage_taken":0.0},{"cards_removed":["Strike_P"],"damage_healed":0.0,"max_hp_gain":0.0,"max_hp_loss":0.0,"gold_gain":0.0,"event_name":"Beggar","player_choice":"Gave Gold","floor":19.0,"gold_loss":75.0,"damage_taken":0.0},{"damage_healed":0.0,"max_hp_gain":0.0,"max_hp_loss":0.0,"gold_gain":0.0,"event_name":"Back to Basics","player_choice":"Simplicity","floor":21.0,"gold_loss":0.0,"damage_taken":0.0,"cards_upgraded":["Defend_P","Defend_P","Defend_P","Defend_P"]}],"is_beta":false,"boss_relics":[{"not_picked":["Runic Dome","Runic Pyramid"],"picked":"Empty Cage"}],"items_purged_floors":[12],"is_endless":false,"potions_floor_spawned":[2,6,7,11,13,16,20],"killed_by":"Slavers","ascension_level":20}}