{"host":"takgv9cv6xf64vhq","time":1612098645,"event":{"mods":["BaseMod","Colored Powertips","Conspire","Decade(王小明)","Downfall","Energized Spire","Hermit","Hubris","LagranYue(拉格朗・月)","Marisa（F雨　魔理沙）","Minty Spire (QoL Compilation)","Replay The Spire","StSLib","The Cursed","The Hierophant","The Jungle","The Servant 0.9.4","TheHeartMod"],"gold_per_floor":[113,128,108,127,139,171,171,171,240,36,53,53,84,95,95,200,200,218,218,218,233,243,243,243,258,258,258,258,269,283,283,283,384,384,401,426,436,69,79,94,94,121,198,198,228,245,245,270,270,270,270,270,37,81,81],"floor_reached":56,"language":"ZHS","playtime":5188,"items_purged":["Defend_G"],"score":1676,"play_id":"31ea24c4-8334-4dc7-a427-d4afc463b17e","local_time":"20210131211045","is_ascension_mode":true,"campfire_choices":[{"data":"Burst","floor":7.0,"key":"SMITH"},{"data":"conspire:GhostlyStrike","floor":15.0,"key":"PURGE"},{"floor":23.0,"key":"DIG"},{"floor":32.0,"key":"DIG"},{"floor":44.0,"key":"DIG"},{"floor":47.0,"key":"RECALL"},{"data":"ReplayUltimateDefense","floor":49.0,"key":"SMITH"},{"floor":52.0,"key":"DIG"}],"circlet_count":0,"master_deck":["conspire:GhostlyStrike","conspire:GhostlyStrike","conspire:GhostlyDefend","conspire:GhostlyDefend","conspire:GhostlyDefend","conspire:GhostlyDefend","Survivor","Neutralize","Infinite Blades","Deflect","Slice","Outmaneuver","Burst+1","Quick Slash+1","Dodge and Roll","Deep Breath","Underhanded Strike","Cloak And Dagger","Slice","Blade Dance","Adrenaline","Fluid Movement+1","Forethought","Hidden Blade","hubris:SlightOfHand","Shame","Draining Mist+1","Backflip","Tactician","Wraith Form v2","PiercingWail+1","Accuracy+1","Heel Hook","Footwork+1","ReplayUltimateDefense+1","Acrobatics+1","Caltrops","Neutralize","Madness","ReplayTheSpireMod:Speed Training","Cloak And Dagger+1","Dagger Throw","hubris:Greed","hubris:Greed","Replay:Sssssssssshield","hubris:Greed","Distraction+1","hubris:Greed"],"relics":["Runic Pyramid","hubris:GlazedTorus","Bottled Lightning","BargainBundle","Regal Pillow","Coffee Dripper","Shovel","bronze:BronzeIdol","theJungle:PaperFaux","Guardian:PocketSentry","theJungle:BirthdayCake","Art of War","WristBlade","The Specimen","hubris:HerbalPaste","Replay:Kaleidoscope","Counterbalance","Snake Skull","CaptainsWheel","Slimebound:PreparedRelic","Lee\u0027s Waffle","hubris:TinFlute"],"acts_visited":[],"potions_floor_usage":[],"damage_taken":[{"damage":0.0,"enemies":"2 Louse","floor":1.0,"turns":3.0},{"damage":0.0,"enemies":"conspire:RoseBush","floor":2.0,"turns":4.0},{"damage":0.0,"enemies":"Cultist","floor":4.0,"turns":4.0},{"damage":0.0,"enemies":"Looter","floor":5.0,"turns":5.0},{"damage":12.0,"enemies":"Replay:BlueRogue","floor":6.0,"turns":10.0},{"damage":0.0,"enemies":"Exordium Wildlife","floor":11.0,"turns":6.0},{"damage":5.0,"enemies":"Lagavulin","floor":13.0,"turns":7.0},{"damage":3.0,"enemies":"Blue Slaver","floor":14.0,"turns":3.0},{"damage":19.0,"enemies":"Slime Boss","floor":16.0,"turns":6.0},{"damage":6.0,"enemies":"theJungle:5_Spyders","floor":18.0,"turns":5.0},{"damage":16.0,"enemies":"theJungle:GiantWrat","floor":21.0,"turns":6.0},{"damage":21.0,"enemies":"theJungle:2_Snecko_Cultists","floor":22.0,"turns":4.0},{"damage":0.0,"enemies":"theJungle:Snecko_Cultist_And_Trap","floor":25.0,"turns":5.0},{"damage":2.0,"enemies":"theJungle:SlimyTreeVines","floor":29.0,"turns":6.0},{"damage":0.0,"enemies":"Snake Plant","floor":30.0,"turns":4.0},{"damage":10.0,"enemies":"theJungle:TotemBoss","floor":33.0,"turns":12.0},{"damage":2.0,"enemies":"Orb Walker","floor":35.0,"turns":2.0},{"damage":0.0,"enemies":"conspire:MimicChest","floor":36.0,"turns":7.0},{"damage":1.0,"enemies":"3 Shapes","floor":37.0,"turns":5.0},{"damage":1.0,"enemies":"Transient","floor":39.0,"turns":5.0},{"damage":13.0,"enemies":"Jaw Worm Horde","floor":40.0,"turns":5.0},{"damage":3.0,"enemies":"Nemesis","floor":42.0,"turns":7.0},{"damage":15.0,"enemies":"R_Hoarder","floor":45.0,"turns":7.0},{"damage":0.0,"enemies":"4 Shapes","floor":46.0,"turns":4.0},{"damage":21.0,"enemies":"Reptomancer","floor":48.0,"turns":7.0},{"damage":51.0,"enemies":"conspire:OrnateMirror","floor":50.0,"turns":11.0},{"damage":22.0,"enemies":"Shield and Spear","floor":54.0,"turns":7.0},{"damage":56,"enemies":"The Heart","floor":55,"turns":11}],"seed_played":"4668931254031925194","potions_obtained":[{"floor":1.0,"key":"LiquidMemories"},{"floor":3.0,"key":"AttackPotion"},{"floor":4.0,"key":"Doom Potion"},{"floor":13.0,"key":"DistilledChaos"},{"floor":14.0,"key":"Fire Potion"},{"floor":21.0,"key":"EntropicBrew"},{"floor":29.0,"key":"Swift Potion"},{"floor":30.0,"key":"Energy Potion"},{"floor":36.0,"key":"Adrenaline Potion"},{"floor":39.0,"key":"SpeedPotion"},{"floor":45.0,"key":"Poison Potion"},{"floor":46.0,"key":"Cursed Concoction"}],"is_trial":false,"path_per_floor":["M","M","?","M","M","E","R","?","T","$","M","?","E","M","R","B",null,"M","?","?","M","M","R","?","M","T","?","?","M","M","?","R","B",null,"M","?","M","$","M","M","?","E","T","R","E","M","R","E","R","B",null,"R","$","E","B",null],"character_chosen":"THE_SILENT","items_purchased":["BargainBundle","Quick Slash+1","Dodge and Roll","Deep Breath","Underhanded Strike","Footwork+1","ReplayUltimateDefense","hubris:HerbalPaste","Lee\u0027s Waffle","Replay:Sssssssssshield"],"campfire_rested":0,"item_purchase_floors":[10,10,10,10,10,38,38,38,53,53],"current_hp_per_floor":[63,63,63,63,63,51,51,51,51,51,51,51,46,43,43,24,59,53,41,41,25,4,4,4,4,4,4,24,28,28,28,28,18,72,70,70,69,69,74,67,67,70,70,70,61,67,67,52,52,7,69,69,97,77,27],"gold":81,"neow_bonus":"BOSS_RELIC","is_daily":false,"chose_seed":false,"campfire_upgraded":2,"win_rate":0.0,"timestamp":1612098645,"path_taken":["M","M","?","?","M","E","R","?","T","$","?","?","E","M","R","BOSS","M","?","?","?","M","R","?","M","T","?","?","M","M","?","R","BOSS","M","?","?","$","M","M","?","E","T","R","E","M","R","E","R","BOSS","R","$","E","BOSS"],"items_purchased_type":["Relic","Card","Card","Card","Card","Card","Card","Relic","Relic","Card"],"build_version":"2020-12-22","purchased_purges":1,"victory":true,"max_hp_per_floor":[70,70,70,70,70,70,70,70,70,70,70,70,70,70,70,70,70,70,70,70,70,70,70,70,70,70,70,90,90,90,90,90,90,90,90,90,90,90,90,90,90,90,90,90,90,90,90,90,90,90,90,90,97,97,97],"card_choices":[{"not_picked":["Outmaneuver","Acrobatics"],"picked":"Infinite Blades","floor":1.0},{"not_picked":["hubris:SlightOfHand","Flying Knee"],"picked":"Deflect","floor":2.0},{"not_picked":["Deadly Poison","Backflip"],"picked":"Slice","floor":4.0},{"not_picked":["Acrobatics","Quick Slash"],"picked":"Outmaneuver","floor":5.0},{"not_picked":["Doppelganger","Hidden Blade"],"picked":"Burst","floor":6.0},{"not_picked":["Deadly Poison","Eviscerate"],"picked":"Cloak And Dagger","floor":11.0},{"not_picked":["ReplayTheSpireMod:From All Sides","Bouncing Flask"],"picked":"Slice","floor":13.0},{"not_picked":["Setup","hubris:SlightOfHand"],"picked":"Blade Dance","floor":14.0},{"not_picked":["Grand Finale","Malaise"],"picked":"Adrenaline","floor":16.0},{"not_picked":["Bane","Quick Slash"],"picked":"Fluid Movement","floor":18.0},{"not_picked":["conspire:PoisonWeapons","Poisoned Stab"],"picked":"Hidden Blade","floor":21.0},{"not_picked":["Dagger Spray","Flying Knee"],"picked":"hubris:SlightOfHand","floor":22.0},{"not_picked":["Slice+1","conspire:DoublingDagger"],"picked":"Draining Mist+1","floor":25.0},{"not_picked":["ReplayTheSpireMod:Necrosis","Dodge and Roll"],"picked":"Backflip","floor":29.0},{"not_picked":["hubris:TrickCloak","Predator+1"],"picked":"Tactician","floor":30.0},{"not_picked":["Poison Darts","ReplayTheSpireMod:Necrosis"],"picked":"Wraith Form v2","floor":33.0},{"not_picked":["Backstab","Dagger Spray+1"],"picked":"PiercingWail+1","floor":35.0},{"not_picked":["Deflect+1","All Out Attack+1"],"picked":"Accuracy+1","floor":36.0},{"not_picked":["Riddle With Holes+1","Dodge and Roll+1"],"picked":"Heel Hook","floor":37.0},{"not_picked":["Dagger Spray","Blade Dance","Flying Knee+1"],"picked":"SKIP","floor":39.0},{"not_picked":["Flying Knee+1","Outmaneuver+1"],"picked":"Acrobatics+1","floor":40.0},{"not_picked":["conspire:DoublingDagger","Dash+1"],"picked":"ReplayTheSpireMod:Speed Training","floor":42.0},{"not_picked":["Bane+1","Outmaneuver+1","Doppelganger"],"picked":"SKIP","floor":45.0},{"not_picked":["Bane","Backstab"],"picked":"Cloak And Dagger+1","floor":46.0},{"not_picked":["Underhanded Strike+1","Phantasmal Killer"],"picked":"Dagger Throw","floor":48.0},{"not_picked":["Underhanded Strike+1","Endless Agony+1"],"picked":"Distraction+1","floor":54.0}],"player_experience":259161,"relics_obtained":[{"floor":6.0,"key":"hubris:GlazedTorus"},{"floor":9.0,"key":"Bottled Lightning"},{"floor":13.0,"key":"Regal Pillow"},{"floor":23.0,"key":"bronze:BronzeIdol"},{"floor":26.0,"key":"Guardian:PocketSentry"},{"floor":32.0,"key":"Art of War"},{"floor":36.0,"key":"The Specimen"},{"floor":42.0,"key":"Replay:Kaleidoscope"},{"floor":44.0,"key":"Counterbalance"},{"floor":45.0,"key":"Snake Skull"},{"floor":48.0,"key":"CaptainsWheel"},{"floor":52.0,"key":"Slimebound:PreparedRelic"},{"floor":54.0,"key":"hubris:TinFlute"}],"event_choices":[{"damage_healed":0.0,"max_hp_gain":0.0,"max_hp_loss":0.0,"gold_gain":0.0,"event_name":"The Woman in Blue","player_choice":"Bought 1 Potion","floor":3.0,"gold_loss":0.0,"damage_taken":0.0},{"cards_removed":["Strike_G"],"damage_healed":0.0,"max_hp_gain":0.0,"max_hp_loss":0.0,"gold_gain":0.0,"event_name":"Bonfire Elementals","player_choice":"Offered Basic","floor":8.0,"gold_loss":0.0,"damage_taken":0.0},{"damage_healed":0.0,"max_hp_gain":0.0,"max_hp_loss":0.0,"gold_gain":0.0,"event_name":"conspire:LoneGhost","player_choice":"Agree","floor":12.0,"gold_loss":0.0,"damage_taken":0.0},{"damage_healed":0.0,"max_hp_gain":0.0,"max_hp_loss":0.0,"gold_gain":0.0,"cards_transformed":["conspire:GhostlyStrike"],"event_name":"Transmorgrifier","player_choice":"Transformed","floor":20.0,"gold_loss":0.0,"damage_taken":0.0,"cards_obtained":["Forethought"]},{"damage_healed":0.0,"max_hp_gain":0.0,"max_hp_loss":0.0,"gold_gain":0.0,"event_name":"conspire:Investor","player_choice":"Leave","floor":27.0,"gold_loss":0.0,"damage_taken":0.0},{"damage_healed":0.0,"max_hp_gain":0.0,"max_hp_loss":0.0,"gold_gain":0.0,"event_name":"Upgrade Shrine","player_choice":"Upgraded","floor":31.0,"gold_loss":0.0,"damage_taken":0.0,"cards_upgraded":["Fluid Movement"]},{"damage_healed":0.0,"max_hp_gain":0.0,"max_hp_loss":0.0,"gold_gain":0.0,"event_name":"Match and Keep!","player_choice":"3 cards matched","floor":41.0,"gold_loss":0.0,"damage_taken":0.0,"cards_obtained":["Caltrops","Neutralize","Madness"]}],"is_beta":false,"boss_relics":[{"not_picked":["energizedSpire:MagnifyingGlass","Astrolabe"],"picked":"Coffee Dripper"},{"not_picked":["hubris:VirtuousBlindfold","Sozu"],"picked":"WristBlade"}],"items_purged_floors":[10],"is_endless":false,"potions_floor_spawned":[1,4,13,14,21,29,30,36,39,45,46],"ascension_level":6}}