{"host":"815dqs41i1y8uxms","time":1612099136,"event":{"mods":["A Penny For Your Troubles","Act Like it!","BaseMod","Dark Map","Elementarium","Fox Events","Minty Spire (QoL Compilation)","Rare Cards Sparkle","Shop Mod","Spire Arcade","StSLib","The Marked"],"gold_per_floor":[118,17,36,52,52,78,92,111,111,124,144,162,162,7,7,109,109,126,126,126],"floor_reached":19,"language":"ENG","playtime":1286,"items_purged":[],"score":173,"play_id":"80e7bfac-9f85-4a3a-8dec-c849f04cd1f1","local_time":"20210131141856","is_ascension_mode":false,"campfire_choices":[{"floor":13,"key":"REST"},{"floor":15,"key":"REST"}],"circlet_count":0,"master_deck":["theMarked:Strike","theMarked:Strike","theMarked:Strike","theMarked:Strike","theMarked:Strike","theMarked:Defend","theMarked:Defend","theMarked:Defend","theMarked:Defend","theMarked:SoldierOfQuellstein","theMarked:Electrify","theMarked:ContemptForTheProud","theMarked:OneWithTheBlade","theMarked:Aftermath","theMarked:SwordAndMagic","theMarked:RepellingDischarge","theMarked:ComboAttacks","theMarked:Improvise","theMarked:BindingBlade","theMarked:SwordAndMagic","theMarked:ResourceFulStrike","theMarked:Indomitable","theMarked:BindingBlade","theMarked:Polarize+1"],"relics":["theMarked:ArtifactOfAir","Blood Vial","Nunchaku","MerchantsRug","Black Star"],"acts_visited":["Exordium","Elementarium:Elementarium"],"potions_floor_usage":[6,16,16,19],"damage_taken":[{"damage":1,"enemies":"Cultist","floor":1,"turns":4},{"damage":5,"enemies":"Small Slimes","floor":3,"turns":3},{"damage":0,"enemies":"2 Louse","floor":4,"turns":3},{"damage":10,"enemies":"Gremlin Nob","floor":6,"turns":3},{"damage":8,"enemies":"Red Slaver","floor":7,"turns":4},{"damage":1,"enemies":"Exordium Wildlife","floor":8,"turns":5},{"damage":27,"enemies":"Lots of Slimes","floor":10,"turns":5},{"damage":5,"enemies":"Looter","floor":11,"turns":3},{"damage":12,"enemies":"3 Louse","floor":12,"turns":3},{"damage":27,"enemies":"Hexaghost","floor":16,"turns":7},{"damage":24,"enemies":"Elementarium:VoidCorruption","floor":18,"turns":5},{"damage":75,"enemies":"Slavers","floor":19,"turns":4}],"seed_played":"-5796471437069418813","potions_obtained":[{"floor":1,"key":"LiquidMemories"},{"floor":3,"key":"EssenceOfSteel"},{"floor":5,"key":"theMarked:SummonPotion"},{"floor":5,"key":"CultistPotion"},{"floor":12,"key":"Strength Potion"},{"floor":18,"key":"Weak Potion"}],"is_trial":false,"path_per_floor":["M","$","M","M","?","E","M","M","T","M","M","M","R","$","R","B",null,"M","?"],"character_chosen":"THE_DEFAULT","items_purchased":["theMarked:ContemptForTheProud","theMarked:OneWithTheBlade","MerchantsRug","theMarked:Indomitable"],"campfire_rested":2,"item_purchase_floors":[2,2,14,14],"current_hp_per_floor":[76,76,71,71,71,61,55,56,56,31,28,18,41,41,64,39,77,53,0,0],"gold":126,"neow_bonus":"TEN_PERCENT_HP_BONUS","is_daily":false,"chose_seed":false,"campfire_upgraded":0,"win_rate":0.0,"timestamp":1612099136,"path_taken":["M","$","?","M","?","E","M","M","T","?","M","M","R","$","R","BOSS","M","?"],"items_purchased_type":["Card","Card","Relic","Card"],"build_version":"2020-12-22","purchased_purges":0,"victory":false,"max_hp_per_floor":[77,77,77,77,77,77,77,77,77,77,77,77,77,77,77,77,77,77,77,77],"card_choices":[{"not_picked":["theMarked:Frustration","theMarked:Indomitable"],"picked":"theMarked:Electrify","floor":1},{"not_picked":["theMarked:WardOff","theMarked:Generate"],"picked":"theMarked:Aftermath","floor":3},{"not_picked":["theMarked:RepellingDischarge","theMarked:ResourceFulStrike"],"picked":"theMarked:SwordAndMagic","floor":4},{"not_picked":["theMarked:WardOff","theMarked:Aftermath"],"picked":"theMarked:RepellingDischarge","floor":6},{"not_picked":["theMarked:WastefulAttack","theMarked:SelfDefenseTraining"],"picked":"theMarked:ComboAttacks","floor":7},{"not_picked":["theMarked:Parry","theMarked:WardOff"],"picked":"theMarked:Improvise","floor":8},{"not_picked":["theMarked:EnhanceMovement","theMarked:TwofoldDefense"],"picked":"theMarked:BindingBlade","floor":10},{"not_picked":["theMarked:Standoff","theMarked:WastefulAttack"],"picked":"theMarked:SwordAndMagic","floor":11},{"not_picked":["theMarked:Frustration","theMarked:RepellingDischarge"],"picked":"theMarked:ResourceFulStrike","floor":12},{"not_picked":["theMarked:MagusForm","theMarked:Levitate"],"picked":"theMarked:BindingBlade","floor":16},{"not_picked":["theMarked:RepellingDischarge","theMarked:Memento+1"],"picked":"theMarked:Polarize+1","floor":18}],"player_experience":3727349,"relics_obtained":[{"floor":6,"key":"Blood Vial"},{"floor":9,"key":"Nunchaku"}],"event_choices":[{"damage_healed":0,"gold_gain":0,"player_choice":"Got Potions","damage_taken":0,"max_hp_gain":0,"max_hp_loss":0,"event_name":"Lab","floor":5,"gold_loss":0},{"damage_healed":0,"gold_gain":0,"player_choice":"Enter","damage_taken":0,"max_hp_gain":0,"max_hp_loss":0,"event_name":"Elementarium:OtherworldlyPassage","floor":19,"gold_loss":0}],"is_beta":false,"boss_relics":[{"not_picked":["Pandora\u0027s Box","Philosopher\u0027s Stone"],"picked":"Black Star"}],"items_purged_floors":[],"is_endless":false,"potions_floor_spawned":[1,3,12,18],"killed_by":"Slavers","ascension_level":0}}