{"host":"ijtyqc57s6c9mbij","time":1612126372,"event":{"mods":["BaseMod","Colored Map","Downfall","Minty Spire (QoL Compilation)","StSLib"],"gold_per_floor":[99,114,134,153,153,53,79,79,13,32,50,69,80,113,126,126,126,126],"floor_reached":16,"language":"ENG","playtime":1004,"items_purged":[],"score":131,"play_id":"04d7b078-3580-433c-b605-2d67c1200421","local_time":"20210131125252","is_ascension_mode":false,"campfire_choices":[{"floor":1,"key":"RECALL"},{"data":"Guardian:TwinSlam","floor":6,"key":"SMITH"},{"data":"Guardian:Emergency","floor":8,"key":"SMITH"}],"circlet_count":0,"master_deck":["Guardian:Strike_Guardian","Guardian:Strike_Guardian","Guardian:Strike_Guardian","Guardian:Strike_Guardian","Guardian:Defend_Guardian","Guardian:Defend_Guardian","Guardian:Defend_Guardian","Guardian:Defend_Guardian","Guardian:CurlUp+1","Guardian:TwinSlam+1","Guardian:Harden","Guardian:TemporalShield","Guardian:Emergency+1","Guardian:Gem_Red","Guardian:Gem_Green","Guardian:ChargeCore","Guardian:TemporalStrike","Guardian:Gem_Purple","Guardian:Suspension","Guardian:BaubleBeam","Guardian:ChargeCore"],"relics":["Guardian:ModeShifter","downfall:HeartBlessingRed","Strawberry","Turnip"],"acts_visited":["Exordium"],"potions_floor_usage":[14,14,16],"damage_taken":[{"damage":6,"enemies":"2 Louse","floor":2,"turns":4},{"damage":6,"enemies":"Cultist","floor":3,"turns":6},{"damage":8,"enemies":"Small Slimes","floor":4,"turns":4},{"damage":5,"enemies":"downfall:FleeingMerchant","floor":9,"turns":4},{"damage":6,"enemies":"2 Fungi Beasts","floor":10,"turns":4},{"damage":18,"enemies":"Large Slime","floor":11,"turns":6},{"damage":12,"enemies":"Exordium Wildlife","floor":12,"turns":5},{"damage":8,"enemies":"Exordium Thugs","floor":13,"turns":4},{"damage":13,"enemies":"3 Sentries","floor":14,"turns":9},{"damage":7,"enemies":"Blue Slaver","floor":15,"turns":4},{"damage":12,"enemies":"DF_ARCHETYPE_STREAMLINE","floor":16,"turns":3}],"seed_played":"-8213139278031633306","potions_obtained":[{"floor":2,"key":"Fire Potion"},{"floor":12,"key":"GamblersBrew"},{"floor":13,"key":"SkillPotion"},{"floor":14,"key":"GamblersBrew"},{"floor":15,"key":"Fire Potion"}],"is_trial":false,"path_per_floor":["R","M","M","M","?","R","T","R","$","M","M","M","M","E","M","B"],"character_chosen":"GUARDIAN","items_purchased":["Guardian:Gem_Green"],"campfire_rested":0,"item_purchase_floors":[9],"current_hp_per_floor":[88,82,76,68,68,68,75,75,70,64,46,34,26,13,6,0,0,0],"gold":126,"neow_bonus":"TEN_PERCENT_HP_BONUS","is_daily":false,"chose_seed":false,"campfire_upgraded":2,"win_rate":0.0,"timestamp":1612126372,"path_taken":["R","M","M","M","?","R","T","R","$","M","?","M","M","E","M","BOSS"],"items_purchased_type":["Card"],"build_version":"2020-12-22","purchased_purges":0,"victory":false,"max_hp_per_floor":[88,88,88,88,88,88,95,95,95,95,95,95,95,95,95,95,95,95],"card_choices":[{"not_picked":["Guardian:PrismaticBarrier","Guardian:Suspension"],"picked":"Guardian:Harden","floor":2},{"not_picked":["Guardian:TemporalStrike","Guardian:Harden"],"picked":"Guardian:TemporalShield","floor":3},{"not_picked":["Guardian:StasisEngine","Guardian:PrimingBeam"],"picked":"Guardian:Emergency","floor":4},{"not_picked":["Guardian:VentSteam","Guardian:Recover"],"picked":"Guardian:Gem_Red","floor":9},{"not_picked":["Guardian:FuturePlans","Guardian:Gem_Fragmented"],"picked":"Guardian:ChargeCore","floor":10},{"not_picked":["Guardian:Incinerate","Guardian:RollAttack"],"picked":"Guardian:TemporalStrike","floor":11},{"not_picked":["Guardian:TemporalStrike","Guardian:Gem_Green"],"picked":"Guardian:Gem_Purple","floor":12},{"not_picked":["Guardian:ChargeCore","Guardian:VentSteam"],"picked":"Guardian:Suspension","floor":13},{"not_picked":["Guardian:Gem_Red","Guardian:TemporalStrike"],"picked":"Guardian:BaubleBeam","floor":14},{"not_picked":["Guardian:Reroute","Guardian:WalkerClaw"],"picked":"Guardian:ChargeCore","floor":15}],"player_experience":932074,"relics_obtained":[{"floor":7,"key":"Strawberry"},{"floor":14,"key":"Turnip"}],"event_choices":[],"is_beta":false,"boss_relics":[],"items_purged_floors":[],"is_endless":false,"potions_floor_spawned":[2,12,13,14,15],"killed_by":"DF_ARCHETYPE_STREAMLINE","ascension_level":0}}