{"host":"9n6i2vl93jt4o42q","time":1612099767,"event":{"mods":["BaseMod","Minty Spire (QoL Compilation)","Relic Stats"],"gold_per_floor":[127,150,162,191,203,215,152,164,176,217,239,266,307,366,378,468,480,510,533,148,161,161,161,193,193,220,236,266,266,283,313,313,389,389,404,421,259,278,7,40,40,52,125,141,166,166,185,104,104,104,104,104,104,45,79,79],"floor_reached":57,"language":"ENG","playtime":6227,"items_purged":["Strike_R","Strike_R"],"score":3099,"play_id":"aecd92ee-661a-42dc-acfd-c8b157e6f5b7","local_time":"20210131142927","is_ascension_mode":true,"campfire_choices":[{"data":"Bash","floor":6,"key":"SMITH"},{"data":"Battle Trance","floor":8,"key":"SMITH"},{"data":"True Grit","floor":15,"key":"SMITH"},{"floor":23,"key":"REST"},{"data":"Offering","floor":25,"key":"SMITH"},{"data":"Shockwave","floor":29,"key":"SMITH"},{"data":"Infernal Blade","floor":32,"key":"SMITH"},{"floor":41,"key":"RECALL"},{"data":"Body Slam","floor":46,"key":"SMITH"},{"floor":49,"key":"REST"},{"data":"Disarm","floor":53,"key":"SMITH"}],"circlet_count":0,"master_deck":["AscendersBane","Strike_R","Defend_R","Defend_R","Defend_R","Bash+1","Feel No Pain","Pommel Strike","Battle Trance+1","Sentinel","Infernal Blade+1","True Grit+1","Disarm+1","Offering+1","Body Slam+1","Power Through","Inflame+1","Shockwave+1","Feel No Pain+1","Dark Embrace+1","Juggernaut+1","Shrug It Off","Armaments+1","Reaper","Barricade+1","Headbutt+1","Shrug It Off+1","Sentinel+1","Inflame+1","Bloodletting+1","Havoc+1","Evolve+1","Disarm+1","Burning Pact+1","Body Slam+1","Dual Wield+1","Shrug It Off+1","Intimidate+1","Warcry+1","Rage+1"],"relics":["Burning Blood","MawBank","FaceOfCleric","Letter Opener","Frozen Egg 2","Strawberry","Bag of Preparation","Runic Dome","Pen Nib","Bottled Lightning","Toy Ornithopter","Red Mask","Toxic Egg 2","SlaversCollar","Orrery","Art of War","Kunai","Akabeko","Shuriken"],"acts_visited":["Exordium","TheCity","TheBeyond","TheEnding"],"potions_floor_usage":[10,13,19,38,40,56,56],"damage_taken":[{"damage":4,"enemies":"Jaw Worm","floor":1,"turns":4},{"damage":3,"enemies":"Cultist","floor":2,"turns":3},{"damage":4,"enemies":"Small Slimes","floor":4,"turns":4},{"damage":17,"enemies":"3 Sentries","floor":10,"turns":12},{"damage":9,"enemies":"Looter","floor":11,"turns":3},{"damage":11,"enemies":"3 Louse","floor":12,"turns":4},{"damage":8,"enemies":"Gremlin Nob","floor":13,"turns":3},{"damage":53,"enemies":"Hexaghost","floor":16,"turns":13},{"damage":23,"enemies":"Spheric Guardian","floor":18,"turns":5},{"damage":21,"enemies":"Shell Parasite","floor":19,"turns":3},{"damage":21,"enemies":"Snecko","floor":21,"turns":6},{"damage":6,"enemies":"Slavers","floor":24,"turns":2},{"damage":6,"enemies":"Snake Plant","floor":27,"turns":3},{"damage":6,"enemies":"Masked Bandits","floor":28,"turns":3},{"damage":6,"enemies":"Centurion and Healer","floor":30,"turns":4},{"damage":6,"enemies":"Book of Stabbing","floor":31,"turns":3},{"damage":17,"enemies":"Automaton","floor":33,"turns":7},{"damage":6,"enemies":"3 Shapes","floor":35,"turns":4},{"damage":6,"enemies":"Orb Walker","floor":36,"turns":3},{"damage":9,"enemies":"Maw","floor":38,"turns":6},{"damage":10,"enemies":"Reptomancer","floor":40,"turns":6},{"damage":16,"enemies":"3 Darklings","floor":42,"turns":6},{"damage":30,"enemies":"Writhing Mass","floor":44,"turns":4},{"damage":12,"enemies":"Nemesis","floor":45,"turns":5},{"damage":15,"enemies":"Sphere and 2 Shapes","floor":47,"turns":4},{"damage":9,"enemies":"Donu and Deca","floor":50,"turns":4},{"damage":44,"enemies":"Time Eater","floor":51,"turns":7},{"damage":9,"enemies":"Shield and Spear","floor":55,"turns":3},{"damage":9,"enemies":"The Heart","floor":56,"turns":8}],"seed_played":"-8432056507288135319","potions_obtained":[{"floor":1,"key":"EssenceOfSteel"},{"floor":4,"key":"LiquidMemories"},{"floor":10,"key":"SpeedPotion"},{"floor":13,"key":"AttackPotion"},{"floor":19,"key":"Swift Potion"},{"floor":33,"key":"Energy Potion"},{"floor":38,"key":"Explosive Potion"},{"floor":44,"key":"ColorlessPotion"},{"floor":47,"key":"Ancient Potion"}],"is_trial":false,"path_per_floor":["M","M","?","M","$","R","?","R","T","E","M","M","E","T","R","B",null,"M","M","$","M","?","R","E","R","T","M","?","R","M","E","R","B",null,"M","M","$","M","$","E","R","M","T","M","E","R","M","$","R","B","B",null,"R","$","E","B",null],"character_chosen":"IRONCLAD","items_purchased":["Pen Nib","Inflame+1","Shockwave","Orrery","Art of War","Intimidate+1","Warcry+1"],"campfire_rested":2,"item_purchase_floors":[20,20,20,37,39,48,54],"current_hp_per_floor":[70,73,73,76,76,76,76,76,76,66,64,60,66,66,66,20,71,55,41,41,27,27,54,55,55,55,56,57,57,58,59,59,49,85,86,94,94,100,100,101,101,92,92,69,80,80,72,72,103,101,79,100,100,100,98,106],"gold":79,"neow_bonus":"RANDOM_COMMON_RELIC","is_daily":false,"chose_seed":false,"campfire_upgraded":8,"win_rate":0.0,"timestamp":1612099767,"path_taken":["M","M","?","M","?","R","?","R","T","E","M","M","E","?","R","BOSS","M","M","$","M","?","R","E","R","T","M","?","R","?","E","R","BOSS","M","M","$","M","?","E","R","M","T","M","E","R","M","?","R","BOSS","BOSS","R","$","E","BOSS"],"items_purchased_type":["Relic","Card","Card","Relic","Relic","Card","Card"],"build_version":"2020-12-22","purchased_purges":2,"victory":true,"max_hp_per_floor":[75,75,75,76,76,76,76,76,76,77,78,79,87,87,87,88,88,89,90,90,91,91,91,92,92,92,93,94,94,95,96,96,97,97,98,99,99,100,100,101,101,102,102,103,104,104,105,105,105,106,107,107,107,107,108,109],"relic_stats":{"FaceOfCleric":27,"counters":[29,142],"Shuriken":[2],"Pen Nib":[12],"Bag of Preparation":[44],"Art of War":[6],"Letter Opener":[571],"Kunai":[8],"MawBank":240,"obtain_stats":[{"Pen Nib":20,"Bag of Preparation":14,"Letter Opener":9,"Frozen Egg 2":10,"MawBank":0,"Burning Blood":0,"Akabeko":45,"Runic Dome":17,"SlaversCollar":34,"FaceOfCleric":3,"Shuriken":55,"Strawberry":13,"Orrery":37,"Red Mask":28,"Art of War":39,"Bottled Lightning":24,"Kunai":40,"Toxic Egg 2":31,"Toy Ornithopter":26},{"Pen Nib":10,"Bag of Preparation":7,"Letter Opener":3,"Frozen Egg 2":4,"MawBank":0,"Burning Blood":0,"Akabeko":24,"Runic Dome":8,"SlaversCollar":17,"FaceOfCleric":2,"Shuriken":28,"Strawberry":7,"Orrery":19,"Red Mask":14,"Art of War":20,"Bottled Lightning":12,"Kunai":21,"Toxic Egg 2":16,"Toy Ornithopter":12},{"Pen Nib":54,"Bag of Preparation":33,"Letter Opener":11,"Frozen Egg 2":23,"MawBank":0,"Burning Blood":0,"Akabeko":116,"Runic Dome":46,"SlaversCollar":82,"FaceOfCleric":7,"Shuriken":134,"Strawberry":33,"Orrery":89,"Red Mask":68,"Art of War":95,"Bottled Lightning":62,"Kunai":101,"Toxic Egg 2":75,"Toy Ornithopter":62}],"Burning Blood":162,"Toy Ornithopter":16},"card_choices":[{"not_picked":["Dark Embrace","Sword Boomerang"],"picked":"Feel No Pain","floor":1},{"not_picked":["Twin Strike","Warcry"],"picked":"Pommel Strike","floor":2},{"not_picked":["Dropkick","Burning Pact"],"picked":"Battle Trance","floor":4},{"not_picked":["Flex","Warcry"],"picked":"Sentinel","floor":10},{"not_picked":["Rage","Havoc"],"picked":"Infernal Blade","floor":11},{"not_picked":["Thunderclap","Double Tap"],"picked":"True Grit","floor":12},{"not_picked":["Headbutt","Second Wind"],"picked":"Disarm","floor":13},{"not_picked":["Bludgeon","Exhume"],"picked":"Offering","floor":16},{"not_picked":["Headbutt","Thunderclap+1"],"picked":"Body Slam+1","floor":18},{"not_picked":["Feel No Pain+1","Wild Strike+1"],"picked":"Power Through","floor":19},{"not_picked":["Thunderclap","Uppercut"],"picked":"Feel No Pain+1","floor":21},{"not_picked":["Body Slam","Warcry","Cleave"],"picked":"SKIP","floor":24},{"not_picked":["Intimidate","Carnage"],"picked":"Shrug It Off","floor":27},{"not_picked":["True Grit","Clash"],"picked":"Armaments+1","floor":28},{"not_picked":["Anger","Perfected Strike","Body Slam"],"picked":"SKIP","floor":30},{"not_picked":["Cleave","Blood for Blood"],"picked":"Reaper","floor":31},{"not_picked":["Limit Break+1","Exhume+1"],"picked":"Barricade+1","floor":33},{"not_picked":["Flex+1","Carnage+1"],"picked":"Headbutt+1","floor":35},{"not_picked":["Headbutt","Thunderclap+1"],"picked":"Shrug It Off+1","floor":36},{"not_picked":["Reaper","Havoc+1"],"picked":"Sentinel+1","floor":37},{"not_picked":["Iron Wave","Heavy Blade"],"picked":"Inflame+1","floor":37},{"not_picked":["Havoc+1","Feel No Pain+1"],"picked":"Bloodletting+1","floor":37},{"not_picked":["Inflame+1","Headbutt+1"],"picked":"Havoc+1","floor":37},{"not_picked":["Perfected Strike","Bludgeon"],"picked":"Evolve+1","floor":37},{"not_picked":["Whirlwind","Thunderclap+1"],"picked":"Disarm+1","floor":38},{"not_picked":["Blood for Blood","Clothesline","Searing Blow"],"picked":"SKIP","floor":40},{"not_picked":["Blood for Blood","Clothesline","Searing Blow"],"picked":"SKIP","floor":40},{"not_picked":["Armaments+1","Body Slam"],"picked":"Burning Pact+1","floor":42},{"not_picked":["Wild Strike","Uppercut"],"picked":"Body Slam","floor":44},{"not_picked":["Fiend Fire","Reaper"],"picked":"Dual Wield+1","floor":45},{"not_picked":["Power Through+1","Warcry+1"],"picked":"Shrug It Off+1","floor":47},{"not_picked":["Cleave+1","Anger+1"],"picked":"Rage+1","floor":55}],"player_experience":2353222,"relics_obtained":[{"floor":9,"key":"Letter Opener"},{"floor":10,"key":"Frozen Egg 2"},{"floor":13,"key":"Strawberry"},{"floor":14,"key":"Bag of Preparation"},{"floor":24,"key":"Bottled Lightning"},{"floor":26,"key":"Toy Ornithopter"},{"floor":28,"key":"Red Mask"},{"floor":31,"key":"Toxic Egg 2"},{"floor":40,"key":"Kunai"},{"floor":45,"key":"Akabeko"},{"floor":55,"key":"Shuriken"}],"event_choices":[{"damage_healed":0,"gold_gain":0,"player_choice":"Trade","damage_taken":0,"relics_obtained":["FaceOfCleric"],"max_hp_gain":0,"max_hp_loss":0,"event_name":"FaceTrader","floor":3,"gold_loss":0},{"cards_removed":["Strike_R"],"damage_healed":0,"gold_gain":0,"player_choice":"Card Removal","damage_taken":0,"max_hp_gain":0,"max_hp_loss":0,"event_name":"The Cleric","floor":7,"gold_loss":75},{"damage_healed":0,"gold_gain":0,"cards_transformed":["Defend_R","Strike_R"],"player_choice":"Became Test Subject","damage_taken":0,"max_hp_gain":0,"max_hp_loss":0,"event_name":"Drug Dealer","floor":22,"gold_loss":0,"cards_obtained":["Dark Embrace","Juggernaut"]},{"damage_healed":0,"gold_gain":0,"player_choice":"Fought Bandits","damage_taken":0,"max_hp_gain":0,"max_hp_loss":0,"event_name":"Masked Bandits","floor":28,"gold_loss":0}],"is_beta":false,"boss_relics":[{"not_picked":["Velvet Choker","Runic Pyramid"],"picked":"Runic Dome"},{"not_picked":["Busted Crown","Sozu"],"picked":"SlaversCollar"}],"items_purged_floors":[20,39],"is_endless":false,"potions_floor_spawned":[1,4,10,13,19,24,28,33,38,44,47],"ascension_level":20}}