{"host":"2tgyrzvaa7l04o2e","time":1612105490,"event":{"mods":["BaseMod","Highlight Path","Minty Spire (QoL Compilation)","Permanent Neow","Relic Stats"],"gold_per_floor":[119,119,138,153,173,173,198,198,248,275,34,34,45,71,71,166,166,179,189,189,104,203,238,238,265,342,342,360,393,410,422,422,524,524,540,553,553,567,567,567,567],"floor_reached":40,"language":"ENG","playtime":1876,"items_purged":[],"score":786,"play_id":"deb4b194-1aa6-42a2-a986-d83ec50cc941","local_time":"20210131160450","is_ascension_mode":true,"campfire_choices":[{"data":"Cleave","floor":6,"key":"SMITH"},{"data":"Disarm","floor":15,"key":"SMITH"},{"data":"Bash","floor":24,"key":"SMITH"},{"floor":27,"key":"RECALL"},{"data":"Inflame","floor":32,"key":"SMITH"}],"circlet_count":0,"master_deck":["AscendersBane","Strike_R","Strike_R","Strike_R","Defend_R+1","Defend_R","Defend_R+1","Defend_R","Bash+1","Cleave+1","Shrug It Off","Spot Weakness","Disarm+1","Burning Pact","Heavy Blade+1","Reaper+1","Battle Trance","Shrug It Off","Dark Embrace","Inflame+1","Evolve","Armaments+1","Limit Break","Warcry+1","Pommel Strike+1"],"relics":["Burning Blood","War Paint","Mercury Hourglass","Bag of Marbles","Regal Pillow","Thread and Needle","Molten Egg 2","Ice Cream","Mark of Pain","Ginger","Matryoshka","Calipers","Centennial Puzzle","Toy Ornithopter","Black Star"],"acts_visited":["Exordium","TheCity","TheBeyond"],"potions_floor_usage":[7,14,29,33,35,40,40],"damage_taken":[{"damage":12,"enemies":"2 Louse","floor":1,"turns":3},{"damage":0,"enemies":"Small Slimes","floor":3,"turns":2},{"damage":0,"enemies":"Cultist","floor":4,"turns":3},{"damage":13,"enemies":"Exordium Thugs","floor":5,"turns":4},{"damage":6,"enemies":"Gremlin Nob","floor":7,"turns":4},{"damage":12,"enemies":"Lagavulin","floor":10,"turns":8},{"damage":0,"enemies":"2 Fungi Beasts","floor":13,"turns":2},{"damage":2,"enemies":"Gremlin Nob","floor":14,"turns":3},{"damage":52,"enemies":"Slime Boss","floor":16,"turns":10},{"damage":28,"enemies":"Chosen","floor":18,"turns":5},{"damage":17,"enemies":"2 Thieves","floor":19,"turns":4},{"damage":24,"enemies":"Slavers","floor":23,"turns":5},{"damage":26,"enemies":"Gremlin Leader","floor":25,"turns":5},{"damage":1,"enemies":"Centurion and Healer","floor":28,"turns":6},{"damage":23,"enemies":"Slavers","floor":29,"turns":4},{"damage":5,"enemies":"Snake Plant","floor":30,"turns":5},{"damage":26,"enemies":"3 Cultists","floor":31,"turns":5},{"damage":25,"enemies":"Automaton","floor":33,"turns":8},{"damage":10,"enemies":"3 Shapes","floor":35,"turns":5},{"damage":24,"enemies":"Orb Walker","floor":36,"turns":5},{"damage":37,"enemies":"Spire Growth","floor":38,"turns":6},{"damage":70,"enemies":"Giant Head","floor":40,"turns":7}],"seed_played":"5657415247245477991","potions_obtained":[{"floor":1,"key":"LiquidBronze"},{"floor":5,"key":"HeartOfIron"},{"floor":10,"key":"BlessingOfTheForge"},{"floor":14,"key":"FearPotion"},{"floor":19,"key":"BloodPotion"},{"floor":25,"key":"Fire Potion"},{"floor":29,"key":"PowerPotion"},{"floor":33,"key":"Swift Potion"},{"floor":35,"key":"EssenceOfSteel"}],"is_trial":false,"path_per_floor":["M","?","M","M","M","R","E","?","T","E","$","?","M","E","R","B",null,"M","M","?","?","?","E","R","E","T","R","M","E","M","M","R","B",null,"M","M","?","M","?","E"],"character_chosen":"IRONCLAD","items_purchased":["Molten Egg 2"],"campfire_rested":0,"item_purchase_floors":[11],"current_hp_per_floor":[66,63,69,75,68,68,68,68,68,62,62,62,68,72,72,26,67,45,42,42,42,42,60,60,60,60,60,73,71,72,52,52,63,76,77,70,70,39,39,0,0],"gold":567,"neow_bonus":"RANDOM_COMMON_RELIC","is_daily":false,"chose_seed":false,"campfire_upgraded":4,"win_rate":0.0,"timestamp":1612105490,"path_taken":["M","?","M","M","M","R","E","?","T","E","$","?","M","E","R","BOSS","M","M","?","?","?","E","R","E","T","R","M","E","M","M","R","BOSS","M","M","?","M","?","E"],"items_purchased_type":["Relic"],"build_version":"2020-12-22","purchased_purges":0,"victory":false,"max_hp_per_floor":[80,80,80,80,80,80,80,80,80,80,80,80,80,80,80,80,80,80,80,80,80,80,80,80,80,80,80,80,80,80,80,80,80,80,80,80,80,80,80,80,80],"relic_stats":{"Regal Pillow":0,"Centennial Puzzle":[27],"counters":[22,108],"Black Star":0,"Ginger":[8],"War Paint":["Defend_R","Defend_R"],"obtain_stats":[{"Ice Cream":14,"Regal Pillow":9,"Calipers":25,"Thread and Needle":10,"Ginger":21,"War Paint":0,"Burning Blood":0,"Mercury Hourglass":2,"Centennial Puzzle":26,"Matryoshka":23,"Molten Egg 2":11,"Mark of Pain":17,"Bag of Marbles":7,"Black Star":34,"Toy Ornithopter":29},{"Ice Cream":8,"Regal Pillow":5,"Calipers":13,"Thread and Needle":6,"Ginger":11,"War Paint":0,"Burning Blood":0,"Mercury Hourglass":1,"Centennial Puzzle":13,"Matryoshka":12,"Molten Egg 2":6,"Mark of Pain":9,"Bag of Marbles":5,"Black Star":18,"Toy Ornithopter":15},{"Ice Cream":29,"Regal Pillow":16,"Calipers":57,"Thread and Needle":24,"Ginger":48,"War Paint":0,"Burning Blood":0,"Mercury Hourglass":3,"Centennial Puzzle":57,"Matryoshka":52,"Molten Egg 2":24,"Mark of Pain":39,"Bag of Marbles":16,"Black Star":85,"Toy Ornithopter":67}],"Burning Blood":126,"Toy Ornithopter":20,"Mercury Hourglass":[450]},"card_choices":[{"not_picked":["Shrug It Off","Warcry"],"picked":"Cleave","floor":1},{"not_picked":["Havoc","Headbutt"],"picked":"Shrug It Off","floor":3},{"not_picked":["Heavy Blade","Thunderclap"],"picked":"Spot Weakness","floor":4},{"not_picked":["Shrug It Off","Bloodletting","Iron Wave"],"picked":"SKIP","floor":5},{"not_picked":["Clothesline","Spot Weakness"],"picked":"Disarm","floor":7},{"not_picked":["Blood for Blood","Bludgeon","Evolve"],"picked":"SKIP","floor":10},{"not_picked":["Sword Boomerang+1","Reckless Charge+1"],"picked":"Heavy Blade+1","floor":13},{"not_picked":["Sever Soul+1","Perfected Strike+1","Bloodletting"],"picked":"SKIP","floor":14},{"not_picked":["Double Tap","Corruption"],"picked":"Reaper+1","floor":16},{"not_picked":["Heavy Blade+1","Twin Strike+1"],"picked":"Battle Trance","floor":18},{"not_picked":["Pommel Strike+1","Anger+1"],"picked":"Shrug It Off","floor":19},{"not_picked":["Thunderclap+1","True Grit","Shrug It Off"],"picked":"SKIP","floor":23},{"not_picked":["Hemokinesis+1","Juggernaut","Headbutt+1"],"picked":"SKIP","floor":25},{"not_picked":["Rage","Sword Boomerang+1"],"picked":"Dark Embrace","floor":28},{"not_picked":["Cleave+1","Heavy Blade+1"],"picked":"Inflame","floor":29},{"not_picked":["Searing Blow+1","Pummel+1"],"picked":"Evolve","floor":30},{"not_picked":["Perfected Strike+1","Havoc"],"picked":"Armaments+1","floor":31},{"not_picked":["Exhume","Offering"],"picked":"Limit Break","floor":33},{"not_picked":["True Grit","Heavy Blade+1"],"picked":"Warcry+1","floor":35},{"not_picked":["Clothesline+1","Armaments+1","Power Through"],"picked":"SKIP","floor":36},{"not_picked":["Thunderclap+1","Evolve"],"picked":"Pommel Strike+1","floor":38}],"player_experience":676081,"relics_obtained":[{"floor":7,"key":"Bag of Marbles"},{"floor":9,"key":"Regal Pillow"},{"floor":10,"key":"Thread and Needle"},{"floor":14,"key":"Ice Cream"},{"floor":23,"key":"Matryoshka"},{"floor":25,"key":"Calipers"},{"floor":26,"key":"Centennial Puzzle"},{"floor":29,"key":"Toy Ornithopter"}],"event_choices":[{"damage_healed":0,"gold_gain":0,"player_choice":"Success","damage_taken":3,"relics_obtained":["Mercury Hourglass"],"max_hp_gain":0,"max_hp_loss":0,"event_name":"Scrap Ooze","floor":2,"gold_loss":0},{"damage_healed":0,"gold_gain":0,"cards_transformed":["Strike_R"],"player_choice":"Change","damage_taken":0,"max_hp_gain":0,"max_hp_loss":0,"event_name":"Living Wall","floor":8,"gold_loss":0,"cards_obtained":["Burning Pact"]},{"damage_healed":0,"gold_gain":0,"player_choice":"Ignored","damage_taken":0,"max_hp_gain":0,"max_hp_loss":0,"event_name":"Liars Game","floor":12,"gold_loss":0},{"damage_healed":0,"gold_gain":0,"player_choice":"Ignored","damage_taken":0,"max_hp_gain":0,"max_hp_loss":0,"event_name":"Ghosts","floor":20,"gold_loss":0},{"damage_healed":0,"gold_gain":0,"player_choice":"Obtained Relic","damage_taken":0,"relics_obtained":["Ginger"],"max_hp_gain":0,"max_hp_loss":0,"event_name":"Addict","floor":21,"gold_loss":85},{"damage_healed":0,"gold_gain":99,"player_choice":"Stole From Cult","damage_taken":0,"max_hp_gain":0,"max_hp_loss":0,"event_name":"Nest","floor":22,"gold_loss":0},{"damage_healed":0,"gold_gain":0,"player_choice":"Ignored","damage_taken":0,"max_hp_gain":0,"max_hp_loss":0,"event_name":"Tomb of Lord Red Mask","floor":37,"gold_loss":0},{"cards_removed":["Strike_R"],"damage_healed":0,"gold_gain":0,"player_choice":"Purged","damage_taken":0,"max_hp_gain":0,"max_hp_loss":0,"event_name":"Purifier","floor":39,"gold_loss":0}],"is_beta":false,"boss_relics":[{"not_picked":["Runic Dome","SlaversCollar"],"picked":"Mark of Pain"},{"not_picked":["Runic Cube","Black Blood"],"picked":"Black Star"}],"items_purged_floors":[],"is_endless":false,"potions_floor_spawned":[1,5,10,14,19,25,29,33,35],"killed_by":"Giant Head","ascension_level":12}}