{"host":"dzi3wcpblt9zy3yg","time":1612122494,"event":{"mods":["BaseMod","Minty Spire (QoL Compilation)"],"gold_per_floor":[110,110,130,110,129,129,78,78,78,96,96,96,127,163,175,187,187],"floor_reached":16,"language":"ENG","playtime":909,"items_purged":[],"score":105,"play_id":"68fea809-720c-45de-bf27-6f0f20a9e61c","local_time":"20210131144814","is_ascension_mode":true,"campfire_choices":[{"data":"Perfected Strike","floor":6,"key":"SMITH"},{"data":"Perfected Strike","floor":8,"key":"SMITH"},{"data":"Pommel Strike","floor":15,"key":"SMITH"}],"circlet_count":0,"master_deck":["Strike_R","Strike_R","Strike_R","Strike_R","Strike_R","Defend_R","Defend_R","Defend_R","Defend_R","Bash","Burning Pact","Perfected Strike+1","Rage","Perfected Strike+1","Pommel Strike+1","Corruption","Uppercut","Dual Wield"],"relics":["Burning Blood","Golden Idol","Pear","MawBank"],"acts_visited":["Exordium"],"potions_floor_usage":[],"damage_taken":[{"damage":8,"enemies":"2 Louse","floor":1,"turns":3},{"damage":15,"enemies":"Jaw Worm","floor":3,"turns":5},{"damage":1,"enemies":"Cultist","floor":5,"turns":3},{"damage":10,"enemies":"Large Slime","floor":10,"turns":2},{"damage":24,"enemies":"3 Sentries","floor":13,"turns":7},{"damage":0,"enemies":"2 Fungi Beasts","floor":14,"turns":2},{"damage":66,"enemies":"The Guardian","floor":16,"turns":8}],"seed_played":"3600469625753561783","potions_obtained":[{"floor":1,"key":"Energy Potion"},{"floor":4,"key":"Regen Potion"},{"floor":5,"key":"Swift Potion"}],"is_trial":true,"path_per_floor":["M","?","M","?","M","R","$","R","T","M","?","?","E","M","R","B"],"character_chosen":"IRONCLAD","items_purchased":["Perfected Strike"],"campfire_rested":0,"item_purchase_floors":[7],"current_hp_per_floor":[78,74,65,65,70,70,70,70,80,76,76,76,58,64,64,0,0],"gold":187,"neow_bonus":"","is_daily":false,"chose_seed":false,"campfire_upgraded":3,"win_rate":0.0,"timestamp":1612122494,"path_taken":["M","?","M","?","M","R","$","R","T","?","?","?","E","?","R","BOSS"],"items_purchased_type":["Card"],"build_version":"2020-12-22","purchased_purges":0,"victory":false,"max_hp_per_floor":[80,74,74,74,74,74,74,74,84,84,84,84,84,84,84,84,84],"card_choices":[{"not_picked":["Sword Boomerang","Armaments"],"picked":"Burning Pact","floor":1},{"not_picked":["Twin Strike","Havoc"],"picked":"Perfected Strike","floor":3},{"not_picked":["Rupture","Headbutt"],"picked":"Rage","floor":5},{"not_picked":["Sword Boomerang","Cleave"],"picked":"Pommel Strike","floor":10},{"not_picked":["Battle Trance","Infernal Blade"],"picked":"Uppercut","floor":13},{"not_picked":["Uppercut","Sword Boomerang"],"picked":"Dual Wield","floor":14}],"player_experience":65550,"relics_obtained":[{"floor":9,"key":"Pear"},{"floor":13,"key":"MawBank"}],"event_choices":[{"damage_healed":0,"gold_gain":0,"player_choice":"Lose Max HP","damage_taken":0,"relics_obtained":["Golden Idol"],"max_hp_gain":0,"max_hp_loss":6,"event_name":"Golden Idol","floor":2,"gold_loss":0},{"damage_healed":0,"gold_gain":0,"player_choice":"Bought 1 Potion","damage_taken":0,"max_hp_gain":0,"max_hp_loss":0,"event_name":"The Woman in Blue","floor":4,"gold_loss":0},{"damage_healed":0,"gold_gain":0,"player_choice":"Ignored","damage_taken":0,"max_hp_gain":0,"max_hp_loss":0,"event_name":"Golden Wing","floor":11,"gold_loss":0},{"damage_healed":0,"gold_gain":0,"player_choice":"1 cards matched","damage_taken":0,"max_hp_gain":0,"max_hp_loss":0,"event_name":"Match and Keep!","floor":12,"gold_loss":0,"cards_obtained":["Corruption"]}],"is_beta":false,"boss_relics":[],"items_purged_floors":[],"is_endless":false,"potions_floor_spawned":[1,5,13],"killed_by":"The Guardian","ascension_level":1}}