{"host":"rihxvzvzrfpivboj","time":1612105110,"event":{"mods":["Act Like it!","BaseMod","Better Third Choice","Block Reminder","Colored Map","Colored Powertips","Downfall","GifTheSpireLib","Googly Eyes","Jorbs\u0027s Wanderer Trilogy","Keyboard Shortcuts","Minty Spire (QoL Compilation)","Quick Restart","Relic Sorter","StSLib","The Runesmith","Unceasing Turn Reminder","Waifu the Spire"],"gold_per_floor":[99,110,124,143,157,172,196,196,196,222,214,214,214],"floor_reached":12,"language":"ENG","playtime":1135,"items_purged":[],"score":84,"play_id":"3810c6ae-9411-46aa-8879-89089049d80a","local_time":"20210131155830","is_ascension_mode":true,"campfire_choices":[{"floor":1,"key":"RECALL"}],"circlet_count":0,"master_deck":["hexamod:Sear","hexamod:Float+1","hexamod:GhostOfSpirePresent","hexamod:ParanormalForm","hexamod:GhostflameInferno+1","hexamod:ParanormalForm","hexamod:ThirdSeal","hexamod:ShieldOfDarkness","hexamod:ThirdSeal","hexamod:HeatMetal","hexamod:FourthSeal","hexamod:RecurringNightmare","hexamod:Haunt","hexamod:RecurringNightmare+1","hexamod:DynamicBlow","hexamod:GiftsFromTheDead","hexamod:PhantomCloak","hexamod:Hexaguard","hexamod:RecurringNightmare","hexamod:UnleashSpirits","hexamod:DynamicBlow","hexamod:SecondSeal","hexamod:FirstSeal"],"relics":["Pandora\u0027s Box","Ancient Tea Set","Pen Nib"],"acts_visited":["Exordium"],"potions_floor_usage":[4,5,6,10,12,12],"damage_taken":[{"damage":15,"enemies":"Small Slimes","floor":2,"turns":5},{"damage":12,"enemies":"2 Louse","floor":3,"turns":2},{"damage":0,"enemies":"Cultist","floor":4,"turns":2},{"damage":10,"enemies":"2 Fungi Beasts","floor":5,"turns":4},{"damage":5,"enemies":"Lots of Slimes","floor":6,"turns":3},{"damage":20,"enemies":"3 Sentries","floor":10,"turns":6},{"damage":6,"enemies":"Lagavulin","floor":12,"turns":2}],"seed_played":"3827553655448891050","potions_obtained":[{"floor":2,"key":"Weak Potion"},{"floor":3,"key":"ColorlessPotion"},{"floor":3,"key":"DistilledChaos"},{"floor":5,"key":"Explosive Potion"},{"floor":5,"key":"SneckoOil"},{"floor":6,"key":"sneckomod:MuddlingPotion"},{"floor":10,"key":"Strength Potion"},{"floor":10,"key":"Block Potion"}],"is_trial":false,"path_per_floor":["R","M","M","M","M","M","T","?","?","E","?","E"],"character_chosen":"THE_SPIRIT","items_purchased":[],"campfire_rested":0,"item_purchase_floors":[],"current_hp_per_floor":[70,55,43,43,33,28,28,28,28,8,1,0,0],"gold":214,"neow_bonus":"BOSS_RELIC","is_daily":false,"chose_seed":false,"campfire_upgraded":0,"win_rate":0.0,"timestamp":1612105110,"path_taken":["R","M","M","M","M","M","T","?","?","E","?","E"],"items_purchased_type":[],"build_version":"2020-12-22","purchased_purges":0,"victory":false,"max_hp_per_floor":[70,70,70,70,70,70,70,70,70,70,70,70,70],"card_choices":[{"not_picked":["hexamod:Firestarter","hexamod:BurningTouch"],"picked":"hexamod:FourthSeal","floor":2},{"not_picked":["hexamod:ExtraCrispy","hexamod:BacktrackSmack"],"picked":"hexamod:RecurringNightmare","floor":2},{"not_picked":["hexamod:AdvancingGuard","hexamod:BacktrackSmack"],"picked":"hexamod:Haunt","floor":2},{"not_picked":["hexamod:BacktrackSmack","hexamod:CatchUp"],"picked":"hexamod:RecurringNightmare","floor":3},{"not_picked":["hexamod:Firestarter","hexamod:RainOfEmbers"],"picked":"hexamod:DynamicBlow","floor":4},{"not_picked":["hexamod:FastForward","hexamod:HeatCrush"],"picked":"hexamod:GiftsFromTheDead","floor":5},{"not_picked":["hexamod:HauntingEcho","hexamod:GhostLash"],"picked":"hexamod:PhantomCloak","floor":5},{"not_picked":["hexamod:GhostLash","hexamod:HeatMetal","hexamod:BacktrackSmack"],"picked":"SKIP","floor":5},{"not_picked":["hexamod:ThermalTransfer","hexamod:HeatMetal"],"picked":"hexamod:Hexaguard","floor":6},{"not_picked":["hexamod:SpectersWail","hexamod:InspiringFlames"],"picked":"hexamod:RecurringNightmare","floor":6},{"not_picked":["hexamod:BurningTouch","hexamod:GhostLash","hexamod:AdvancingGuard"],"picked":"SKIP","floor":6},{"not_picked":["hexamod:RetreatToShadows","hexamod:BacktrackSmack"],"picked":"hexamod:UnleashSpirits","floor":10},{"not_picked":["hexamod:GhostOfSpireFuture","hexamod:ThermalTransfer"],"picked":"hexamod:DynamicBlow","floor":10},{"not_picked":["hexamod:Again","hexamod:BacktrackSmack","hexamod:GhostLash"],"picked":"SKIP","floor":10}],"player_experience":1133535,"relics_obtained":[{"floor":7,"key":"Ancient Tea Set"},{"floor":10,"key":"Pen Nib"}],"event_choices":[{"cards_removed":["downfall:Malfunctioning"],"damage_healed":0,"gold_gain":0,"player_choice":"Card Removal","damage_taken":0,"max_hp_gain":0,"max_hp_loss":0,"event_name":"The Cleric","floor":9,"gold_loss":0}],"is_beta":false,"boss_relics":[],"items_purged_floors":[],"is_endless":false,"potions_floor_spawned":[2,3,5,10],"killed_by":"Lagavulin","ascension_level":1}}