{"host":"suz71vtxgenuxsxs","time":1612089560,"event":{"mods":["2.2 Compatiblity","AchievementEnabler","BaseMod","Colored Map","Downfall","Minty Spire (QoL Compilation)","Rare Cards Sparkle","StSLib","SuperFastMode","everything is the same but u backflip on backflip"],"gold_per_floor":[99,119,219,232,248,264,315,315,333,333,391,409,426,437,455,560,560,560,570,586,598,598,598,598,356,356,187,187,201,201,201,220,319,319,319,336,10,30,44,44,124,154,154,154,184,200,218,229,244,244,244,244],"floor_reached":50,"language":"ENG","playtime":5980,"items_purged":["Slimebound:Strike_Slimebound","Slimebound:Strike_Slimebound"],"score":630,"play_id":"367fc28e-8b98-440a-9795-992887933423","local_time":"20210131193920","is_ascension_mode":true,"campfire_choices":[{"data":"Slimebound:CorrosiveSpit","floor":1.0,"key":"SMITH"},{"data":"Slimebound:LeadByExample","floor":8.0,"key":"SMITH"},{"data":"Slimebound:Equalize","floor":10.0,"key":"SMITH"},{"data":"Slimebound:LeechEnergy","floor":18.0,"key":"SMITH"},{"floor":23.0,"key":"REST"},{"data":"Slimebound:AcidTongue","floor":26.0,"key":"SMITH"},{"data":"Slimebound:SpikyOuterGoop","floor":30.0,"key":"SMITH"},{"floor":35.0,"key":"RECALL"},{"data":"Slimebound:SlimeTap","floor":40.0,"key":"SMITH"},{"data":"Slimebound:OozeBath","floor":43.0,"key":"SMITH"}],"circlet_count":0,"master_deck":["Slimebound:Tackle","Slimebound:Defend_Slimebound","Slimebound:Defend_Slimebound","Slimebound:Defend_Slimebound","Slimebound:Defend_Slimebound","Slimebound:Split+1","Slimebound:CorrosiveSpit+1","Slimebound:LeechEnergy+1","Slimebound:Equalize+1","Slimebound:LivingWall","Slimebound:LeadByExample+1","Slimebound:ComboTackle","Slimebound:GoopSpray","Slimebound:ViciousTackle","Slimebound:Dissolve","Slimebound:FinishingTackle","Slimebound:AcidTongue+1","Slimebound:MassRepurpose","Slimebound:LeechEnergy+1","Slimebound:Repurpose","Slimebound:Equalize+1","Slimebound:LeechingTouch","Slimebound:Schlurp","Slimebound:SpikyOuterGoop+1","Slimebound:SlimeTap+1","Slimebound:OozeBath+1","Slimebound:SlimeSpikes+1","Slimebound:LeadByExample+1","Slimebound:LeadByExample","Slimebound:RejuvenatingLick+1","Slimebound:ComboTackle+1","Slimebound:LivingWall+1","Slimebound:ViciousTackle+1","Slimebound:RainOfGoop","Slimebound:DouseInSlime","Slimebound:AcidTongue","Slimebound:LeadByExample"],"relics":["Slimebound:AbsorbEndCombatUpgraded","Sozu","downfall:RedIOU","Eternal Feather","Slimebound:AggressiveSlimeRelic","Mummified Hand","Shuriken","Regal Pillow","Omamori"],"acts_visited":["Exordium","TheCity","TheBeyond"],"potions_floor_usage":[],"damage_taken":[{"damage":13.0,"enemies":"Small Slimes","floor":2.0,"turns":3.0},{"damage":4.0,"enemies":"Cultist","floor":4.0,"turns":3.0},{"damage":0.0,"enemies":"2 Louse","floor":5.0,"turns":3.0},{"damage":4.0,"enemies":"3 Louse","floor":6.0,"turns":2.0},{"damage":3.0,"enemies":"2 Fungi Beasts","floor":9.0,"turns":3.0},{"damage":16.0,"enemies":"Lagavulin Event","floor":11.0,"turns":5.0},{"damage":11.0,"enemies":"Large Slime","floor":12.0,"turns":5.0},{"damage":18.0,"enemies":"Exordium Thugs","floor":13.0,"turns":4.0},{"damage":8.0,"enemies":"Blue Slaver","floor":14.0,"turns":3.0},{"damage":10.0,"enemies":"2 Fungi Beasts","floor":15.0,"turns":3.0},{"damage":25.0,"enemies":"SI_SHIV_ARCHETYPE","floor":16.0,"turns":5.0},{"damage":9.0,"enemies":"Chosen","floor":19.0,"turns":3.0},{"damage":14.0,"enemies":"Spheric Guardian","floor":20.0,"turns":5.0},{"damage":67.0,"enemies":"Shelled Parasite and Fungi","floor":21.0,"turns":7.0},{"damage":3.0,"enemies":"downfall:FleeingMerchant","floor":25.0,"turns":4.0},{"damage":0.0,"enemies":"downfall:FleeingMerchant","floor":27.0,"turns":4.0},{"damage":1.0,"enemies":"Snecko","floor":29.0,"turns":3.0},{"damage":15.0,"enemies":"Cultist and Chosen","floor":32.0,"turns":4.0},{"damage":12.0,"enemies":"DF_ARCHETYPE_CLAW","floor":33.0,"turns":6.0},{"damage":15.0,"enemies":"3 Shapes","floor":36.0,"turns":4.0},{"damage":9.0,"enemies":"downfall:FleeingMerchant","floor":37.0,"turns":4.0},{"damage":28.0,"enemies":"3 Darklings","floor":38.0,"turns":5.0},{"damage":33.0,"enemies":"4 Shapes","floor":39.0,"turns":6.0},{"damage":48.0,"enemies":"Reptomancer","floor":42.0,"turns":5.0},{"damage":21.0,"enemies":"Nemesis","floor":45.0,"turns":5.0},{"damage":14.0,"enemies":"Maw","floor":46.0,"turns":5.0},{"damage":15,"enemies":"Sphere and 2 Shapes","floor":47,"turns":3},{"damage":1,"enemies":"Writhing Mass","floor":48,"turns":4},{"damage":36,"enemies":"Transient","floor":49,"turns":5},{"damage":62,"enemies":"WA_ARCHETYPE_DIVINITY","floor":50,"turns":5}],"seed_played":"4138776300164888023","potions_obtained":[{"floor":2.0,"key":"SmokeBomb"},{"floor":4.0,"key":"Dexterity Potion"},{"floor":6.0,"key":"GamblersBrew"},{"floor":11.0,"key":"FairyPotion"},{"floor":13.0,"key":"BlessingOfTheForge"},{"floor":14.0,"key":"champ:CounterPotion"}],"is_trial":false,"path_per_floor":["R","M","?","M","M","M","T","R","M","R","?","M","M","M","M","B",null,"R","M","M","M","?","R","T","$","R","$","?","M","R","?","M","B",null,"R","M","$","M","M","R","T","E","R","?","E","M","M","M","M","B"],"character_chosen":"SLIMEBOUND","items_purchased":["Slimebound:AggressiveSlimeRelic","Slimebound:Schlurp","Mummified Hand","Slimebound:LeadByExample"],"campfire_rested":1,"item_purchase_floors":[25,27,37,37],"current_hp_per_floor":[65,54,54,54,56,65,65,65,65,65,62,57,59,59,53,48,65,65,62,54,35,35,54,54,55,65,65,65,65,65,65,62,65,65,65,65,65,61,56,65,65,32,50,50,41,54,60,65,41,0,0,0],"gold":244,"neow_bonus":"UPGRADE_CARD","is_daily":false,"chose_seed":false,"campfire_upgraded":8,"win_rate":0.0,"timestamp":1612089560,"path_taken":["R","M","?","M","M","?","T","R","M","R","?","M","M","M","M","BOSS","R","M","M","M","?","R","T","$","R","$","?","M","R","?","M","BOSS","R","M","$","M","M","R","T","E","R","?","E","M","M","M","M","BOSS"],"items_purchased_type":["Relic","Card","Relic","Card"],"build_version":"2020-12-22","purchased_purges":2,"victory":false,"max_hp_per_floor":[65,65,65,65,65,65,65,65,65,65,65,65,65,65,65,65,65,65,65,65,65,65,65,65,65,65,65,65,65,65,65,65,65,65,65,65,65,65,65,65,65,65,65,65,65,65,65,65,65,65,65,65],"card_choices":[{"not_picked":["Slimebound:SlimeBarrage","Slimebound:HauntingLick"],"picked":"Slimebound:LeechEnergy","floor":2.0},{"not_picked":["Slimebound:SplitLeeching","Slimebound:DivideAndConquer"],"picked":"Slimebound:Equalize","floor":4.0},{"not_picked":["Slimebound:HauntingLick","Slimebound:SplitAcid"],"picked":"Slimebound:LivingWall","floor":5.0},{"not_picked":["Slimebound:RejuvenatingLick","Slimebound:ForwardTackle"],"picked":"Slimebound:LeadByExample","floor":6.0},{"not_picked":["Slimebound:RainOfGoop","Slimebound:SlimeSpikes"],"picked":"Slimebound:ComboTackle","floor":9.0},{"not_picked":["Slimebound:RollThrough","Slimebound:LivingWall"],"picked":"Slimebound:GoopSpray","floor":11.0},{"not_picked":["Slimebound:SlimeBarrage","Slimebound:SplitMire"],"picked":"Slimebound:ViciousTackle","floor":12.0},{"not_picked":["Slimebound:RollThrough","Slimebound:GoopTackle"],"picked":"Slimebound:Dissolve","floor":13.0},{"not_picked":["Slimebound:RollThrough","Slimebound:ItLooksTasty"],"picked":"Slimebound:FinishingTackle","floor":14.0},{"not_picked":["Slimebound:LeadByExample","Slimebound:RainOfGoop"],"picked":"Slimebound:AcidTongue","floor":15.0},{"not_picked":["Slimebound:Darklings","Slimebound:RallyTheTroops"],"picked":"Slimebound:MassRepurpose","floor":16.0},{"not_picked":["Slimebound:Gluttony","Slimebound:GoopTackle"],"picked":"Slimebound:LeechEnergy+1","floor":19.0},{"not_picked":["Slimebound:GoopSpray","Slimebound:LeechEnergy+1"],"picked":"Slimebound:Repurpose","floor":20.0},{"not_picked":["Slimebound:FinishingTackle","Slimebound:TongueLash","Slimebound:SlimeSpikes"],"picked":"SKIP","floor":21.0},{"not_picked":["Slimebound:FlameTackle","Slimebound:LeechEnergy+1"],"picked":"Slimebound:Equalize+1","floor":25.0},{"not_picked":["Slimebound:SamplingLick","Slimebound:Darklings"],"picked":"Slimebound:LeechingTouch","floor":27.0},{"not_picked":["Slimebound:Schlurp+1","Slimebound:SamplingLick"],"picked":"Slimebound:SpikyOuterGoop","floor":29.0},{"not_picked":["Slimebound:TongueLash","Slimebound:SplitMire+1"],"picked":"Slimebound:SlimeTap","floor":32.0},{"not_picked":["Slimebound:FirmFortitude","Slimebound:TagTeam"],"picked":"Slimebound:OozeBath","floor":33.0},{"not_picked":["Slimebound:PressTheAttack+1","Slimebound:ComboTackle"],"picked":"Slimebound:SlimeSpikes+1","floor":36.0},{"not_picked":["Slimebound:MassRepurpose","Slimebound:ViciousTackle+1"],"picked":"Slimebound:LeadByExample+1","floor":37.0},{"not_picked":["Slimebound:LeechEnergy+1","Slimebound:ItLooksTasty+1"],"picked":"Slimebound:RejuvenatingLick+1","floor":38.0},{"not_picked":["Slimebound:FlameTackle","Slimebound:AcidTongue"],"picked":"Slimebound:ComboTackle+1","floor":39.0},{"not_picked":["Slimebound:FlameTackle","Slimebound:SplitAcid"],"picked":"Slimebound:LivingWall+1","floor":42.0},{"not_picked":["Slimebound:GoopSpray","Slimebound:SplitMire"],"picked":"Slimebound:ViciousTackle+1","floor":45.0},{"not_picked":["Slimebound:ForwardTackle","Slimebound:ItLooksTasty"],"picked":"Slimebound:RainOfGoop","floor":46.0},{"not_picked":["Slimebound:SlimeBarrage","Slimebound:SplitBruiser+1"],"picked":"Slimebound:DouseInSlime","floor":47},{"not_picked":["Slimebound:SlimeSpikes","Slimebound:FinishingTackle"],"picked":"Slimebound:AcidTongue","floor":48},{"not_picked":["Slimebound:SplitMire","Slimebound:ComboTackle"],"picked":"Slimebound:LeadByExample","floor":49}],"player_experience":394666,"relics_obtained":[{"floor":11.0,"key":"Ancient Tea Set"},{"floor":24.0,"key":"Eternal Feather"},{"floor":41.0,"key":"Shuriken"},{"floor":42.0,"key":"Regal Pillow"},{"floor":45.0,"key":"Omamori"}],"event_choices":[],"is_beta":false,"boss_relics":[{"not_picked":["Velvet Choker","Tiny House"],"picked":"Sozu"},{"not_picked":["Snecko Eye","Empty Cage"],"picked":"Slimebound:AbsorbEndCombatUpgraded"}],"items_purged_floors":[25,27],"is_endless":false,"potions_floor_spawned":[2,4,6,11,13,14,21,29,32,39,46,47,49],"killed_by":"WA_ARCHETYPE_DIVINITY","ascension_level":2}}