{"host":"c3lc60y5x60jlt1y","time":1612112567,"event":{"mods":["AchievementEnabler","BaseMod","Bestiary","Colored Map","Minty Spire (QoL Compilation)","Quick Restart","StSLib","ojb\u0027s Info Mod"],"gold_per_floor":[112,128,128,138,63,95,95,115,115,115,15,31,31,31,31,131,131,145,171,183,183,195,195,195,195],"floor_reached":24,"language":"ENG","playtime":511,"items_purged":["Defend_R","Strike_R"],"score":246,"play_id":"101f9492-52db-4b64-a49f-4c55efc2c2ba","local_time":"20210131190247","is_ascension_mode":false,"campfire_choices":[{"data":"Inflame","floor":7,"key":"SMITH"},{"data":"Heavy Blade","floor":10,"key":"SMITH"},{"data":"Uppercut","floor":13,"key":"SMITH"},{"data":"Seeing Red","floor":15,"key":"SMITH"},{"data":"Pummel","floor":23,"key":"SMITH"}],"circlet_count":0,"master_deck":["Strike_R","Strike_R","Strike_R","Defend_R","Defend_R","Defend_R","Bash","Uppercut+1","Heavy Blade+1","Inflame+1","Seeing Red+1","Fiend Fire","Impervious","Pummel+1","Disarm+1","Reckless Charge+1","Thunderclap+1"],"relics":["Burning Blood","NeowsBlessing","MealTicket","Bottled Flame","PreservedInsect","Cursed Key","Red Mask"],"acts_visited":["Exordium","TheCity"],"potions_floor_usage":[16],"damage_taken":[{"damage":0,"enemies":"Small Slimes","floor":1,"turns":1},{"damage":0,"enemies":"Cultist","floor":2,"turns":1},{"damage":0,"enemies":"2 Louse","floor":4,"turns":1},{"damage":54,"enemies":"Lagavulin","floor":6,"turns":6},{"damage":15,"enemies":"Large Slime","floor":8,"turns":5},{"damage":9,"enemies":"Blue Slaver","floor":12,"turns":2},{"damage":0,"enemies":"Slime Boss","floor":16,"turns":5},{"damage":6,"enemies":"Chosen","floor":18,"turns":3},{"damage":40,"enemies":"Masked Bandits","floor":19,"turns":5},{"damage":27,"enemies":"2 Thieves","floor":20,"turns":4},{"damage":10,"enemies":"Centurion and Healer","floor":22,"turns":4},{"damage":24,"enemies":"Cultist and Chosen","floor":24,"turns":4}],"seed_played":"4573851561826946561","potions_obtained":[{"floor":1,"key":"Weak Potion"},{"floor":6,"key":"AttackPotion"},{"floor":12,"key":"Ancient Potion"},{"floor":18,"key":"Energy Potion"}],"is_trial":false,"path_per_floor":["M","M","?","M","$","E","R","M","T","R","$","M","R","?","R","B",null,"M","?","M","?","M","R","M"],"character_chosen":"IRONCLAD","items_purchased":[],"campfire_rested":0,"item_purchase_floors":[],"current_hp_per_floor":[80,80,80,80,80,32,32,23,23,23,38,35,35,61,61,67,80,80,46,25,25,21,21,0,0],"gold":195,"neow_bonus":"THREE_ENEMY_KILL","is_daily":false,"chose_seed":false,"campfire_upgraded":5,"win_rate":0.0,"timestamp":1612112567,"path_taken":["M","M","?","M","$","E","R","?","T","R","$","M","R","?","R","BOSS","M","?","M","?","M","R","?"],"items_purchased_type":[],"build_version":"2020-12-22","purchased_purges":2,"victory":false,"max_hp_per_floor":[80,80,80,80,80,80,80,80,80,80,80,80,80,80,80,80,80,80,80,80,80,80,80,80,80],"card_choices":[{"not_picked":["Warcry","Dropkick"],"picked":"Uppercut","floor":1},{"not_picked":["Wild Strike","Perfected Strike"],"picked":"Heavy Blade","floor":2},{"not_picked":["Wild Strike","Spot Weakness"],"picked":"Inflame","floor":4},{"not_picked":["Warcry","Sentinel"],"picked":"Seeing Red","floor":6},{"not_picked":["Havoc","Body Slam","Sentinel"],"picked":"SKIP","floor":8},{"not_picked":["Warcry","Feel No Pain"],"picked":"Fiend Fire","floor":12},{"not_picked":["Bludgeon","Brutality"],"picked":"Impervious","floor":16},{"not_picked":["True Grit+1","Sword Boomerang"],"picked":"Pummel","floor":18},{"not_picked":["Anger","Sentinel"],"picked":"Disarm+1","floor":19},{"not_picked":["Dropkick","Bloodletting"],"picked":"Reckless Charge+1","floor":20},{"not_picked":["Shrug It Off","Fire Breathing"],"picked":"Thunderclap+1","floor":22}],"player_experience":8874055,"relics_obtained":[{"floor":6,"key":"Bottled Flame"},{"floor":9,"key":"PreservedInsect"},{"floor":19,"key":"Red Mask"}],"event_choices":[{"damage_healed":0,"gold_gain":0,"player_choice":"Gave Potion","damage_taken":0,"relics_obtained":["MealTicket"],"max_hp_gain":0,"max_hp_loss":0,"event_name":"WeMeetAgain","floor":3,"gold_loss":0},{"damage_healed":26,"gold_gain":0,"player_choice":"Banana","damage_taken":0,"max_hp_gain":0,"max_hp_loss":0,"event_name":"Big Fish","floor":14,"gold_loss":0},{"damage_healed":0,"gold_gain":0,"player_choice":"Fought Bandits","damage_taken":0,"max_hp_gain":0,"max_hp_loss":0,"event_name":"Masked Bandits","floor":19,"gold_loss":0},{"cards_removed":["Strike_R"],"damage_healed":0,"gold_gain":0,"player_choice":"Purged","damage_taken":0,"max_hp_gain":0,"max_hp_loss":0,"event_name":"Purifier","floor":21,"gold_loss":0}],"is_beta":false,"boss_relics":[{"not_picked":["Ectoplasm","Busted Crown"],"picked":"Cursed Key"}],"items_purged_floors":[5,11],"is_endless":false,"potions_floor_spawned":[1,6,12,18],"killed_by":"Cultist and Chosen","ascension_level":0}}