{"host":"nwd160me4iqdtr8u","time":1612098063,"event":{"mods":["AchievementEnabler","Act Like it!","BaseMod","Colored Map","DeckTracker","Keyboard Shortcuts","Minty Spire (QoL Compilation)","Quick Restart","Rare Cards Sparkle","StSLib","SuperFastMode","everything is the same but u backflip on backflip"],"gold_per_floor":[118,118,135,151,167,167,143,68,91,91,91,101,111,152,152,236,236,254,254,199,228,250,250,259,279,279,279,279],"floor_reached":27,"language":"KOR","playtime":1140,"items_purged":["Pain"],"score":412,"play_id":"8e2b2eee-6b20-4386-b82d-5ee8e91642a9","local_time":"20210131220103","is_ascension_mode":true,"campfire_choices":[{"data":"A Thousand Cuts","floor":6.0,"key":"SMITH"},{"floor":15.0,"key":"REST"},{"floor":23,"key":"REST"}],"circlet_count":0,"master_deck":["AscendersBane","Strike_G","Strike_G","Strike_G","Defend_G","Defend_G","Defend_G","Defend_G","Survivor","Neutralize","Bullet Time","Blur","Prepared","Acrobatics","A Thousand Cuts+1","Blade Dance","Unload","Underhanded Strike","Dagger Throw","Leg Sweep","Adrenaline","Backflip","Sucker Punch+1","Purity","Well Laid Plans"],"relics":["Ring of the Snake","WarpedTongs","Strawberry","StrikeDummy","CeramicFish","Empty Cage","Orichalcum"],"acts_visited":["Exordium","TheCity"],"potions_floor_usage":[21,25,25,27],"damage_taken":[{"damage":0.0,"enemies":"2 Louse","floor":1.0,"turns":3.0},{"damage":7.0,"enemies":"Cultist","floor":3.0,"turns":5.0},{"damage":1.0,"enemies":"Small Slimes","floor":4.0,"turns":4.0},{"damage":5.0,"enemies":"Blue Slaver","floor":5.0,"turns":5.0},{"damage":4.0,"enemies":"Exordium Thugs","floor":7.0,"turns":4.0},{"damage":2.0,"enemies":"Red Slaver","floor":12.0,"turns":3.0},{"damage":2.0,"enemies":"3 Louse","floor":13.0,"turns":3.0},{"damage":40.0,"enemies":"Gremlin Nob","floor":14.0,"turns":5.0},{"damage":12.0,"enemies":"The Guardian","floor":16.0,"turns":12.0},{"damage":7.0,"enemies":"Shell Parasite","floor":18.0,"turns":6.0},{"damage":6,"enemies":"2 Thieves","floor":21,"turns":2},{"damage":23,"enemies":"Cultist and Chosen","floor":22,"turns":5},{"damage":12,"enemies":"Snake Plant","floor":25,"turns":6},{"damage":28,"enemies":"Sentry and Sphere","floor":27,"turns":4}],"seed_played":"8560728009853456447","potions_obtained":[{"floor":1.0,"key":"EssenceOfSteel"},{"floor":4.0,"key":"Fire Potion"},{"floor":14.0,"key":"Block Potion"},{"floor":21,"key":"Dexterity Potion"},{"floor":22,"key":"CunningPotion"},{"floor":25,"key":"FearPotion"}],"is_trial":false,"path_per_floor":["M","?","M","M","M","R","M","$","T","?","T","M","M","E","R","B",null,"M","?","$","M","M","R","?","M","T","M"],"character_chosen":"THE_SILENT","items_purchased":["AttackPotion"],"campfire_rested":2,"item_purchase_floors":[20],"current_hp_per_floor":[59,59,52,51,46,46,42,42,49,49,49,47,45,5,26,14,58,51,51,51,45,22,43,31,19,19,0,0],"gold":279,"neow_bonus":"ONE_RANDOM_RARE_CARD","is_daily":false,"chose_seed":false,"campfire_upgraded":1,"win_rate":0.0,"timestamp":1612098063,"path_taken":["M","?","?","?","?","R","M","$","T","?","?","M","?","E","R","BOSS","M","?","$","M","M","R","?","M","T","M"],"items_purchased_type":["Potion"],"build_version":"2020-12-22","purchased_purges":1,"victory":false,"max_hp_per_floor":[66,66,66,66,66,66,66,66,73,73,73,73,73,73,73,73,73,73,73,73,73,73,73,73,73,73,73,73],"card_choices":[{"not_picked":["Quick Slash","Bane"],"picked":"Blur","floor":1.0},{"not_picked":["Cloak And Dagger","Underhanded Strike"],"picked":"Prepared","floor":3.0},{"not_picked":["Outmaneuver","Sucker Punch"],"picked":"Acrobatics","floor":4.0},{"not_picked":["Leg Sweep","Bane"],"picked":"A Thousand Cuts","floor":5.0},{"not_picked":["Underhanded Strike","Acrobatics"],"picked":"Blade Dance","floor":7.0},{"not_picked":["Dodge and Roll","Acrobatics"],"picked":"Underhanded Strike","floor":12.0},{"not_picked":["Dodge and Roll","Choke"],"picked":"Dagger Throw","floor":13.0},{"not_picked":["Glass Knife","Skewer"],"picked":"Leg Sweep","floor":14.0},{"not_picked":["Die Die Die","Unload"],"picked":"Adrenaline","floor":16.0},{"not_picked":["Slice","Outmaneuver","Acrobatics"],"picked":"SKIP","floor":18.0},{"not_picked":["Catalyst+1","Eviscerate"],"picked":"Backflip","floor":21},{"not_picked":["Concentrate","Deflect"],"picked":"Sucker Punch+1","floor":22},{"not_picked":["Predator","Flying Knee"],"picked":"Well Laid Plans","floor":25}],"player_experience":347640,"relics_obtained":[{"floor":9.0,"key":"Strawberry"},{"floor":11.0,"key":"StrikeDummy"},{"floor":14.0,"key":"CeramicFish"},{"floor":26,"key":"Orichalcum"}],"event_choices":[{"damage_healed":0.0,"max_hp_gain":0.0,"max_hp_loss":0.0,"gold_gain":0.0,"event_name":"Accursed Blacksmith","player_choice":"Rummage","floor":2.0,"gold_loss":0.0,"damage_taken":0.0,"relics_obtained":["WarpedTongs"],"cards_obtained":["Pain"]},{"damage_healed":0.0,"max_hp_gain":0.0,"max_hp_loss":0.0,"gold_gain":0.0,"cards_transformed":["Strike_G"],"event_name":"Living Wall","player_choice":"Change","floor":10.0,"gold_loss":0.0,"damage_taken":0.0,"cards_obtained":["Unload"]},{"damage_healed":0.0,"max_hp_gain":0.0,"max_hp_loss":0.0,"gold_gain":0.0,"event_name":"Vampires","player_choice":"Ignored","floor":19.0,"gold_loss":0.0,"damage_taken":0.0},{"damage_healed":0,"gold_gain":0,"player_choice":"CARD ","damage_taken":12,"max_hp_gain":0,"max_hp_loss":0,"event_name":"Knowing Skull","floor":24,"potions_obtained":[],"gold_loss":0,"cards_obtained":["Purity"]}],"is_beta":false,"boss_relics":[{"not_picked":["Sozu","Philosopher\u0027s Stone"],"picked":"Empty Cage"}],"items_purged_floors":[8],"is_endless":false,"potions_floor_spawned":[1,4,14,21,22,25],"killed_by":"Sentry and Sphere","ascension_level":18}}