{"host":"f0gpob8hq9vgebej","time":1612083204,"event":{"mods":["AchievementEnabler","BaseMod","Minty Spire (QoL Compilation)","Quick Restart","SuperFastMode"],"gold_per_floor":[110,122,136,150,165,194,194,194,221,236,253,271,371,382,382,453,503,517,531,303,315,327,341,351,351,351,351,351,369,380,380,380,380,380],"floor_reached":33,"language":"KOR","playtime":1089,"items_purged":["Strike_R"],"score":541,"play_id":"4952eac8-16cf-483d-a73a-5ce0e8f10fa1","local_time":"20210131175324","is_ascension_mode":true,"campfire_choices":[{"data":"Power Through","floor":8.0,"key":"SMITH"},{"data":"Perfected Strike","floor":15.0,"key":"SMITH"},{"data":"Fire Breathing","floor":25.0,"key":"SMITH"},{"data":"Fire Breathing","floor":27.0,"key":"SMITH"},{"floor":32.0,"key":"REST"}],"circlet_count":0,"master_deck":["AscendersBane","Strike_R","Strike_R","Strike_R","Defend_R","Defend_R","Defend_R","Defend_R+1","Bash","Power Through+1","Sword Boomerang","Perfected Strike+1","Seeing Red+1","Thunderclap","Wild Strike+1","Pommel Strike+1","Battle Trance","Wild Strike+1","Reckless Charge+1","Evolve","Pommel Strike+1","Dropkick+1","Fire Breathing+1","Bloodletting","Shrug It Off","Fire Breathing+1","Burning Pact","Fire Breathing"],"relics":["Burning Blood","Molten Egg 2","Bag of Preparation","Tiny House","Orrery","Pear","Boot"],"acts_visited":["Exordium","TheCity"],"potions_floor_usage":[33],"damage_taken":[{"damage":4.0,"enemies":"Cultist","floor":1.0,"turns":5.0},{"damage":3.0,"enemies":"Jaw Worm","floor":2.0,"turns":6.0},{"damage":0.0,"enemies":"Small Slimes","floor":3.0,"turns":3.0},{"damage":21.0,"enemies":"Exordium Wildlife","floor":4.0,"turns":7.0},{"damage":10.0,"enemies":"2 Fungi Beasts","floor":5.0,"turns":4.0},{"damage":3.0,"enemies":"Gremlin Nob","floor":6.0,"turns":3.0},{"damage":0.0,"enemies":"Large Slime","floor":10.0,"turns":4.0},{"damage":0.0,"enemies":"Blue Slaver","floor":11.0,"turns":3.0},{"damage":3.0,"enemies":"3 Louse","floor":12.0,"turns":2.0},{"damage":19.0,"enemies":"Large Slime","floor":14.0,"turns":6.0},{"damage":0.0,"enemies":"Slime Boss","floor":16.0,"turns":5.0},{"damage":0.0,"enemies":"Chosen","floor":18.0,"turns":3.0},{"damage":11.0,"enemies":"Spheric Guardian","floor":19.0,"turns":3.0},{"damage":22.0,"enemies":"Cultist and Chosen","floor":21.0,"turns":4.0},{"damage":22.0,"enemies":"Snecko","floor":22.0,"turns":4.0},{"damage":22.0,"enemies":"Sentry and Sphere","floor":23.0,"turns":4.0},{"damage":18.0,"enemies":"3 Cultists","floor":24.0,"turns":5.0},{"damage":21.0,"enemies":"Snake Plant","floor":29.0,"turns":3.0},{"damage":6.0,"enemies":"Centurion and Healer","floor":30.0,"turns":2.0},{"damage":53,"enemies":"Collector","floor":33,"turns":6}],"seed_played":"-1242608201857116652","potions_obtained":[{"floor":2.0,"key":"LiquidMemories"},{"floor":3.0,"key":"SkillPotion"},{"floor":5.0,"key":"AttackPotion"},{"floor":10.0,"key":"SkillPotion"},{"floor":17.0,"key":"Swift Potion"},{"floor":24.0,"key":"GamblersBrew"},{"floor":29.0,"key":"Swift Potion"}],"is_trial":false,"path_per_floor":["M","M","M","M","M","E","?","R","T","M","M","M","?","M","R","B",null,"M","M","$","M","M","M","M","R","T","R","?","M","M","T","R","B"],"character_chosen":"IRONCLAD","items_purchased":["Orrery"],"campfire_rested":1,"item_purchase_floors":[20],"current_hp_per_floor":[70,73,75,60,56,59,59,59,59,65,71,74,74,61,61,67,78,80,75,75,59,43,27,15,15,25,25,25,10,10,10,37,0,0],"gold":380,"neow_bonus":"REMOVE_CARD","is_daily":false,"chose_seed":false,"campfire_upgraded":4,"win_rate":0.0,"timestamp":1612083204,"path_taken":["M","?","M","M","M","E","?","R","T","M","M","?","?","M","R","BOSS","M","M","$","?","M","M","M","R","T","R","?","M","M","?","R","BOSS"],"items_purchased_type":["Relic"],"build_version":"2020-12-22","purchased_purges":1,"victory":false,"max_hp_per_floor":[75,75,75,75,75,75,75,75,75,75,75,75,75,75,75,75,80,80,80,80,80,80,80,80,80,90,90,90,90,90,90,90,90,90],"card_choices":[{"not_picked":["Clash","Anger"],"picked":"Power Through","floor":1.0},{"not_picked":["Power Through","Feel No Pain"],"picked":"Sword Boomerang","floor":2.0},{"not_picked":["Iron Wave","Clash","Perfected Strike"],"picked":"SKIP","floor":3.0},{"not_picked":["Iron Wave","Clash"],"picked":"Perfected Strike","floor":3.0},{"not_picked":["Heavy Blade","Flex"],"picked":"Seeing Red","floor":4.0},{"not_picked":["Warcry","Havoc"],"picked":"Thunderclap","floor":5.0},{"not_picked":["Metallicize","Disarm"],"picked":"Wild Strike+1","floor":6.0},{"not_picked":["Dual Wield","Clothesline+1","Armaments"],"picked":"SKIP","floor":10.0},{"not_picked":["Thunderclap+1","Rage"],"picked":"Pommel Strike+1","floor":11.0},{"not_picked":["Hemokinesis+1","Heavy Blade+1"],"picked":"Battle Trance","floor":12.0},{"not_picked":["Warcry","Flex"],"picked":"Wild Strike+1","floor":14.0},{"not_picked":["Dropkick+1","Body Slam+1"],"picked":"Reckless Charge+1","floor":17.0},{"not_picked":["Heavy Blade+1","Shrug It Off+1"],"picked":"Evolve","floor":18.0},{"not_picked":["Shrug It Off","Heavy Blade+1"],"picked":"Pommel Strike+1","floor":19.0},{"not_picked":["Cleave+1","Anger+1"],"picked":"Dropkick+1","floor":20.0},{"not_picked":["Clash+1","Bloodletting"],"picked":"Fire Breathing","floor":20.0},{"not_picked":["Clothesline+1","Heavy Blade+1","Havoc"],"picked":"SKIP","floor":21.0},{"not_picked":["Searing Blow+1","Heavy Blade+1"],"picked":"Bloodletting","floor":22.0},{"not_picked":["Warcry","Intimidate+1"],"picked":"Shrug It Off","floor":23.0},{"not_picked":["Havoc","Shrug It Off"],"picked":"Fire Breathing","floor":24.0},{"not_picked":["Double Tap","Armaments","Inflame"],"picked":"SKIP","floor":29.0},{"not_picked":["Anger+1","Pommel Strike+1"],"picked":"Fire Breathing","floor":30.0}],"player_experience":309685,"relics_obtained":[{"floor":6.0,"key":"Molten Egg 2"},{"floor":9.0,"key":"Bag of Preparation"},{"floor":26.0,"key":"Pear"},{"floor":31.0,"key":"Boot"}],"event_choices":[{"damage_healed":0.0,"max_hp_gain":0.0,"max_hp_loss":0.0,"gold_gain":0.0,"event_name":"Upgrade Shrine","player_choice":"Upgraded","floor":7.0,"gold_loss":0.0,"damage_taken":0.0,"cards_upgraded":["Seeing Red"]},{"damage_healed":0.0,"max_hp_gain":0.0,"max_hp_loss":0.0,"gold_gain":100.0,"event_name":"Wheel of Change","player_choice":"Gold","floor":13.0,"gold_loss":0.0,"damage_taken":0.0},{"damage_healed":0.0,"max_hp_gain":0.0,"max_hp_loss":0.0,"gold_gain":0.0,"event_name":"The Library","player_choice":"Read","floor":28.0,"gold_loss":0.0,"damage_taken":0.0,"cards_obtained":["Burning Pact"]}],"is_beta":false,"boss_relics":[{"not_picked":["Cursed Key","Snecko Eye"],"picked":"Tiny House"}],"items_purged_floors":[20],"is_endless":false,"potions_floor_spawned":[2,3,5,10,21,24,29],"killed_by":"Collector","ascension_level":15}}