{"host":"6xsbn6ynqlzwllfm","time":1612124085,"event":{"mods":["2.2 Compatiblity","BaseMod","Bestiary","Colored Map","Colored Powertips","Curses Come First","Highlight Path","Keyboard Shortcuts","Minty Spire (QoL Compilation)","Relic Stats","Slay the Relics Exporter","StSLib","SuperFastMode"],"gold_per_floor":[111,128,148,148,161,161,195,195,195,221,221,249,265,282,282,359,359,376,376,401,412,412,412],"floor_reached":22,"language":"ENG","playtime":524,"items_purged":[],"score":412,"play_id":"26790e53-e37c-45e3-831c-62f29fd33a23","local_time":"20210131151445","is_ascension_mode":true,"campfire_choices":[{"data":"BattleHymn","floor":6,"key":"SMITH"},{"floor":8,"key":"REST"},{"data":"CarveReality","floor":11,"key":"SMITH"},{"floor":15,"key":"REST"}],"circlet_count":0,"master_deck":["AscendersBane","Strike_P+1","Strike_P+1","Strike_P+1","Strike_P+1","Defend_P+1","Defend_P+1","Defend_P+1","Defend_P+1","Eruption","Vigilance","CutThroughFate","BowlingBash","BattleHymn+1","CarveReality+1","CutThroughFate","TalkToTheHand","FollowUp","Vault","Protect+1","WaveOfTheHand"],"relics":["PureWater","NeowsBlessing","Shuriken","Gremlin Horn","Matryoshka","Pantograph","Cursed Key","Red Mask"],"acts_visited":["Exordium","TheCity"],"potions_floor_usage":[7,10],"damage_taken":[{"damage":0,"enemies":"Small Slimes","floor":1,"turns":1},{"damage":0,"enemies":"Cultist","floor":2,"turns":1},{"damage":0,"enemies":"2 Louse","floor":3,"turns":1},{"damage":11,"enemies":"Looter","floor":5,"turns":4},{"damage":40,"enemies":"Lagavulin","floor":7,"turns":5},{"damage":5,"enemies":"3 Sentries","floor":10,"turns":4},{"damage":8,"enemies":"Gremlin Nob","floor":12,"turns":3},{"damage":6,"enemies":"Blue Slaver","floor":13,"turns":3},{"damage":9,"enemies":"Large Slime","floor":14,"turns":4},{"damage":40,"enemies":"Hexaghost","floor":16,"turns":7},{"damage":0,"enemies":"Spheric Guardian","floor":18,"turns":3},{"damage":0,"enemies":"Masked Bandits","floor":20,"turns":2},{"damage":8,"enemies":"2 Thieves","floor":21,"turns":4}],"seed_played":"1352204142009616616","potions_obtained":[{"floor":1,"key":"PowerPotion"},{"floor":7,"key":"Explosive Potion"},{"floor":14,"key":"SmokeBomb"},{"floor":20,"key":"StancePotion"},{"floor":21,"key":"FairyPotion"}],"is_trial":false,"path_per_floor":["M","M","M","?","M","R","E","R","T","E","R","E","M","M","R","B",null,"M","?","?","M","$"],"character_chosen":"WATCHER","items_purchased":[],"campfire_rested":2,"item_purchase_floors":[],"current_hp_per_floor":[61,61,61,61,50,50,10,30,30,25,25,17,11,2,22,7,53,53,53,53,45,45,45],"gold":412,"neow_bonus":"THREE_ENEMY_KILL","is_daily":false,"chose_seed":false,"campfire_upgraded":2,"win_rate":0.0,"timestamp":1612124085,"path_taken":["M","M","M","?","?","R","E","R","T","E","R","E","?","M","R","BOSS","M","?","?","M","$"],"items_purchased_type":[],"build_version":"2020-12-22","purchased_purges":0,"victory":false,"max_hp_per_floor":[68,68,68,68,68,68,68,68,68,68,68,68,68,68,68,68,68,68,68,68,68,68,68],"relic_stats":{"Gremlin Horn":[6,6],"counters":[13,42],"Shuriken":[15],"Pantograph":25,"Cursed Key":0,"obtain_stats":[{"Matryoshka":10,"NeowsBlessing":0,"Gremlin Horn":9,"Shuriken":7,"Pantograph":12,"Red Mask":20,"PureWater":0,"Cursed Key":17},{"Matryoshka":6,"NeowsBlessing":0,"Gremlin Horn":5,"Shuriken":5,"Pantograph":7,"Red Mask":12,"PureWater":0,"Cursed Key":10},{"Matryoshka":16,"NeowsBlessing":0,"Gremlin Horn":12,"Shuriken":12,"Pantograph":19,"Red Mask":38,"PureWater":0,"Cursed Key":33}]},"card_choices":[{"not_picked":["Swivel","EmptyBody"],"picked":"CutThroughFate","floor":1},{"not_picked":["Prostrate","Protect"],"picked":"BowlingBash","floor":2},{"not_picked":["PathToVictory","Collect"],"picked":"BattleHymn","floor":3},{"not_picked":["Prostrate","Weave"],"picked":"CutThroughFate","floor":5},{"not_picked":["EmptyBody","Devotion"],"picked":"TalkToTheHand","floor":12},{"not_picked":["CrushJoints","ThirdEye"],"picked":"FollowUp","floor":14},{"not_picked":["Scrawl","Brilliance"],"picked":"Vault","floor":16},{"not_picked":["FlyingSleeves","FlurryOfBlows"],"picked":"Protect+1","floor":18},{"not_picked":["PathToVictory","EmptyMind"],"picked":"WaveOfTheHand","floor":20}],"player_experience":1367371,"relics_obtained":[{"floor":7,"key":"Shuriken"},{"floor":9,"key":"Gremlin Horn"},{"floor":10,"key":"Matryoshka"},{"floor":12,"key":"Pantograph"},{"floor":20,"key":"Red Mask"}],"event_choices":[{"damage_healed":0,"gold_gain":0,"player_choice":"1 cards matched","damage_taken":0,"max_hp_gain":0,"max_hp_loss":0,"event_name":"Match and Keep!","floor":4,"gold_loss":0,"cards_obtained":["CarveReality"]},{"damage_healed":0,"gold_gain":0,"player_choice":"Simplicity","damage_taken":0,"max_hp_gain":0,"max_hp_loss":0,"event_name":"Back to Basics","floor":19,"gold_loss":0,"cards_upgraded":["Strike_P","Strike_P","Strike_P","Strike_P","Defend_P","Defend_P","Defend_P","Defend_P"]},{"damage_healed":0,"gold_gain":0,"player_choice":"Fought Bandits","damage_taken":0,"max_hp_gain":0,"max_hp_loss":0,"event_name":"Masked Bandits","floor":20,"gold_loss":0}],"is_beta":false,"boss_relics":[{"not_picked":["Pandora\u0027s Box","Calling Bell"],"picked":"Cursed Key"}],"items_purged_floors":[],"is_endless":false,"potions_floor_spawned":[1,7,14,20,21],"ascension_level":20}}