{"host":"bxd97rc2ofc6op20","time":1612087875,"event":{"mods":["BaseMod","Colored Map","Colored Powertips","Googly Eyes","Highlight Path","Minty Spire (QoL Compilation)","Quick Restart","Rare Cards Sparkle"],"gold_per_floor":[17,32,48,48,48,48,83,83,83,103,103,128,138,149,149,250,250,232,0,18,18,28,53,53,85,85,85,102,121,154,172,172,267,267,283,296,346,27,27,54,54,70,70,96,114,114,134,146,146,146,146,146,25,56,56,56],"floor_reached":55,"language":"ENG","playtime":7176,"items_purged":["Pain"],"score":995,"play_id":"81f4cd19-f431-4a68-a0b5-0ed59ef51c6a","local_time":"20210131021115","is_ascension_mode":true,"campfire_choices":[{"data":"Well Laid Plans","floor":6.0,"key":"SMITH"},{"data":"Neutralize","floor":8.0,"key":"SMITH"},{"floor":11.0,"key":"REST"},{"data":"Setup","floor":15.0,"key":"SMITH"},{"data":"Tools of the Trade","floor":24.0,"key":"SMITH"},{"floor":32.0,"key":"REST"},{"data":"Writhe","floor":41.0,"key":"PURGE"},{"data":"Noxious Fumes","floor":46.0,"key":"SMITH"},{"floor":49.0,"key":"RECALL"},{"data":"PiercingWail","floor":52.0,"key":"SMITH"}],"circlet_count":0,"master_deck":["Strike_G","Strike_G","Strike_G","Defend_G","Defend_G","Defend_G","Defend_G","Defend_G","Survivor","Neutralize+1","Well Laid Plans+1","Blade Dance","Riddle With Holes","Bouncing Flask","Bouncing Flask","Dagger Throw","PiercingWail+1","Burst","Backflip","Setup+1","Tools of the Trade+1","Underhanded Strike+1","Leg Sweep","Neutralize+1","Backstab+1","Unload+1","Terror","Deflect+1","Corpse Explosion","Night Terror","Eviscerate+1","Footwork+1","Noxious Fumes+1","Noxious Fumes","Footwork","Panacea","Catalyst+1"],"relics":["Ring of the Snake","WarpedTongs","CaptainsWheel","Bottled Flame","Pantograph","HoveringKite","Toolbox","Molten Egg 2","Happy Flower","Paper Crane","Enchiridion","Lantern","SacredBark","Peace Pipe","Singing Bowl","Anchor","Gremlin Horn","Bronze Scales"],"acts_visited":["Exordium","TheCity","TheBeyond","TheEnding"],"potions_floor_usage":[],"damage_taken":[{"damage":1.0,"enemies":"Small Slimes","floor":1.0,"turns":3.0},{"damage":0.0,"enemies":"Cultist","floor":2.0,"turns":4.0},{"damage":1.0,"enemies":"Jaw Worm","floor":3.0,"turns":2.0},{"damage":28.0,"enemies":"Lagavulin","floor":7.0,"turns":5.0},{"damage":1.0,"enemies":"Looter","floor":10.0,"turns":3.0},{"damage":21.0,"enemies":"3 Sentries","floor":12.0,"turns":8.0},{"damage":5.0,"enemies":"2 Fungi Beasts","floor":13.0,"turns":4.0},{"damage":2.0,"enemies":"Gremlin Gang","floor":14.0,"turns":7.0},{"damage":11.0,"enemies":"Hexaghost","floor":16.0,"turns":9.0},{"damage":12.0,"enemies":"2 Thieves","floor":18.0,"turns":4.0},{"damage":3.0,"enemies":"3 Byrds","floor":20.0,"turns":4.0},{"damage":8.0,"enemies":"Centurion and Healer","floor":22.0,"turns":4.0},{"damage":24.0,"enemies":"Slavers","floor":23.0,"turns":7.0},{"damage":18.0,"enemies":"Book of Stabbing","floor":25.0,"turns":7.0},{"damage":0.0,"enemies":"Cultist and Chosen","floor":28.0,"turns":4.0},{"damage":0.0,"enemies":"Shelled Parasite and Fungi","floor":29.0,"turns":5.0},{"damage":1.0,"enemies":"Gremlin Leader","floor":30.0,"turns":10.0},{"damage":0.0,"enemies":"Sentry and Sphere","floor":31.0,"turns":5.0},{"damage":17.0,"enemies":"Automaton","floor":33.0,"turns":12.0},{"damage":1.0,"enemies":"Orb Walker","floor":35.0,"turns":4.0},{"damage":2.0,"enemies":"3 Darklings","floor":36.0,"turns":4.0},{"damage":1.0,"enemies":"2 Orb Walkers","floor":37.0,"turns":4.0},{"damage":5.0,"enemies":"Nemesis","floor":40.0,"turns":11.0},{"damage":0.0,"enemies":"4 Shapes","floor":42.0,"turns":2.0},{"damage":45.0,"enemies":"Reptomancer","floor":44.0,"turns":7.0},{"damage":3.0,"enemies":"Spire Growth","floor":45.0,"turns":4.0},{"damage":11.0,"enemies":"Sphere and 2 Shapes","floor":47.0,"turns":3.0},{"damage":0.0,"enemies":"4 Shapes","floor":48.0,"turns":4.0},{"damage":89.0,"enemies":"Awakened One","floor":50.0,"turns":17.0},{"damage":58,"enemies":"Shield and Spear","floor":54,"turns":5},{"damage":67,"enemies":"The Heart","floor":55,"turns":5}],"seed_played":"8161277193595072429","potions_obtained":[{"floor":3.0,"key":"PowerPotion"},{"floor":7.0,"key":"FairyPotion"},{"floor":10.0,"key":"Strength Potion"},{"floor":14.0,"key":"SpeedPotion"},{"floor":16.0,"key":"FairyPotion"},{"floor":25.0,"key":"PowerPotion"},{"floor":35.0,"key":"PowerPotion"},{"floor":42.0,"key":"Weak Potion"},{"floor":47.0,"key":"Fire Potion"},{"floor":48.0,"key":"FairyPotion"}],"is_trial":false,"path_per_floor":["M","M","M","?","$","R","E","R","T","M","R","E","M","M","R","B",null,"M","$","M","?","M","E","R","E","T","?","M","M","E","M","R","B",null,"M","M","?","$","?","E","R","M","T","E","M","R","M","M","R","B",null,"R","$","E","B"],"character_chosen":"THE_SILENT","items_purchased":["Toolbox","Singing Bowl","Noxious Fumes","Footwork","Panacea"],"campfire_rested":2,"item_purchase_floors":[19,38,38,53,53],"current_hp_per_floor":[69,69,68,68,68,68,40,40,40,39,60,39,34,32,32,46,64,52,52,49,49,41,17,17,21,21,5,5,5,4,4,25,33,61,60,58,57,57,70,67,67,67,67,24,23,23,14,16,16,48,72,72,72,14,0,0],"gold":56,"neow_bonus":"TRANSFORM_TWO_CARDS","is_daily":false,"chose_seed":false,"campfire_upgraded":6,"win_rate":0.0,"timestamp":1612087875,"path_taken":["M","M","M","?","$","R","E","R","T","?","R","E","M","M","R","BOSS","M","?","M","?","?","E","R","E","T","?","M","M","E","M","R","BOSS","M","M","?","$","?","E","R","M","T","E","M","R","M","M","R","BOSS","R","$","E","BOSS"],"items_purchased_type":["Relic","Relic","Card","Card","Card"],"build_version":"2020-12-22","purchased_purges":1,"victory":false,"max_hp_per_floor":[70,70,70,70,70,70,70,70,70,70,70,70,70,70,70,70,70,70,70,70,70,70,70,70,70,70,70,70,70,70,70,70,70,70,70,70,70,70,70,72,72,72,72,74,76,76,78,80,80,80,80,80,80,80,80,80],"card_choices":[{"not_picked":["Slice","Backflip"],"picked":"Riddle With Holes","floor":1.0},{"not_picked":["Sucker Punch","Outmaneuver"],"picked":"Bouncing Flask","floor":2.0},{"not_picked":["PiercingWail","Prepared"],"picked":"Bouncing Flask","floor":3.0},{"not_picked":["Quick Slash","Infinite Blades"],"picked":"Dagger Throw","floor":7.0},{"not_picked":["Dagger Spray","Acrobatics"],"picked":"PiercingWail","floor":10.0},{"not_picked":["Expertise","Eviscerate"],"picked":"Burst","floor":12.0},{"not_picked":["Calculated Gamble","Sucker Punch"],"picked":"Backflip","floor":13.0},{"not_picked":["Eviscerate","Outmaneuver"],"picked":"Setup","floor":14.0},{"not_picked":["Burst","Storm of Steel"],"picked":"Tools of the Trade","floor":16.0},{"not_picked":["Backstab","Finisher"],"picked":"Underhanded Strike+1","floor":18.0},{"not_picked":["Deadly Poison","Dagger Spray"],"picked":"Leg Sweep","floor":20.0},{"not_picked":["Blade Dance+1","Dash"],"picked":"Backstab+1","floor":22.0},{"not_picked":["Reflex","Poisoned Stab+1"],"picked":"Unload+1","floor":23.0},{"not_picked":["Deflect","Blade Dance"],"picked":"Terror","floor":25.0},{"not_picked":["PiercingWail","Dagger Throw+1"],"picked":"Deflect+1","floor":28.0},{"not_picked":["Distraction+1","Outmaneuver"],"picked":"Corpse Explosion","floor":30.0},{"not_picked":["Malaise","Tools of the Trade"],"picked":"Night Terror","floor":33.0},{"not_picked":["Deflect","Backstab+1"],"picked":"Eviscerate+1","floor":35.0},{"not_picked":["Prepared","Outmaneuver"],"picked":"Footwork+1","floor":36.0},{"not_picked":["Deadly Poison+1","Dodge and Roll+1","Acrobatics"],"picked":"Singing Bowl","floor":40.0},{"not_picked":["Quick Slash+1","Acrobatics"],"picked":"Noxious Fumes","floor":42.0},{"not_picked":["Storm of Steel","All Out Attack+1","Acrobatics+1"],"picked":"Singing Bowl","floor":44.0},{"not_picked":["Outmaneuver","Accuracy","Acrobatics"],"picked":"Singing Bowl","floor":45.0},{"not_picked":["Blade Dance+1","Reflex","Footwork"],"picked":"Singing Bowl","floor":47.0},{"not_picked":["All Out Attack+1","Deflect+1","Dodge and Roll"],"picked":"Singing Bowl","floor":48.0},{"not_picked":["Prepared","Envenom"],"picked":"Catalyst+1","floor":54}],"player_experience":421227,"relics_obtained":[{"floor":7.0,"key":"CaptainsWheel"},{"floor":9.0,"key":"Bottled Flame"},{"floor":12.0,"key":"Pantograph"},{"floor":23.0,"key":"Molten Egg 2"},{"floor":25.0,"key":"Happy Flower"},{"floor":26.0,"key":"Paper Crane"},{"floor":27.0,"key":"Enchiridion"},{"floor":30.0,"key":"Lantern"},{"floor":37.0,"key":"Peace Pipe"},{"floor":40.0,"key":"Anchor"},{"floor":44.0,"key":"Gremlin Horn"},{"floor":54,"key":"Bronze Scales"}],"event_choices":[{"damage_healed":0.0,"max_hp_gain":0.0,"max_hp_loss":0.0,"gold_gain":0.0,"event_name":"Accursed Blacksmith","player_choice":"Rummage","floor":4.0,"gold_loss":0.0,"damage_taken":0.0,"relics_obtained":["WarpedTongs"],"cards_obtained":["Pain"]},{"damage_healed":0.0,"max_hp_gain":0.0,"max_hp_loss":0.0,"gold_gain":0.0,"event_name":"Duplicator","player_choice":"Copied","floor":21.0,"gold_loss":0.0,"damage_taken":0.0,"cards_obtained":["Neutralize"]},{"damage_healed":0.0,"max_hp_gain":0.0,"max_hp_loss":0.0,"gold_gain":0.0,"event_name":"Cursed Tome","player_choice":"Obtained Book","floor":27.0,"gold_loss":0.0,"damage_taken":16.0},{"damage_healed":0.0,"max_hp_gain":0.0,"max_hp_loss":0.0,"gold_gain":0.0,"event_name":"Mysterious Sphere","player_choice":"Fight","floor":37.0,"gold_loss":0.0,"damage_taken":0.0},{"damage_healed":18.0,"max_hp_gain":0.0,"max_hp_loss":0.0,"gold_gain":0.0,"event_name":"Winding Halls","player_choice":"Writhe","floor":39.0,"gold_loss":0.0,"damage_taken":0.0,"cards_obtained":["Writhe"]}],"is_beta":false,"boss_relics":[{"not_picked":["Ring of the Serpent","Ectoplasm"],"picked":"HoveringKite"},{"not_picked":["Black Star","Runic Pyramid"],"picked":"SacredBark"}],"items_purged_floors":[19],"is_endless":false,"potions_floor_spawned":[3,7,10,14,16,18,23,25,29,35,42,47,48],"killed_by":"The Heart","ascension_level":5}}