{"host":"d5i1qeb9dejicw1z","time":1612119394,"event":{"mods":["AchievementEnabler","BaseMod","Better Note","BetterRewards","Evolution","Gold Saver","Minty Spire (QoL Compilation)","Permanent Neow","Relic Filter Mod","Reliquary","StSLib"],"gold_per_floor":[586,603,603,621,621,621,631,631,685,703,703,292,305,315,315,388,388,405,352,365,383,399,399,417,417,417],"floor_reached":25,"language":"ENG","playtime":784,"items_purged":["Strike_B"],"score":378,"play_id":"3d071aea-d166-4d5b-8a34-30e32dc9b0eb","local_time":"20210131105634","is_ascension_mode":true,"campfire_choices":[{"data":"Zap","floor":6,"key":"SMITH"},{"floor":8,"key":"REST"},{"data":"Dualcast","floor":11,"key":"SMITH"},{"data":"Electrodynamics","floor":15,"key":"SMITH"},{"floor":23,"key":"REST"}],"circlet_count":0,"master_deck":["AscendersBane","Compile Driver","Strike_B","Defend_B","Defend_B","Defend_B","Zap+1","Dualcast+1","Ball Lightning","Leap","Cold Snap","Electrodynamics+1","Rainbow","Leap+1","Fission"],"relics":["Cracked Core","EVO:Axolotl","Bag of Preparation","reliquary:HotPoker","Empty Cage"],"acts_visited":["Exordium","TheCity"],"potions_floor_usage":[16,16,21,24],"damage_taken":[{"damage":2,"enemies":"2 Louse","floor":1,"turns":3},{"damage":1,"enemies":"Cultist","floor":2,"turns":4},{"damage":0,"enemies":"Small Slimes","floor":4,"turns":2},{"damage":2,"enemies":"Looter","floor":7,"turns":3},{"damage":1,"enemies":"2 Fungi Beasts","floor":10,"turns":3},{"damage":4,"enemies":"Lots of Slimes","floor":13,"turns":3},{"damage":7,"enemies":"Large Slime","floor":14,"turns":4},{"damage":51,"enemies":"Hexaghost","floor":16,"turns":10},{"damage":23,"enemies":"2 Thieves","floor":18,"turns":3},{"damage":6,"enemies":"Chosen","floor":20,"turns":4},{"damage":13,"enemies":"Snake Plant","floor":21,"turns":3},{"damage":14,"enemies":"Centurion and Healer","floor":22,"turns":4},{"damage":16,"enemies":"Snecko","floor":24,"turns":4},{"damage":20,"enemies":"Slavers","floor":25,"turns":1}],"seed_played":"-5761017681922450188","potions_obtained":[{"floor":1,"key":"Regen Potion"},{"floor":2,"key":"Regen Potion"},{"floor":22,"key":"GamblersBrew"}],"is_trial":false,"path_per_floor":["M","M","?","M","?","R","M","R","T","M","R","$","M","M","R","B",null,"M","$","M","M","M","R","M","E"],"character_chosen":"DEFECT","items_purchased":["Cold Snap","reliquary:HotPoker","PowerPotion"],"campfire_rested":2,"item_purchase_floors":[12,12,19],"current_hp_per_floor":[62,61,61,61,51,51,49,70,70,69,69,69,65,58,58,46,65,42,42,36,23,9,30,14,0,0],"gold":417,"neow_bonus":"HUNDRED_GOLD","is_daily":false,"chose_seed":false,"campfire_upgraded":3,"win_rate":0.0,"timestamp":1612119394,"path_taken":["M","M","?","?","?","R","M","R","T","M","R","$","?","M","R","BOSS","M","$","?","M","M","R","M","E"],"items_purchased_type":["Card","Relic","Potion"],"build_version":"2020-12-22","purchased_purges":1,"victory":false,"max_hp_per_floor":[71,71,71,71,71,71,71,71,71,71,71,71,71,71,71,71,71,71,71,71,71,71,71,71,71,71],"card_choices":[{"not_picked":["Double Energy","Heatsinks","Barrage"],"picked":"SKIP","floor":1},{"not_picked":["Scrape","Hologram"],"picked":"Ball Lightning","floor":2},{"not_picked":["Steam","Rebound","Go for the Eyes"],"picked":"SKIP","floor":4},{"not_picked":["Sweeping Beam","Barrage"],"picked":"Leap","floor":7},{"not_picked":["Stack","Go for the Eyes","Steam"],"picked":"SKIP","floor":10},{"not_picked":["Consume","Coolheaded","Aggregate"],"picked":"SKIP","floor":13},{"not_picked":["Stack","Scrape"],"picked":"Electrodynamics","floor":14},{"not_picked":["Seek","Hyperbeam"],"picked":"Rainbow","floor":16},{"not_picked":["Sweeping Beam","BootSequence"],"picked":"Leap+1","floor":18},{"not_picked":["Coolheaded","Gash","Sunder"],"picked":"SKIP","floor":20},{"not_picked":["Ball Lightning","Barrage","Turbo"],"picked":"SKIP","floor":21},{"not_picked":["Go for the Eyes","Ball Lightning","Rebound"],"picked":"SKIP","floor":22},{"not_picked":["Barrage","Rebound"],"picked":"Fission","floor":24}],"player_experience":1195339,"relics_obtained":[{"floor":9,"key":"Bag of Preparation"}],"event_choices":[{"damage_healed":0,"gold_gain":0,"player_choice":"Got Potions","damage_taken":0,"max_hp_gain":0,"max_hp_loss":0,"event_name":"Lab","floor":3,"gold_loss":0},{"damage_healed":0,"gold_gain":0,"player_choice":"Damaged","damage_taken":10,"max_hp_gain":0,"max_hp_loss":0,"event_name":"Wheel of Change","floor":5,"gold_loss":0}],"is_beta":false,"boss_relics":[{"not_picked":["reliquary:WritOfMandamus","SlaversCollar"],"picked":"Empty Cage"}],"items_purged_floors":[12],"is_endless":false,"potions_floor_spawned":[1,2,7,13,22],"killed_by":"Slavers","ascension_level":18}}