{"host":"6p0attdrtjqaih7v","time":1612054701,"event":{"mods":["2.2 Compatiblity","AchievementEnabler","Bard","BaseMod","Better Skull","Better Third Choice","Colored Powertips","Downfall","Hermit","Highlight Path","Key Reminder","Minty Spire (QoL Compilation)","Permanent Neow","Quick Restart","Random Character Button","Relic Stats","Replay The Spire","Robot Space Explorer","StSLib","The Witch"],"gold_per_floor":[112,122,132,132,132,157,157,174,197,229,229,256,256,268,268,346,346,360,406,431,450,464,464,523,165,165,165,196,216,6,41,41,112,112,130,155,165,190,59,93,93,118,118,118,128,128,128,23,23,23,23],"floor_reached":52,"language":"ENG","playtime":2438,"items_purged":["Strike_R","Strike_R"],"score":2428,"play_id":"1856a6c2-7db5-4c5e-8521-e874043bf720","local_time":"20210130195821","is_ascension_mode":true,"campfire_choices":[{"data":"Burning Pact","floor":7,"key":"SMITH"},{"floor":11,"key":"REST"},{"data":"Inflame","floor":15,"key":"SMITH"},{"data":"Fiend Fire","floor":23,"key":"SMITH"},{"data":"Shockwave","floor":27,"key":"SMITH"},{"data":"Demon Form","floor":32,"key":"SMITH"},{"floor":41,"key":"REST"},{"floor":46,"key":"REST"},{"floor":49,"key":"REST"}],"circlet_count":0,"master_deck":["AscendersBane","Strike_R+1","Defend_R","Defend_R","Defend_R+1","Defend_R","Bash+1","Clothesline+1","Thunderclap","Burning Pact+1","Twin Strike","Impervious","Feel No Pain","Inflame+1","Dark Embrace","Fiend Fire+1","True Grit+1","Shockwave+1","Enlightenment","Sentinel","Seeing Red+1","Shrug It Off+1","Carnage","Demon Form+1","Juggernaut","Whirlwind","Power Through","Bludgeon","Heavy Blade+1","Second Wind","Apotheosis"],"relics":["Burning Blood","Replay:Rubber Ducky","sneckomod:BlankCard","Happy Flower","InkBottle","GremlinMask","Snecko Eye","Simple Rune","Red Mask","Kunai","Dream Catcher","Membership Card","Guardian:PocketSentry","Fusion Hammer","Ginger","ReplayTheSpireMod:TigerMarble","Sundial","Oddly Smooth Stone","Snack Pack","downfall:ExtraCursedKey"],"acts_visited":["Exordium","TheCity","TheBeyond"],"potions_floor_usage":[6,10,16,20,28,33,50,51],"damage_taken":[{"damage":4,"enemies":"Jaw Worm","floor":1,"turns":6},{"damage":7,"enemies":"2 Louse","floor":2,"turns":3},{"damage":3,"enemies":"Cultist","floor":3,"turns":4},{"damage":29,"enemies":"Lagavulin","floor":6,"turns":6},{"damage":8,"enemies":"3 Louse","floor":8,"turns":5},{"damage":18,"enemies":"Gremlin Nob","floor":10,"turns":4},{"damage":8,"enemies":"Replay:BlueRogue","floor":12,"turns":9},{"damage":4,"enemies":"Blue Slaver","floor":14,"turns":5},{"damage":17,"enemies":"Slime Boss","floor":16,"turns":7},{"damage":0,"enemies":"Chosen","floor":18,"turns":2},{"damage":22,"enemies":"Masked Bandits","floor":20,"turns":5},{"damage":0,"enemies":"Shell Parasite","floor":21,"turns":1},{"damage":0,"enemies":"Cultist and Chosen","floor":22,"turns":4},{"damage":0,"enemies":"Replay:Snechameleon","floor":28,"turns":14},{"damage":0,"enemies":"Snake Plant","floor":29,"turns":2},{"damage":0,"enemies":"Book of Stabbing","floor":31,"turns":4},{"damage":0,"enemies":"Collector","floor":33,"turns":7},{"damage":0,"enemies":"3 Shapes","floor":35,"turns":5},{"damage":0,"enemies":"Mind Bloom Boss Battle","floor":36,"turns":2},{"damage":7,"enemies":"3 Darklings","floor":37,"turns":5},{"damage":0,"enemies":"R_Hoarder","floor":40,"turns":4},{"damage":0,"enemies":"Nemesis","floor":42,"turns":3},{"damage":0,"enemies":"Maw","floor":45,"turns":5},{"damage":0,"enemies":"Donu and Deca","floor":50,"turns":5},{"damage":50,"enemies":"Time Eater","floor":51,"turns":12}],"seed_played":"3869823434622452807","potions_obtained":[{"floor":2,"key":"BlessingOfTheForge"},{"floor":3,"key":"Dexterity Potion"},{"floor":8,"key":"Ancient Potion"},{"floor":12,"key":"DuplicationPotion"},{"floor":16,"key":"BlessingOfTheForge"},{"floor":20,"key":"Venom Potion"},{"floor":24,"key":"Weak Potion"},{"floor":33,"key":"Elixir"},{"floor":35,"key":"LiquidBronze"},{"floor":42,"key":"Dexterity Potion"}],"is_trial":false,"path_per_floor":["M","M","M","?","?","E","R","M","T","E","R","E","?","M","R","B",null,"M","T","?","M","M","R","?","$","T","R","E","M","$","E","R","B",null,"M","?","M","T","$","E","R","E","T","?","M","R","?","$","R","B","B",null],"character_chosen":"IRONCLAD","items_purchased":["Enlightenment","Sentinel","CultistPotion","Carnage","Membership Card","Bludgeon","Apotheosis"],"campfire_rested":4,"item_purchase_floors":[25,25,25,30,30,39,48],"current_hp_per_floor":[70,69,72,72,65,42,42,40,40,28,50,48,48,50,50,39,66,72,72,56,62,68,68,44,44,44,44,50,56,56,62,62,68,73,75,75,74,74,74,75,75,75,75,75,75,75,75,75,75,75,33],"gold":23,"neow_bonus":"UPGRADE_CARD","is_daily":false,"chose_seed":false,"campfire_upgraded":5,"win_rate":0.0,"timestamp":1612054701,"path_taken":["M","M","M","?","?","E","R","M","T","E","R","E","?","M","R","BOSS","M","?","?","M","M","R","?","$","T","R","E","M","$","E","R","BOSS","M","?","M","?","$","E","R","E","T","?","?","R","?","$","R","BOSS","BOSS"],"items_purchased_type":["Card","Card","Potion","Card","Relic","Card","Card"],"build_version":"2020-12-22","purchased_purges":2,"victory":true,"max_hp_per_floor":[75,75,75,75,75,75,75,75,75,75,75,75,75,75,75,75,75,75,75,75,75,75,75,75,75,75,75,75,75,75,75,75,75,75,75,75,75,75,75,75,75,75,75,75,75,75,75,75,75,75,75],"relic_stats":{"Dream Catcher":3,"Happy Flower":[33],"counters":[25,129],"Sundial":[4],"Snecko Eye":[179,160,160,170],"Kunai":[10],"Ginger":[11],"obtain_stats":[{"Happy Flower":10,"sneckomod:BlankCard":9,"Oddly Smooth Stone":42,"GremlinMask":13,"Guardian:PocketSentry":31,"Ginger":36,"Burning Blood":0,"Replay:Rubber Ducky":6,"Dream Catcher":28,"Sundial":40,"Snecko Eye":17,"Simple Rune":19,"Fusion Hammer":34,"downfall:ExtraCursedKey":47,"Red Mask":20,"ReplayTheSpireMod:TigerMarble":38,"Snack Pack":43,"Kunai":26,"Membership Card":30,"InkBottle":12},{"Happy Flower":6,"sneckomod:BlankCard":5,"Oddly Smooth Stone":22,"GremlinMask":7,"Guardian:PocketSentry":16,"Ginger":19,"Burning Blood":0,"Replay:Rubber Ducky":4,"Dream Catcher":14,"Sundial":21,"Snecko Eye":9,"Simple Rune":10,"Fusion Hammer":17,"downfall:ExtraCursedKey":23,"Red Mask":11,"ReplayTheSpireMod:TigerMarble":20,"Snack Pack":22,"Kunai":13,"Membership Card":15,"InkBottle":7},{"Happy Flower":28,"sneckomod:BlankCard":24,"Oddly Smooth Stone":107,"GremlinMask":37,"Guardian:PocketSentry":81,"Ginger":95,"Burning Blood":0,"Replay:Rubber Ducky":19,"Dream Catcher":75,"Sundial":104,"Snecko Eye":49,"Simple Rune":51,"Fusion Hammer":88,"downfall:ExtraCursedKey":112,"Red Mask":56,"ReplayTheSpireMod:TigerMarble":100,"Snack Pack":107,"Kunai":61,"Membership Card":77,"InkBottle":37}],"Burning Blood":117,"InkBottle":[31]},"card_choices":[{"not_picked":["Perfected Strike","ReplayTheSpireMod:Strike From Hell"],"picked":"Clothesline","floor":1},{"not_picked":["Rampage","Clash"],"picked":"Thunderclap","floor":2},{"not_picked":["True Grit","Rampage"],"picked":"Burning Pact","floor":3},{"not_picked":["Sentinel","Cleave"],"picked":"Twin Strike","floor":6},{"not_picked":["Clash","Thunderclap"],"picked":"Impervious","floor":8},{"not_picked":["Replay:Undeath\u0027s Touch","ReplayTheSpireMod:Strike From Hell"],"picked":"Feel No Pain","floor":10},{"not_picked":["Sentinel","Blood for Blood"],"picked":"Inflame","floor":12},{"not_picked":["Searing Blow","Dropkick"],"picked":"Dark Embrace","floor":14},{"not_picked":["Brutality","Berserk"],"picked":"Fiend Fire","floor":16},{"not_picked":["Pommel Strike","Clothesline","Iron Wave"],"picked":"SKIP","floor":18},{"not_picked":["Dual Wield","Armaments"],"picked":"True Grit+1","floor":21},{"not_picked":["Iron Wave","Dual Wield+1","Rupture"],"picked":"SKIP","floor":22},{"not_picked":["Dropkick","Searing Blow"],"picked":"Shockwave","floor":24},{"not_picked":["Rampage","Massacre"],"picked":"Seeing Red+1","floor":28},{"not_picked":["Searing Blow","Dual Wield"],"picked":"Shrug It Off+1","floor":29},{"not_picked":["Shrug It Off+1","Anger"],"picked":"Demon Form","floor":31},{"not_picked":["Limit Break","Barricade"],"picked":"Juggernaut","floor":33},{"not_picked":["Blood for Blood","Entrench"],"picked":"Whirlwind","floor":35},{"not_picked":["Perfected Strike","Body Slam"],"picked":"Power Through","floor":36},{"not_picked":["Havoc+1","Replay:Undeath\u0027s Touch","Wild Strike"],"picked":"SKIP","floor":37},{"not_picked":["Power Through","Dropkick+1","Warcry"],"picked":"SKIP","floor":40},{"not_picked":["Perfected Strike","Cleave"],"picked":"Heavy Blade+1","floor":41},{"not_picked":["Infernal Blade","Combust","Sentinel"],"picked":"SKIP","floor":42},{"not_picked":["Burning Pact","Anger+1"],"picked":"Second Wind","floor":45}],"player_experience":982124,"relics_obtained":[{"floor":6,"key":"Replay:Rubber Ducky"},{"floor":9,"key":"sneckomod:BlankCard"},{"floor":10,"key":"Happy Flower"},{"floor":12,"key":"InkBottle"},{"floor":19,"key":"Simple Rune"},{"floor":20,"key":"Red Mask"},{"floor":26,"key":"Kunai"},{"floor":28,"key":"Dream Catcher"},{"floor":31,"key":"Guardian:PocketSentry"},{"floor":36,"key":"Ginger"},{"floor":38,"key":"ReplayTheSpireMod:TigerMarble"},{"floor":40,"key":"Sundial"},{"floor":42,"key":"Oddly Smooth Stone"},{"floor":43,"key":"Snack Pack"}],"event_choices":[{"damage_healed":0,"gold_gain":0,"player_choice":"Grow","damage_taken":0,"max_hp_gain":0,"max_hp_loss":0,"event_name":"Living Wall","floor":4,"gold_loss":0,"cards_upgraded":["Clothesline"]},{"cards_removed":["Strike_R"],"damage_healed":0,"gold_gain":0,"player_choice":"Card Removal","damage_taken":7,"max_hp_gain":0,"max_hp_loss":0,"event_name":"Golden Wing","floor":5,"gold_loss":0},{"damage_healed":0,"gold_gain":0,"player_choice":"Trade","damage_taken":0,"relics_obtained":["GremlinMask"],"max_hp_gain":0,"max_hp_loss":0,"event_name":"FaceTrader","floor":13,"gold_loss":0},{"damage_healed":0,"gold_gain":0,"player_choice":"Fought Bandits","damage_taken":0,"max_hp_gain":0,"max_hp_loss":0,"event_name":"Masked Bandits","floor":20,"gold_loss":0},{"damage_healed":0,"gold_gain":0,"player_choice":"Fight","damage_taken":0,"max_hp_gain":0,"max_hp_loss":0,"event_name":"MindBloom","floor":36,"gold_loss":0},{"cards_removed":["Strike_R"],"damage_healed":0,"gold_gain":0,"player_choice":"Purged","damage_taken":0,"max_hp_gain":0,"max_hp_loss":0,"event_name":"Purifier","floor":44,"gold_loss":0}],"is_beta":false,"boss_relics":[{"not_picked":["Replay:Wanted Poster","Runic Dome"],"picked":"Snecko Eye"},{"not_picked":["Runic Cube","ReplayTheSpireMod:DimensionalGlitch"],"picked":"Fusion Hammer"}],"items_purged_floors":[25,39],"is_endless":false,"potions_floor_spawned":[2,3,8,12,16,20,33,35,42,45],"ascension_level":20}}