{"host":"zwuytn9vh5b8tdl7","time":1612074752,"event":{"mods":["AchievementEnabler","BaseMod","Colored Powertips","GifTheSpireLib","Minty Spire (QoL Compilation)","Rare Cards Sparkle","StSLib","The Animator"],"gold_per_floor":[131,131,131,131,156,156,199,199,199,226,246,259,259,277,277,381,431,448,448,473,483,115,142,142,173,200,212,57,76,76,76],"floor_reached":30,"language":"ENG","playtime":1603,"items_purged":[],"score":267,"play_id":"a75dcf42-a5e9-47d2-b852-11a96eb5e2ed","local_time":"20210131013232","is_ascension_mode":false,"campfire_choices":[{"data":"animator:MisakiNakahara","floor":6,"key":"SMITH"},{"floor":13,"key":"REST"},{"floor":15,"key":"REST"},{"floor":24,"key":"REST"}],"circlet_count":0,"master_deck":["animator:Strike_Fate+1","animator:Defend_Fate","animator:Strike","animator:Strike","animator:Strike+1","animator:Defend+1","animator:Defend","animator:Defend+1","animator:Alexander+1","animator:Rider","animator:Kuribayashi+1","animator:MisakiNakahara+1","animator:ShinjiMatou","animator:Chung","animator:EmiyaShirou","animator:Raven","animator:ShinjiMatou","animator:Viivi","animator:Sora","animator:ShinjiMatou","animator:Vesta","animator:LeleiLaLalena+1","animator:RoryMercury","animator:SakuraMatou","animator:Lancer","animator:Gillette"],"relics":["animator:LivingPicture","animator:ColorlessFragment","NeowsBlessing","Whetstone","animator:OldCoffin","Nunchaku","Tiny House","Enchiridion","animator:Buoy","Toy Ornithopter","Oddly Smooth Stone","Omamori"],"acts_visited":["Exordium","TheCity"],"potions_floor_usage":[10,21,21,21,23,25,29],"damage_taken":[{"damage":0,"enemies":"2 Louse","floor":1,"turns":1},{"damage":0,"enemies":"Cultist","floor":5,"turns":1},{"damage":0,"enemies":"3 Sentries","floor":7,"turns":2},{"damage":40,"enemies":"Gremlin Nob","floor":10,"turns":6},{"damage":6,"enemies":"Jaw Worm","floor":11,"turns":4},{"damage":0,"enemies":"Red Slaver","floor":12,"turns":5},{"damage":2,"enemies":"Blue Slaver","floor":14,"turns":5},{"damage":18,"enemies":"Hexaghost","floor":16,"turns":11},{"damage":40,"enemies":"3 Byrds","floor":18,"turns":7},{"damage":9,"enemies":"Spheric Guardian","floor":21,"turns":6},{"damage":8,"enemies":"Snake Plant","floor":23,"turns":5},{"damage":15,"enemies":"Snecko","floor":25,"turns":5},{"damage":16,"enemies":"Cultist and Chosen","floor":27,"turns":7},{"damage":10,"enemies":"Centurion and Healer","floor":29,"turns":8},{"damage":3,"enemies":"Snake Plant","floor":30,"turns":2}],"seed_played":"-4798388129959423262","potions_obtained":[{"floor":7,"key":"ColorlessPotion"},{"floor":10,"key":"Strength Potion"},{"floor":14,"key":"SteroidPotion"},{"floor":16,"key":"SteroidPotion"},{"floor":25,"key":"Fruit Juice"},{"floor":27,"key":"SkillPotion"}],"is_trial":false,"path_per_floor":["M","?","$","?","M","R","E","?","T","E","M","M","R","M","R","B",null,"M","?","T","M","$","M","R","M","T","M","$","M","M"],"character_chosen":"THE_ANIMATOR","items_purchased":["animator:ColorlessFragment","Toy Ornithopter","PowerPotion","Omamori"],"campfire_rested":3,"item_purchase_floors":[22,22,22,28],"current_hp_per_floor":[66,66,66,66,66,66,66,53,53,14,9,9,29,27,47,29,73,33,17,17,9,9,6,28,23,23,8,8,3,0,0],"gold":76,"neow_bonus":"THREE_ENEMY_KILL","is_daily":false,"chose_seed":false,"campfire_upgraded":1,"win_rate":0.0,"timestamp":1612074752,"path_taken":["M","?","?","?","?","R","E","?","T","E","M","M","R","M","R","BOSS","M","?","?","M","?","M","R","M","T","M","$","?","M"],"items_purchased_type":["Relic","Relic","Potion","Relic"],"build_version":"2020-12-22","purchased_purges":0,"victory":false,"max_hp_per_floor":[66,66,66,66,66,66,66,66,66,67,68,68,68,68,68,68,73,73,73,73,74,74,74,74,79,79,80,80,80,80,80],"card_choices":[{"not_picked":["animator:Rider","animator:Lu"],"picked":"animator:Kuribayashi","floor":1},{"not_picked":["animator:Melzalgald","animator:Bozes"],"picked":"animator:ShinjiMatou","floor":5},{"not_picked":["animator:Hakurou","animator:Kuribayashi"],"picked":"animator:Chung","floor":7},{"not_picked":["animator:Lancer","animator:Archer"],"picked":"animator:EmiyaShirou","floor":10},{"not_picked":["animator:Lu","animator:Kaijin"],"picked":"animator:Raven","floor":11},{"not_picked":["animator:SilverFang","animator:DolaCouronne"],"picked":"animator:ShinjiMatou","floor":12},{"not_picked":["animator:MumenRider","animator:Sora"],"picked":"animator:Viivi","floor":14},{"not_picked":["animator:Elesis","animator:PinaCoLada"],"picked":"animator:Sora","floor":16},{"not_picked":["animator:Fredrika","animator:Souei"],"picked":"animator:ShinjiMatou","floor":17},{"not_picked":["animator:Hakurou","animator:Souei"],"picked":"animator:Vesta","floor":18},{"not_picked":["animator:TukaLunaMarceau","animator:Tyuule"],"picked":"animator:LeleiLaLalena+1","floor":21},{"not_picked":["animator:Add","animator:AcuraShin"],"picked":"animator:RoryMercury","floor":23},{"not_picked":["animator:Genos+1","animator:Rider+1"],"picked":"animator:SakuraMatou","floor":25},{"not_picked":["animator:Caster","animator:Rider"],"picked":"animator:Lancer","floor":27},{"not_picked":["animator:Kuribayashi","animator:Millim"],"picked":"animator:Gillette","floor":29}],"player_experience":352607,"relics_obtained":[{"floor":7,"key":"Whetstone"},{"floor":9,"key":"animator:OldCoffin"},{"floor":10,"key":"Nunchaku"},{"floor":19,"key":"Enchiridion"},{"floor":20,"key":"animator:Buoy"},{"floor":26,"key":"Oddly Smooth Stone"}],"event_choices":[{"damage_healed":0,"gold_gain":0,"player_choice":"1 cards matched","damage_taken":0,"max_hp_gain":0,"max_hp_loss":0,"event_name":"Match and Keep!","floor":2,"gold_loss":0,"cards_obtained":["animator:MisakiNakahara"]},{"damage_healed":0,"gold_gain":0,"player_choice":"Upgraded","damage_taken":0,"max_hp_gain":0,"max_hp_loss":0,"event_name":"Upgrade Shrine","floor":4,"gold_loss":0,"cards_upgraded":["animator:Alexander"]},{"damage_healed":0,"gold_gain":0,"player_choice":"Entered Light","damage_taken":13,"max_hp_gain":0,"max_hp_loss":0,"event_name":"Shining Light","floor":8,"gold_loss":0,"cards_upgraded":["animator:Defend","animator:Strike"]},{"damage_healed":0,"gold_gain":0,"player_choice":"Obtained Book","damage_taken":16,"max_hp_gain":0,"max_hp_loss":0,"event_name":"Cursed Tome","floor":19,"gold_loss":0}],"is_beta":false,"boss_relics":[{"not_picked":["Empty Cage","Coffee Dripper"],"picked":"Tiny House"}],"items_purged_floors":[],"is_endless":false,"potions_floor_spawned":[7,10,14,16,25,27],"killed_by":"Snake Plant","ascension_level":0}}