{"host":"36zn1fhase90d3ns","time":1612068404,"event":{"mods":["2.2 Compatiblity","AchievementEnabler","Act Like it!","Aspiration","BaseMod","BetterRewards","Block Reminder","Colored Map","Colored Powertips","Conspire","Curses Come First","Custom Start","Dark Map","Energized Spire","Friendly Minions","Halation","Hermit","Hubris","Minty Spire (QoL Compilation)","Prisma Mod","Quick Restart","Relic Sorter","Reliquary","Remilia??????","Replay The Spire","Spicy Shops","StSLib","The Necromancer","Unceasing Turn Reminder","Yohane!","??????REMEMod"],"gold_per_floor":[112,124,124,141,154,154,9,9,9,44,60,60,160,190,190,190,190],"floor_reached":16,"language":"ENG","playtime":480,"items_purged":[],"score":132,"play_id":"d92e9d2b-bb4c-4916-89a3-222fc6eae08b","local_time":"20210130224644","is_ascension_mode":true,"campfire_choices":[{"data":"conspire:Purge","floor":6,"key":"SMITH"},{"floor":12,"key":"REST"},{"data":"hermit:TakeCover","floor":15,"key":"SMITH"}],"circlet_count":0,"master_deck":["hermit:Strike_Hermit","hermit:Strike_Hermit","hermit:Strike_Hermit","hermit:Strike_Hermit","hermit:Defend_Hermit","hermit:Defend_Hermit","hermit:Defend_Hermit","hermit:Snapshot","hermit:Covet","conspire:Purge+1","hermit:FlashPowder","hermit:HoleUp","hermit:Brawl","hermit:TakeCover+1","hermit:BodyArmor"],"relics":["hermit:Momento","REME_ComplimentaryCards","NeowsBlessing","hubris:HerbalPaste","Calipers","hubris:FunFungus","Mercury Hourglass"],"acts_visited":["Exordium"],"potions_floor_usage":[5,11,14],"damage_taken":[{"damage":0,"enemies":"Cultist","floor":1,"turns":1},{"damage":0,"enemies":"Jaw Worm","floor":2,"turns":2},{"damage":0,"enemies":"Small Slimes","floor":4,"turns":1},{"damage":39,"enemies":"Gremlin Gang","floor":5,"turns":5},{"damage":51,"enemies":"Gremlin Nob","floor":10,"turns":6},{"damage":15,"enemies":"Exordium Thugs","floor":11,"turns":6},{"damage":46,"enemies":"Lagavulin","floor":14,"turns":10},{"damage":7,"enemies":"Hexaghost","floor":16,"turns":7}],"seed_played":"-8697492238567540900","potions_obtained":[{"floor":4,"key":"LiquidBronze"},{"floor":10,"key":"Adrenaline Potion"},{"floor":11,"key":"DistilledChaos"}],"is_trial":false,"path_per_floor":["M","M","?","M","M","R","$","?","T","E","M","R","?","E","R","B"],"character_chosen":"HERMIT","items_purchased":["hubris:HerbalPaste"],"campfire_rested":1,"item_purchase_floors":[7],"current_hp_per_floor":[75,75,75,75,36,36,36,75,75,25,16,38,38,4,4,3,3],"gold":190,"neow_bonus":"THREE_ENEMY_KILL","is_daily":false,"chose_seed":false,"campfire_upgraded":2,"win_rate":0.0,"timestamp":1612068404,"path_taken":["M","M","?","M","?","R","?","?","T","E","M","R","?","E","R","BOSS"],"items_purchased_type":["Relic"],"build_version":"2020-12-22","purchased_purges":0,"victory":false,"max_hp_per_floor":[75,75,75,75,75,75,75,75,75,75,75,75,75,75,75,75,75],"card_choices":[{"not_picked":["hermit:Roulette","hermit:Coalescence"],"picked":"hermit:FlashPowder","floor":1},{"not_picked":["hermit:Spite","hermit:ItchyTrigger"],"picked":"hermit:HoleUp","floor":2},{"not_picked":["hermit:Snipe","hermit:WideOpen","hermit:Showdown"],"picked":"SKIP","floor":4},{"not_picked":["hermit:BodyArmor","hermit:Feint","hermit:TrackingShot"],"picked":"SKIP","floor":5},{"not_picked":["hermit:HighCaliber","hermit:DeadMansHand"],"picked":"hermit:Brawl","floor":10},{"not_picked":["hermit:Ricochet","hermit:LuckOfTheDraw"],"picked":"hermit:TakeCover","floor":11},{"not_picked":["hermit:CalledShot","hermit:FinalCanter"],"picked":"hermit:BodyArmor","floor":14}],"player_experience":515694,"relics_obtained":[{"floor":9,"key":"Calipers"},{"floor":10,"key":"hubris:FunFungus"},{"floor":14,"key":"Mercury Hourglass"}],"event_choices":[{"damage_healed":0,"gold_gain":0,"player_choice":"Full Heal","damage_taken":0,"max_hp_gain":0,"max_hp_loss":0,"event_name":"Wheel of Change","floor":3,"gold_loss":0},{"damage_healed":0,"gold_gain":100,"player_choice":"Pray","damage_taken":0,"max_hp_gain":0,"max_hp_loss":0,"event_name":"Golden Shrine","floor":13,"gold_loss":0}],"is_beta":false,"boss_relics":[],"items_purged_floors":[],"is_endless":false,"potions_floor_spawned":[4,10,11],"killed_by":"Hexaghost","ascension_level":4}}