{"host":"sad04l3m69qtnhom","time":1612098835,"event":{"mods":["AchievementEnabler","BaseMod","Colored Map","Colored Powertips","DeckTracker","Highlight Path","Minty Spire (QoL Compilation)","Permanent Neow","Quick Restart","SuperFastMode","everything is the same but u backflip on backflip"],"gold_per_floor":[117,135,135,210,16,42,42,6,6,23,39,39,39,52,52,155,155,173,173,185,135,147,147,246,246,246],"floor_reached":25,"language":"KOR","playtime":1089,"items_purged":["Strike_B","Defend_B"],"score":251,"play_id":"188655f0-af89-48ae-96fa-5a1cc991d3d1","local_time":"20210131221355","is_ascension_mode":true,"campfire_choices":[{"data":"Redo","floor":7,"key":"SMITH"},{"data":"Reinforced Body","floor":13,"key":"SMITH"},{"floor":15,"key":"REST"},{"data":"Double Energy","floor":23,"key":"SMITH"}],"circlet_count":0,"master_deck":["Strike_B","Strike_B","Strike_B","Defend_B","Defend_B","Zap","Dualcast","CurseOfTheBell","Redo+1","BootSequence","Self Repair","Melter","Reinforced Body+1","Lockon","Machine Learning","Reinforced Body","Double Energy+1"],"relics":["Calling Bell","Smiling Mask","Symbiotic Virus","Ice Cream","Regal Pillow","Oddly Smooth Stone","Shuriken","Bag of Marbles","SlaversCollar"],"acts_visited":["Exordium","TheCity"],"potions_floor_usage":[18,20,22],"damage_taken":[{"damage":4,"enemies":"Jaw Worm","floor":1,"turns":4},{"damage":1,"enemies":"Cultist","floor":2,"turns":3},{"damage":22,"enemies":"Lagavulin","floor":6,"turns":6},{"damage":0,"enemies":"2 Louse","floor":10,"turns":2},{"damage":16,"enemies":"Lots of Slimes","floor":11,"turns":4},{"damage":7,"enemies":"Looter","floor":14,"turns":4},{"damage":40,"enemies":"The Guardian","floor":16,"turns":11},{"damage":16,"enemies":"2 Thieves","floor":18,"turns":5},{"damage":9,"enemies":"3 Byrds","floor":20,"turns":4},{"damage":25,"enemies":"Cultist and Chosen","floor":22,"turns":6},{"damage":0,"enemies":"Snecko","floor":25,"turns":1}],"seed_played":"-4225270581973330839","potions_obtained":[{"floor":11,"key":"SpeedPotion"},{"floor":16,"key":"LiquidMemories"},{"floor":18,"key":"Explosive Potion"}],"is_trial":false,"path_per_floor":["M","M","?","?","$","E","R","$","T","M","M","?","R","M","R","B",null,"M","?","M","$","M","R","?","M"],"character_chosen":"DEFECT","items_purchased":["Oddly Smooth Stone","Melter"],"campfire_rested":1,"item_purchase_floors":[5,8],"current_hp_per_floor":[71,70,63,52,52,30,30,30,30,37,28,21,21,21,58,25,63,54,54,52,52,34,34,34,34,34],"gold":246,"neow_bonus":"BOSS_RELIC","is_daily":false,"chose_seed":false,"campfire_upgraded":3,"win_rate":0.0,"timestamp":1612098835,"path_taken":["M","M","?","?","$","E","R","?","T","M","?","?","R","M","R","BOSS","M","?","M","$","M","R","?","M"],"items_purchased_type":["Relic","Card"],"build_version":"2020-12-22","purchased_purges":2,"victory":false,"max_hp_per_floor":[75,75,75,75,75,75,75,75,75,75,75,75,75,75,75,75,75,75,75,75,75,75,75,75,75,75],"card_choices":[{"not_picked":["Hologram","Compile Driver"],"picked":"Redo","floor":1},{"not_picked":["Blizzard","Hologram"],"picked":"BootSequence","floor":2},{"not_picked":["Steam","Coolheaded"],"picked":"Self Repair","floor":6},{"not_picked":["Stack","Ball Lightning"],"picked":"Reinforced Body","floor":10},{"not_picked":["Stack","Rebound","Beam Cell"],"picked":"SKIP","floor":11},{"not_picked":["Fusion","Gash"],"picked":"Lockon","floor":14},{"not_picked":["Amplify","Fission"],"picked":"Machine Learning","floor":16},{"not_picked":["White Noise","Rebound+1"],"picked":"Reinforced Body","floor":18},{"not_picked":["Ball Lightning","Cold Snap+1","Compile Driver"],"picked":"SKIP","floor":20},{"not_picked":["Scrape","Conserve Battery"],"picked":"Double Energy","floor":22}],"player_experience":434849,"relics_obtained":[{"floor":0,"key":"Smiling Mask"},{"floor":0,"key":"Symbiotic Virus"},{"floor":0,"key":"Ice Cream"},{"floor":6,"key":"Shuriken"},{"floor":9,"key":"Bag of Marbles"}],"event_choices":[{"damage_healed":0,"gold_gain":0,"player_choice":"Success","damage_taken":7,"relics_obtained":["Regal Pillow"],"max_hp_gain":0,"max_hp_loss":0,"event_name":"Scrap Ooze","floor":3,"gold_loss":0},{"damage_healed":0,"gold_gain":75,"player_choice":"Gather Gold","damage_taken":11,"max_hp_gain":0,"max_hp_loss":0,"event_name":"World of Goop","floor":4,"gold_loss":0},{"cards_removed":["Defend_B"],"damage_healed":0,"gold_gain":0,"player_choice":"Card Removal","damage_taken":7,"max_hp_gain":0,"max_hp_loss":0,"event_name":"Golden Wing","floor":12,"gold_loss":0},{"damage_healed":0,"gold_gain":0,"player_choice":"Ignored","damage_taken":0,"max_hp_gain":0,"max_hp_loss":0,"event_name":"Vampires","floor":19,"gold_loss":0},{"damage_healed":0,"gold_gain":99,"player_choice":"Stole From Cult","damage_taken":0,"max_hp_gain":0,"max_hp_loss":0,"event_name":"Nest","floor":24,"gold_loss":0}],"is_beta":false,"boss_relics":[{"not_picked":["SacredBark","Ectoplasm"],"picked":"SlaversCollar"}],"items_purged_floors":[5,21],"is_endless":false,"potions_floor_spawned":[11,16,18],"killed_by":"Snecko","ascension_level":5}}