{"host":"Qube","time":1612120635,"event":{"mods":["AchievementEnabler","BaseMod","Colored Map","Colored Powertips","Highlight Path","Minty Spire (QoL Compilation)","Permanent Neow","Quick Restart","Random Character Button","StSLib"],"gold_per_floor":[367,367,28,43,53,53,68,68,117,150,225,292,27,40,40,118,118,118,118],"floor_reached":18,"language":"ENG","playtime":655,"items_purged":["Doubt"],"score":320,"play_id":"dca07008-b9a0-41e0-bc27-2cad4ad87ed9","local_time":"20210131111715","is_ascension_mode":true,"campfire_choices":[{"data":"Bash","floor":6.0,"key":"SMITH"},{"data":"Whirlwind","floor":8,"key":"SMITH"},{"data":"Fire Breathing","floor":15,"key":"SMITH"}],"circlet_count":0,"master_deck":["AscendersBane","Strike_R","Strike_R","Strike_R","Defend_R","Defend_R","Defend_R","Bash+1","True Grit+1","Reaper","Battle Trance","Combust","Clothesline","Whirlwind+1","Power Through","Fire Breathing+1","Demon Form","Infernal Blade+1","Dark Embrace+1","Clothesline+1"],"relics":["Burning Blood","Juzu Bracelet","Bag of Marbles","White Beast Statue","Astrolabe"],"acts_visited":["Exordium","TheCity"],"potions_floor_usage":[7,10,14,16,16,18],"damage_taken":[{"damage":7.0,"enemies":"Small Slimes","floor":1.0,"turns":5.0},{"damage":17.0,"enemies":"Cultist","floor":4.0,"turns":4.0},{"damage":18.0,"enemies":"Jaw Worm","floor":5.0,"turns":5.0},{"damage":17,"enemies":"2 Fungi Beasts","floor":7,"turns":3},{"damage":27,"enemies":"Gremlin Nob","floor":10,"turns":4},{"damage":1,"enemies":"Blue Slaver","floor":14,"turns":4},{"damage":6,"enemies":"Slime Boss","floor":16,"turns":6},{"damage":26,"enemies":"Spheric Guardian","floor":18,"turns":5}],"seed_played":"-3106371218714047046","potions_obtained":[{"floor":4.0,"key":"Swift Potion"},{"floor":5.0,"key":"AttackPotion"},{"floor":7,"key":"Explosive Potion"},{"floor":10,"key":"Block Potion"},{"floor":14,"key":"LiquidMemories"},{"floor":16,"key":"AttackPotion"}],"is_trial":false,"path_per_floor":["M","?","$","M","M","R","M","R","T","E","?","?","$","M","R","B",null,"M"],"character_chosen":"IRONCLAD","items_purchased":["Reaper","Battle Trance","White Beast Statue"],"campfire_rested":0,"item_purchase_floors":[3,3,13],"current_hp_per_floor":[67,67,67,56,48,48,45,45,45,30,19,19,19,30,30,30,64,38,38],"gold":118,"neow_bonus":"TWO_FIFTY_GOLD","is_daily":false,"chose_seed":false,"campfire_upgraded":3,"win_rate":0.0,"timestamp":1612120635,"path_taken":["M","?","$","M","M","R","M","R","T","E","?","?","$","M","R","BOSS","M"],"items_purchased_type":["Card","Card","Relic"],"build_version":"2020-12-18","purchased_purges":1,"victory":false,"max_hp_per_floor":[75,75,75,75,75,75,75,75,75,75,75,75,75,75,75,75,75,75,75],"card_choices":[{"not_picked":["Havoc","Metallicize"],"picked":"True Grit","floor":1.0},{"not_picked":["Warcry","Clash"],"picked":"Combust","floor":4.0},{"not_picked":["True Grit","Body Slam"],"picked":"Clothesline","floor":5.0},{"not_picked":["Ghostly Armor","Spot Weakness"],"picked":"Whirlwind","floor":7},{"not_picked":["Anger","Heavy Blade"],"picked":"Power Through","floor":10},{"not_picked":["Body Slam","Armaments"],"picked":"Fire Breathing","floor":14},{"not_picked":["Brutality","Berserk"],"picked":"Demon Form","floor":16}],"player_experience":1025905,"relics_obtained":[{"floor":9,"key":"Juzu Bracelet"},{"floor":10,"key":"Bag of Marbles"}],"event_choices":[{"damage_healed":0.0,"max_hp_gain":0.0,"max_hp_loss":0.0,"gold_gain":0.0,"event_name":"Upgrade Shrine","player_choice":"Upgraded","floor":2.0,"gold_loss":0.0,"damage_taken":0.0,"cards_upgraded":["True Grit"]},{"damage_healed":0,"gold_gain":75,"player_choice":"Gather Gold","damage_taken":11,"max_hp_gain":0,"max_hp_loss":0,"event_name":"World of Goop","floor":11,"gold_loss":0},{"damage_healed":0,"gold_gain":67,"player_choice":"Gained Gold","damage_taken":0,"max_hp_gain":0,"max_hp_loss":0,"event_name":"Golden Wing","floor":12,"gold_loss":0}],"is_beta":true,"boss_relics":[{"not_picked":["Cursed Key","Ectoplasm"],"picked":"Astrolabe"}],"items_purged_floors":[3],"is_endless":false,"potions_floor_spawned":[4,5,7,10,14,16],"killed_by":"Spheric Guardian","ascension_level":20}}