{"host":"t8facflq355xg1wc","time":1612114093,"event":{"mods":["AchievementEnabler","BaseMod","DeckTracker","Minty Spire (QoL Compilation)","StSLib","SuperFastMode"],"gold_per_floor":[119,135,135,146,96,122,172,191,215,231,244,244,259,14,14,119,119,136,136,136,152,171,201,58,58,58,58,58,58,85,95,95,95,95],"floor_reached":33,"language":"KOR","playtime":4126,"items_purged":[],"score":312,"play_id":"ad7f3138-4a10-4683-b961-f8ceff990c5e","local_time":"20210201022813","is_ascension_mode":false,"campfire_choices":[{"data":"Calculated Gamble","floor":15,"key":"SMITH"},{"data":"Neutralize","floor":29,"key":"SMITH"},{"data":"After Image","floor":32,"key":"SMITH"}],"circlet_count":0,"master_deck":["Strike_G","Strike_G","Strike_G+1","Defend_G","Defend_G","Defend_G","Defend_G","Defend_G","Survivor","Neutralize+1","Backstab","Dash+1","Blade Dance","PiercingWail","Dagger Throw","Blur","Calculated Gamble+1","Dagger Spray","After Image+1","RitualDagger","Glass Knife","Underhanded Strike+1","Blur+1","Backflip","Shame","Heel Hook","Choke","Flechettes"],"relics":["Ring of the Serpent","Boot","Lantern","PreservedInsect","Sundial","Juzu Bracelet","Strange Spoon","Question Card","InkBottle","Blood Vial"],"acts_visited":["Exordium","TheCity"],"potions_floor_usage":[0,16,16,22,30,31],"damage_taken":[{"damage":0,"enemies":"2 Louse","floor":1,"turns":2},{"damage":0,"enemies":"Jaw Worm","floor":2,"turns":7},{"damage":2,"enemies":"Small Slimes","floor":4,"turns":3},{"damage":4,"enemies":"Gremlin Nob","floor":6,"turns":4},{"damage":4,"enemies":"2 Fungi Beasts","floor":8,"turns":3},{"damage":0,"enemies":"3 Louse","floor":10,"turns":2},{"damage":0,"enemies":"Blue Slaver","floor":11,"turns":3},{"damage":2,"enemies":"Gremlin Gang","floor":13,"turns":4},{"damage":19,"enemies":"The Guardian","floor":16,"turns":15},{"damage":2,"enemies":"2 Thieves","floor":18,"turns":3},{"damage":7,"enemies":"Shell Parasite","floor":21,"turns":5},{"damage":8,"enemies":"Snake Plant","floor":22,"turns":5},{"damage":0,"enemies":"Gremlin Leader","floor":23,"turns":4},{"damage":7,"enemies":"Book of Stabbing","floor":30,"turns":5},{"damage":6,"enemies":"Centurion and Healer","floor":31,"turns":2},{"damage":62,"enemies":"Collector","floor":33,"turns":16}],"seed_played":"-5329005566568382776","potions_obtained":[{"floor":0,"key":"Weak Potion"},{"floor":0,"key":"Fruit Juice"},{"floor":0,"key":"AttackPotion"},{"floor":2,"key":"SteroidPotion"},{"floor":11,"key":"Weak Potion"},{"floor":16,"key":"Energy Potion"},{"floor":30,"key":"SkillPotion"}],"is_trial":false,"path_per_floor":["M","M","?","M","?","E","?","M","T","M","M","?","M","$","R","B",null,"M","?","?","M","M","E","$","?","T","?","?","R","E","M","R","B"],"character_chosen":"THE_SILENT","items_purchased":["Sundial","Strange Spoon"],"campfire_rested":0,"item_purchase_floors":[14,24],"current_hp_per_floor":[75,75,75,73,73,69,69,65,65,65,65,50,48,48,48,29,75,73,67,67,60,52,52,52,52,52,52,52,52,45,41,41,0,0],"gold":95,"neow_bonus":"THREE_SMALL_POTIONS","is_daily":false,"chose_seed":false,"campfire_upgraded":3,"win_rate":0.0,"timestamp":1612114093,"path_taken":["M","M","?","M","?","E","?","M","T","M","?","?","M","$","R","BOSS","M","?","?","M","M","E","?","?","T","?","?","R","E","M","R","BOSS"],"items_purchased_type":["Relic","Relic"],"build_version":"2020-12-22","purchased_purges":0,"victory":false,"max_hp_per_floor":[75,75,75,75,75,75,75,75,75,75,75,75,75,75,75,75,75,75,75,75,75,75,75,75,75,75,75,75,75,75,75,75,75,75],"card_choices":[{"not_picked":["Tactician","Flying Knee"],"picked":"Backstab","floor":1},{"not_picked":["Underhanded Strike","Sucker Punch"],"picked":"Dash","floor":2},{"not_picked":["Acrobatics","Sucker Punch"],"picked":"Blade Dance","floor":4},{"not_picked":["Deadly Poison","Slice"],"picked":"PiercingWail","floor":6},{"not_picked":["Slice","Poisoned Stab"],"picked":"Dagger Throw","floor":8},{"not_picked":["Skewer","Slice"],"picked":"Blur","floor":10},{"not_picked":["Eviscerate","Outmaneuver"],"picked":"Calculated Gamble","floor":11},{"not_picked":["Well Laid Plans","Catalyst"],"picked":"Dagger Spray","floor":13},{"not_picked":["Adrenaline","A Thousand Cuts"],"picked":"After Image","floor":16},{"not_picked":["Prepared","Dodge and Roll"],"picked":"Glass Knife","floor":21},{"not_picked":["Noxious Fumes","Catalyst"],"picked":"Underhanded Strike+1","floor":22},{"not_picked":["Dagger Throw","Slice+1"],"picked":"Blur+1","floor":23},{"not_picked":["Glass Knife","PiercingWail+1","Sucker Punch","Poisoned Stab"],"picked":"SKIP","floor":30},{"not_picked":["Heel Hook","Deadly Poison","Flying Knee+1"],"picked":"Flechettes","floor":31}],"player_experience":63852,"relics_obtained":[{"floor":6,"key":"Lantern"},{"floor":9,"key":"PreservedInsect"},{"floor":23,"key":"Juzu Bracelet"},{"floor":26,"key":"Question Card"},{"floor":30,"key":"Blood Vial"}],"event_choices":[{"damage_healed":0,"gold_gain":0,"player_choice":"Box","damage_taken":0,"relics_obtained":["Boot"],"max_hp_gain":0,"max_hp_loss":0,"event_name":"Big Fish","floor":3,"gold_loss":0,"cards_obtained":["Regret"]},{"cards_removed":["Regret"],"damage_healed":0,"gold_gain":0,"player_choice":"Card Removal","damage_taken":0,"max_hp_gain":0,"max_hp_loss":0,"event_name":"The Cleric","floor":5,"gold_loss":50},{"damage_healed":0,"gold_gain":50,"player_choice":"Gained Gold","damage_taken":0,"max_hp_gain":0,"max_hp_loss":0,"event_name":"Golden Wing","floor":7,"gold_loss":0},{"damage_healed":0,"gold_gain":0,"player_choice":"Entered Light","damage_taken":15,"max_hp_gain":0,"max_hp_loss":0,"event_name":"Shining Light","floor":12,"gold_loss":0,"cards_upgraded":["Dash","Strike_G"]},{"damage_healed":0,"gold_gain":0,"player_choice":"Joined the Cult","damage_taken":6,"max_hp_gain":0,"max_hp_loss":0,"event_name":"Nest","floor":19,"gold_loss":0,"cards_obtained":["RitualDagger"]},{"damage_healed":0,"gold_gain":0,"player_choice":"Ignored","damage_taken":0,"max_hp_gain":0,"max_hp_loss":0,"event_name":"Ghosts","floor":20,"gold_loss":0},{"damage_healed":0,"gold_gain":0,"player_choice":"Read","damage_taken":0,"max_hp_gain":0,"max_hp_loss":0,"event_name":"The Library","floor":25,"gold_loss":0,"cards_obtained":["Backflip"]},{"damage_healed":0,"gold_gain":0,"player_choice":"Stole Relic","damage_taken":0,"relics_obtained":["InkBottle"],"max_hp_gain":0,"max_hp_loss":0,"event_name":"Addict","floor":27,"gold_loss":0,"cards_obtained":["Shame"]},{"damage_healed":0,"gold_gain":0,"cards_transformed":["Strike_G","Strike_G"],"player_choice":"Became Test Subject","damage_taken":0,"max_hp_gain":0,"max_hp_loss":0,"event_name":"Drug Dealer","floor":28,"gold_loss":0,"cards_obtained":["Heel Hook","Choke"]}],"is_beta":false,"boss_relics":[{"not_picked":["Velvet Choker","Coffee Dripper"],"picked":"Ring of the Serpent"}],"items_purged_floors":[],"is_endless":false,"potions_floor_spawned":[2,4,10,11,16,30],"killed_by":"Collector","ascension_level":0}}