{"host":"4qkvkh7pd9qr2mca","time":1612109199,"event":{"mods":["AchievementEnabler","Act Like it!","BaseMod","Colored Map","Colored Powertips","Highlight Path","Minty Spire (QoL Compilation)","Pale of the Ancients","Permanent Neow","Quick Restart","Relic Stats","StSLib","SuperFastMode"],"gold_per_floor":[110,110,133,158,181,222,372,413,413,413,428,466,491,491,491],"floor_reached":14,"language":"ENG","playtime":709,"items_purged":[],"score":204,"play_id":"dc94888a-cb77-43b9-9ad5-d6cd7c99fda1","local_time":"20210131170639","is_ascension_mode":true,"campfire_choices":[{"floor":10,"key":"REST"}],"circlet_count":0,"master_deck":["AscendersBane","Strike_G","Strike_G","Strike_G","Strike_G","Strike_G","Defend_G","Defend_G","Defend_G","Defend_G","Defend_G","Survivor","Neutralize","Adrenaline","Cloak And Dagger","Poisoned Stab","Bouncing Flask","Malaise","Doubt","Catalyst","Blade Dance","Predator"],"relics":["Ring of the Snake","Golden Idol","Nunchaku","Matryoshka","Bag of Marbles","Paper Crane","Odd Mushroom"],"acts_visited":["Exordium"],"potions_floor_usage":[8,8,13],"damage_taken":[{"damage":2.0,"enemies":"2 Louse","floor":1.0,"turns":4.0},{"damage":7.0,"enemies":"Jaw Worm","floor":3.0,"turns":6.0},{"damage":1.0,"enemies":"Small Slimes","floor":4.0,"turns":3.0},{"damage":1.0,"enemies":"Looter","floor":5.0,"turns":4.0},{"damage":16.0,"enemies":"Lagavulin","floor":6.0,"turns":5.0},{"damage":27,"enemies":"Gremlin Nob","floor":8,"turns":4},{"damage":8,"enemies":"3 Louse","floor":11,"turns":4},{"damage":23,"enemies":"The Mushroom Lair","floor":12,"turns":5},{"damage":5,"enemies":"Exordium Wildlife","floor":13,"turns":4},{"damage":25,"enemies":"3 Sentries","floor":14,"turns":8}],"seed_played":"-9104926136890852751","potions_obtained":[{"floor":3.0,"key":"Strength Potion"},{"floor":5.0,"key":"Block Potion"},{"floor":8,"key":"FairyPotion"},{"floor":11,"key":"Regen Potion"}],"is_trial":false,"path_per_floor":["M","?","M","M","M","E","?","E","T","R","M","?","M","E"],"character_chosen":"THE_SILENT","items_purchased":[],"campfire_rested":1,"item_purchase_floors":[],"current_hp_per_floor":[57,57,50,49,48,32,32,5,5,23,15,18,27,2,2],"gold":491,"neow_bonus":"ONE_RANDOM_RARE_CARD","is_daily":false,"chose_seed":false,"campfire_upgraded":0,"win_rate":0.0,"timestamp":1612109199,"path_taken":["M","?","M","M","M","E","?","E","T","R","M","?","M","E"],"items_purchased_type":[],"build_version":"2020-12-22","purchased_purges":0,"victory":false,"max_hp_per_floor":[66,60,60,60,60,60,60,60,60,60,60,60,60,60,60],"relic_stats":{"Nunchaku":[4],"counters":[10,47],"Golden Idol":47,"obtain_stats":[{"Nunchaku":6,"Matryoshka":8,"Golden Idol":2,"Bag of Marbles":9,"Paper Crane":9,"Odd Mushroom":12,"Ring of the Snake":0},{"Nunchaku":5,"Matryoshka":6,"Golden Idol":1,"Bag of Marbles":6,"Paper Crane":6,"Odd Mushroom":8,"Ring of the Snake":0},{"Nunchaku":22,"Matryoshka":26,"Golden Idol":4,"Bag of Marbles":26,"Paper Crane":26,"Odd Mushroom":35,"Ring of the Snake":0}],"Ring of the Snake":[20]},"card_choices":[{"not_picked":["Quick Slash","Setup","Outmaneuver"],"picked":"SKIP","floor":1.0},{"not_picked":["Tactician","Bane"],"picked":"Cloak And Dagger","floor":3.0},{"not_picked":["Acrobatics","Backflip"],"picked":"Poisoned Stab","floor":4.0},{"not_picked":["Quick Slash","Underhanded Strike"],"picked":"Bouncing Flask","floor":5.0},{"not_picked":["Endless Agony","Poisoned Stab"],"picked":"Malaise","floor":6.0},{"not_picked":["Flying Knee","Underhanded Strike","Quick Slash"],"picked":"SKIP","floor":8},{"not_picked":["Dagger Throw","Dodge and Roll"],"picked":"Catalyst","floor":11},{"not_picked":["Quick Slash","Finisher"],"picked":"Blade Dance","floor":12},{"not_picked":["Dash","Prepared"],"picked":"Predator","floor":13}],"player_experience":592324,"relics_obtained":[{"floor":6.0,"key":"Nunchaku"},{"floor":8,"key":"Matryoshka"},{"floor":9,"key":"Bag of Marbles"},{"floor":9,"key":"Paper Crane"},{"floor":12,"key":"Odd Mushroom"}],"event_choices":[{"damage_healed":0.0,"max_hp_gain":0.0,"max_hp_loss":6.0,"gold_gain":0.0,"event_name":"Golden Idol","player_choice":"Lose Max HP","floor":2.0,"gold_loss":0.0,"damage_taken":0.0,"relics_obtained":["Golden Idol"]},{"damage_healed":0.0,"max_hp_gain":0.0,"max_hp_loss":0.0,"gold_gain":150.0,"event_name":"Liars Game","player_choice":"AGREE","floor":7.0,"gold_loss":0.0,"damage_taken":0.0,"cards_obtained":["Doubt"]},{"damage_healed":0,"gold_gain":0,"player_choice":"Fought Mushrooms","damage_taken":0,"max_hp_gain":0,"max_hp_loss":0,"event_name":"Mushrooms","floor":12,"gold_loss":0}],"is_beta":false,"boss_relics":[],"items_purged_floors":[],"is_endless":false,"potions_floor_spawned":[3,5,8,11],"killed_by":"3 Sentries","ascension_level":20}}