{"host":"soyfmymeou4emntr","time":1612062532,"event":{"mods":["BaseMod","BetterRewards","Minty Spire (QoL Compilation)","Relic Sorter","Relic Stats","StSLib"],"gold_per_floor":[116,5,20,20,20,47,67,94,94,10,10,20,20,45,45,134,134,157,182,182,182,182],"floor_reached":21,"language":"ENG","playtime":836,"items_purged":[],"score":428,"play_id":"9ebb9d5c-f89d-48b0-a490-74bee49e3f65","local_time":"20210130200852","is_ascension_mode":true,"campfire_choices":[{"floor":11.0,"key":"REST"},{"data":"Rupture","floor":15.0,"key":"SMITH"}],"circlet_count":0,"master_deck":["AscendersBane","Strike_R","Strike_R","Strike_R","Strike_R","Strike_R","Defend_R","Defend_R","Defend_R+1","Defend_R","Bash+1","Feel No Pain","Hemokinesis","Shrug It Off","Anger","Cleave","True Grit","Sword Boomerang","Disarm","Rupture+1","Demon Form","Dual Wield"],"relics":["Burning Blood","NeowsBlessing","Ornamental Fan","Blood Vial","Vajra","Mercury Hourglass","Golden Idol","Runic Pyramid","Nilry\u0027s Codex"],"acts_visited":["Exordium","TheCity"],"potions_floor_usage":[16,16,19],"damage_taken":[{"damage":0.0,"enemies":"Small Slimes","floor":1.0,"turns":1.0},{"damage":0.0,"enemies":"2 Louse","floor":3.0,"turns":2.0},{"damage":0.0,"enemies":"Gremlin Nob","floor":6.0,"turns":1.0},{"damage":8.0,"enemies":"Cultist","floor":7.0,"turns":3.0},{"damage":29.0,"enemies":"Lagavulin","floor":8.0,"turns":5.0},{"damage":3.0,"enemies":"Looter","floor":12.0,"turns":3.0},{"damage":6.0,"enemies":"Large Slime","floor":14.0,"turns":2.0},{"damage":46,"enemies":"The Guardian","floor":16,"turns":14},{"damage":19,"enemies":"2 Thieves","floor":18,"turns":5},{"damage":18,"enemies":"3 Byrds","floor":19,"turns":5},{"damage":19,"enemies":"Snake Plant","floor":21,"turns":1}],"seed_played":"4278609184536496504","potions_obtained":[{"floor":3.0,"key":"LiquidBronze"},{"floor":8.0,"key":"Fruit Juice"},{"floor":18,"key":"GamblersBrew"}],"is_trial":false,"path_per_floor":["M","$","M","?","?","E","M","E","T","$","R","M","?","M","R","B",null,"M","M","?","M"],"character_chosen":"IRONCLAD","items_purchased":["Hemokinesis","Shrug It Off","Disarm"],"campfire_rested":1,"item_purchase_floors":[2,2,10],"current_hp_per_floor":[74,74,75,52,26,32,32,11,11,11,33,38,38,40,40,7,57,46,36,15,0,0],"gold":182,"neow_bonus":"THREE_ENEMY_KILL","is_daily":false,"chose_seed":false,"campfire_upgraded":1,"win_rate":0.0,"timestamp":1612062532,"path_taken":["M","$","M","?","?","E","M","E","T","$","R","M","?","M","R","BOSS","M","M","?","M"],"items_purchased_type":["Card","Card","Card"],"build_version":"2020-12-22","purchased_purges":0,"victory":false,"max_hp_per_floor":[75,75,75,75,75,75,75,75,75,75,75,75,68,68,68,73,73,73,73,73,73,73],"relic_stats":{"Blood Vial":16,"counters":[11,42],"Ornamental Fan":[36],"Golden Idol":33,"obtain_stats":[{"Blood Vial":6,"NeowsBlessing":0,"Ornamental Fan":5,"Golden Idol":13,"Nilry\u0027s Codex":20,"Vajra":8,"Burning Blood":0,"Mercury Hourglass":9,"Runic Pyramid":17},{"Blood Vial":3,"NeowsBlessing":0,"Ornamental Fan":2,"Golden Idol":6,"Nilry\u0027s Codex":10,"Vajra":5,"Burning Blood":0,"Mercury Hourglass":5,"Runic Pyramid":8},{"Blood Vial":4,"NeowsBlessing":0,"Ornamental Fan":3,"Golden Idol":15,"Nilry\u0027s Codex":41,"Vajra":12,"Burning Blood":0,"Mercury Hourglass":12,"Runic Pyramid":31}],"Burning Blood":55,"Mercury Hourglass":[105]},"card_choices":[{"not_picked":["Body Slam","Sever Soul"],"picked":"Feel No Pain","floor":1.0},{"not_picked":["Perfected Strike","Whirlwind"],"picked":"Anger","floor":3.0},{"not_picked":["Clothesline","Second Wind"],"picked":"Cleave","floor":6.0},{"not_picked":["Anger","Iron Wave"],"picked":"True Grit","floor":7.0},{"not_picked":["Whirlwind","Havoc"],"picked":"Sword Boomerang","floor":8.0},{"not_picked":["Iron Wave","Infernal Blade","Body Slam"],"picked":"SKIP","floor":12.0},{"not_picked":["Second Wind","Whirlwind"],"picked":"Rupture","floor":14.0},{"not_picked":["Fiend Fire","Juggernaut"],"picked":"Demon Form","floor":16},{"not_picked":["Headbutt","Iron Wave","Twin Strike"],"picked":"SKIP","floor":18},{"not_picked":["Second Wind","Rampage"],"picked":"Dual Wield","floor":19}],"player_experience":2941934,"relics_obtained":[{"floor":6.0,"key":"Blood Vial"},{"floor":8.0,"key":"Vajra"},{"floor":9.0,"key":"Mercury Hourglass"},{"floor":20,"key":"Nilry\u0027s Codex"}],"event_choices":[{"damage_healed":0.0,"max_hp_gain":0.0,"max_hp_loss":0.0,"gold_gain":0.0,"event_name":"Shining Light","player_choice":"Entered Light","floor":4.0,"gold_loss":0.0,"damage_taken":23.0,"cards_upgraded":["Bash","Defend_R"]},{"damage_healed":0.0,"max_hp_gain":0.0,"max_hp_loss":0.0,"gold_gain":0.0,"event_name":"Scrap Ooze","player_choice":"Success","floor":5.0,"gold_loss":0.0,"damage_taken":26.0,"relics_obtained":["Ornamental Fan"]},{"damage_healed":0.0,"max_hp_gain":0.0,"max_hp_loss":7.0,"gold_gain":0.0,"event_name":"Golden Idol","player_choice":"Lose Max HP","floor":13.0,"gold_loss":0.0,"damage_taken":0.0,"relics_obtained":["Golden Idol"]},{"damage_healed":0,"gold_gain":0,"player_choice":"Obtained Book","damage_taken":21,"max_hp_gain":0,"max_hp_loss":0,"event_name":"Cursed Tome","floor":20,"gold_loss":0}],"is_beta":false,"boss_relics":[{"not_picked":["SacredBark","Astrolabe"],"picked":"Runic Pyramid"}],"items_purged_floors":[],"is_endless":false,"potions_floor_spawned":[3,8,14,18],"killed_by":"Snake Plant","ascension_level":20}}