{"host":"toh0bbw446wnuexf","time":1612131978,"event":{"mods":["BaseMod","Downfall","Hermit","Minty Spire (QoL Compilation)","Random Character Button","StSLib"],"gold_per_floor":[99,99,38,54,54,54,81,81,113,126,156,174,208,227,243,243,243,243],"floor_reached":16,"language":"ENG","playtime":1239,"items_purged":[],"score":116,"play_id":"50fc14b5-9a72-4b84-ae6e-9e95745ac272","local_time":"20210201112618","is_ascension_mode":true,"campfire_choices":[],"circlet_count":0,"master_deck":["sneckomod:Strike","sneckomod:Strike","sneckomod:Strike","sneckomod:Defend","sneckomod:Defend","sneckomod:Defend","sneckomod:TailWhip","sneckomod:SnekBite+1","sneckomod:UnknownRareAttack","Flechettes","sneckomod:DefensiveFlair","sneckomod:SerpentIdol+1","Survivor","champ:BerserkerStyle","sneckomod:UnknownCommonSkill","sneckomod:Unknown0Cost","sneckomod:UnknownUncommonSkill","sneckomod:UnknownStrength"],"relics":["sneckomod:SneckoSoul","Bag of Preparation","Bag of Marbles","Odd Mushroom","PreservedInsect"],"acts_visited":["Exordium"],"potions_floor_usage":[16,16,16],"damage_taken":[{"damage":10,"enemies":"downfall:FleeingMerchant","floor":3,"turns":4},{"damage":0,"enemies":"2 Louse","floor":4,"turns":2},{"damage":21,"enemies":"Gremlin Nob","floor":9,"turns":4},{"damage":0,"enemies":"Cultist","floor":10,"turns":1},{"damage":9,"enemies":"The Mushroom Lair","floor":11,"turns":5},{"damage":0,"enemies":"Small Slimes","floor":12,"turns":1},{"damage":5,"enemies":"3 Sentries","floor":13,"turns":7},{"damage":0,"enemies":"2 Fungi Beasts","floor":14,"turns":2},{"damage":7,"enemies":"3 Louse","floor":15,"turns":3},{"damage":54,"enemies":"IC_STATUS_ARCHETYPE","floor":16,"turns":8}],"seed_played":"2141156012080787895","potions_obtained":[{"floor":9,"key":"Weak Potion"},{"floor":10,"key":"Strength Potion"},{"floor":11,"key":"sneckomod:MuddlingPotion"},{"floor":13,"key":"Fire Potion"}],"is_trial":false,"path_per_floor":["R","?","$","M","?","R","T","R","E","M","?","M","E","M","M","B"],"character_chosen":"THE_SNECKO","items_purchased":["sneckomod:UnknownBlock"],"campfire_rested":0,"item_purchase_floors":[3],"current_hp_per_floor":[81,81,71,71,71,71,71,71,50,50,41,41,36,36,36,0,0,0],"gold":243,"neow_bonus":"THREE_RARE_CARDS","is_daily":false,"chose_seed":false,"campfire_upgraded":0,"win_rate":0.0,"timestamp":1612131978,"path_taken":["R","?","$","?","?","R","T","R","E","M","?","M","E","M","M","BOSS"],"items_purchased_type":["Card"],"build_version":"2020-12-22","purchased_purges":0,"victory":false,"max_hp_per_floor":[81,81,81,81,81,81,81,81,81,81,81,81,81,81,81,81,81,81],"card_choices":[{"not_picked":["sneckomod:UnknownRareSkill","sneckomod:DangerNoodle"],"picked":"sneckomod:UnknownRareAttack","floor":0},{"not_picked":["sneckomod:Nope","sneckomod:DiceBlock"],"picked":"sneckomod:DefensiveFlair","floor":3},{"not_picked":["sneckomod:QuickBite","sneckomod:UnknownCommonSkill"],"picked":"sneckomod:SerpentIdol","floor":4},{"not_picked":["sneckomod:TrashToTreasure","sneckomod:UnknownCommonSkill","sneckomod:UnknownStrike"],"picked":"SKIP","floor":9},{"not_picked":["sneckomod:TrashToTreasure","sneckomod:UnknownStrike"],"picked":"sneckomod:UnknownCommonSkill","floor":9},{"not_picked":["sneckomod:UnknownCommonSkill","sneckomod:UnknownBlock"],"picked":"sneckomod:Unknown0Cost","floor":10},{"not_picked":["sneckomod:RainOfDice","sneckomod:DiceCrush"],"picked":"sneckomod:UnknownUncommonSkill","floor":11},{"not_picked":["sneckomod:UnknownUncommonSkill","sneckomod:UnknownCommonSkill","sneckomod:ImprovisedGuard"],"picked":"SKIP","floor":12},{"not_picked":["sneckomod:IronFang","sneckomod:Transmogrify","sneckomod:Unknown1Cost"],"picked":"SKIP","floor":13},{"not_picked":["sneckomod:UnknownDraw","sneckomod:UnknownStrike","sneckomod:WideSting"],"picked":"SKIP","floor":14},{"not_picked":["sneckomod:QuickMove","sneckomod:Unknown3Cost"],"picked":"sneckomod:UnknownStrength","floor":15}],"player_experience":645359,"relics_obtained":[{"floor":7,"key":"Bag of Preparation"},{"floor":9,"key":"Bag of Marbles"},{"floor":11,"key":"Odd Mushroom"},{"floor":13,"key":"PreservedInsect"}],"event_choices":[{"damage_healed":0,"gold_gain":0,"player_choice":"Forge","damage_taken":0,"max_hp_gain":0,"max_hp_loss":0,"event_name":"Accursed Blacksmith","floor":2,"gold_loss":0,"cards_upgraded":["sneckomod:SnekBite"]},{"damage_healed":0,"gold_gain":0,"player_choice":"Grow","damage_taken":0,"max_hp_gain":0,"max_hp_loss":0,"event_name":"Living Wall","floor":5,"gold_loss":0,"cards_upgraded":["sneckomod:SerpentIdol"]},{"damage_healed":0,"gold_gain":0,"player_choice":"Fought Mushrooms","damage_taken":0,"max_hp_gain":0,"max_hp_loss":0,"event_name":"Mushrooms","floor":11,"gold_loss":0}],"is_beta":false,"boss_relics":[],"items_purged_floors":[],"is_endless":false,"potions_floor_spawned":[9,10,11,13],"killed_by":"IC_STATUS_ARCHETYPE","ascension_level":1}}