{"host":"dcj2yvrgcvh5dl2s","time":1612088401,"event":{"mods":["BaseMod","Bestiary","Better Note","Block Reminder","Colored Powertips","Curses Come First","DeckTracker","Minty Spire (QoL Compilation)","Quick Restart","Rare Cards Sparkle","Relic Stats","StSLib"],"gold_per_floor":[113,133,143,143,153,153,78,78,78,53,53,82,82,117,117,189,189,204,204,129,129,129],"floor_reached":21,"language":"ENG","playtime":437,"items_purged":["Strike_R"],"score":370,"play_id":"d8749e75-7582-488e-8b44-3665dd98930c","local_time":"20210131202001","is_ascension_mode":true,"campfire_choices":[{"data":"Pommel Strike","floor":6,"key":"SMITH"},{"data":"Bash","floor":8,"key":"SMITH"},{"floor":13,"key":"REST"},{"data":"Heavy Blade","floor":15,"key":"SMITH"}],"circlet_count":0,"master_deck":["AscendersBane","Strike_R","Strike_R","Strike_R","Strike_R","Defend_R","Defend_R","Defend_R","Defend_R","Bash+1","Pommel Strike+1","Spot Weakness","Metallicize","Shrug It Off","Heavy Blade+1","Dropkick","Offering","Berserk","Pummel"],"relics":["Burning Blood","NeowsBlessing","Charon\u0027s Ashes","WingedGreaves","Regal Pillow","Magic Flower","Bronze Scales","Cursed Key"],"acts_visited":["Exordium","TheCity"],"potions_floor_usage":[12,16],"damage_taken":[{"damage":0,"enemies":"Small Slimes","floor":1,"turns":1},{"damage":0,"enemies":"Jaw Worm","floor":2,"turns":1},{"damage":0,"enemies":"2 Louse","floor":3,"turns":1},{"damage":16,"enemies":"Looter","floor":5,"turns":3},{"damage":28,"enemies":"Lagavulin","floor":12,"turns":6},{"damage":29,"enemies":"3 Sentries","floor":14,"turns":6},{"damage":38,"enemies":"The Guardian","floor":16,"turns":9},{"damage":24,"enemies":"3 Byrds","floor":18,"turns":3},{"damage":33,"enemies":"Shell Parasite","floor":21,"turns":2}],"seed_played":"-7052038737709476561","potions_obtained":[{"floor":2,"key":"FearPotion"},{"floor":12,"key":"Swift Potion"},{"floor":14,"key":"Ancient Potion"}],"is_trial":false,"path_per_floor":["M","M","M","?","M","R","$","R","T","$","?","E","R","E","R","B",null,"M","?","?","M"],"character_chosen":"IRONCLAD","items_purchased":["Heavy Blade"],"campfire_rested":1,"item_purchase_floors":[10],"current_hp_per_floor":[74,75,75,64,54,54,54,54,54,54,54,32,69,49,49,20,61,46,25,25,0,0],"gold":129,"neow_bonus":"THREE_ENEMY_KILL","is_daily":false,"chose_seed":false,"campfire_upgraded":3,"win_rate":0.0,"timestamp":1612088401,"path_taken":["M","M","M","?","M","R","$","R","T","$","?","E","R","E","R","BOSS","M","?","?","M"],"items_purchased_type":["Card"],"build_version":"2020-12-22","purchased_purges":1,"victory":false,"max_hp_per_floor":[75,75,75,75,75,75,75,75,75,75,75,75,75,75,75,75,75,75,80,80,80,80],"relic_stats":{"Regal Pillow":15,"counters":[9,32],"Bronze Scales":[69],"Magic Flower":[9],"Charon\u0027s Ashes":[38],"Cursed Key":0,"obtain_stats":[{"Regal Pillow":11,"NeowsBlessing":0,"Bronze Scales":14,"Magic Flower":12,"Charon\u0027s Ashes":4,"WingedGreaves":9,"Cursed Key":17,"Burning Blood":0},{"Regal Pillow":4,"NeowsBlessing":0,"Bronze Scales":6,"Magic Flower":5,"Charon\u0027s Ashes":3,"WingedGreaves":4,"Cursed Key":7,"Burning Blood":0},{"Regal Pillow":6,"NeowsBlessing":0,"Bronze Scales":18,"Magic Flower":12,"Charon\u0027s Ashes":3,"WingedGreaves":6,"Cursed Key":27,"Burning Blood":0}],"Burning Blood":46},"card_choices":[{"not_picked":["Anger","Perfected Strike"],"picked":"Pommel Strike","floor":1},{"not_picked":["Spot Weakness","Perfected Strike","Power Through"],"picked":"SKIP","floor":2},{"not_picked":["Perfected Strike","Power Through"],"picked":"Spot Weakness","floor":2},{"not_picked":["True Grit","Headbutt"],"picked":"Metallicize","floor":3},{"not_picked":["Sword Boomerang","Second Wind"],"picked":"Shrug It Off","floor":5},{"not_picked":["Feel No Pain","Ghostly Armor"],"picked":"Dropkick","floor":12},{"not_picked":["Sentinel","Anger"],"picked":"Offering","floor":14},{"not_picked":["Brutality","Fiend Fire"],"picked":"Berserk","floor":16},{"not_picked":["Pommel Strike","Entrench"],"picked":"Pummel","floor":18}],"player_experience":2314815,"relics_obtained":[{"floor":9,"key":"WingedGreaves"},{"floor":12,"key":"Magic Flower"},{"floor":14,"key":"Bronze Scales"}],"event_choices":[{"damage_healed":0,"gold_gain":0,"player_choice":"Success","damage_taken":11,"relics_obtained":["Charon\u0027s Ashes"],"max_hp_gain":0,"max_hp_loss":0,"event_name":"Scrap Ooze","floor":4,"gold_loss":0},{"damage_healed":0,"gold_gain":0,"player_choice":"Box","damage_taken":0,"relics_obtained":["Regal Pillow"],"max_hp_gain":0,"max_hp_loss":0,"event_name":"Big Fish","floor":11,"gold_loss":0,"cards_obtained":["Regret"]},{"damage_healed":0,"gold_gain":0,"player_choice":"Shed Blood","damage_taken":26,"max_hp_gain":5,"max_hp_loss":0,"event_name":"Forgotten Altar","floor":19,"gold_loss":0},{"cards_removed":["Regret"],"damage_healed":0,"gold_gain":0,"player_choice":"Gave Gold","damage_taken":0,"max_hp_gain":0,"max_hp_loss":0,"event_name":"Beggar","floor":20,"gold_loss":75}],"is_beta":false,"boss_relics":[{"not_picked":["Black Star","Philosopher\u0027s Stone"],"picked":"Cursed Key"}],"items_purged_floors":[7],"is_endless":false,"potions_floor_spawned":[2,12,14],"killed_by":"Shell Parasite","ascension_level":20}}