{"host":"xjs3b8lu14idcd3l","time":1612066761,"event":{"mods":["Act Like it!","BaseMod","CapriCore","Friendly Minions","Gensokyo","Kiyohime£®«Âºß£©","Koishi","Marisa£®ÏF”Í°°ƒß¿Ì…≥£©","Minty Spire (QoL Compilation)","Prisma Mod","Reimu£®≤©¿ˆ¡È√Œ£©","Remilia£®¿Ÿ√◊¿Ú—«£©","Replay The Spire","StSLib","The Administrix","The Immortal","The Servant 0.9.4","Youmu£®ªÍ∆«—˝√Œ£©","Yuyuko"],"gold_per_floor":[110,122,122,82,44,44,71,71,94,148,183,199,211,240,240,240,240],"floor_reached":16,"language":"ZHS","playtime":570,"items_purged":[],"score":110,"play_id":"d5ce1771-1d84-42fa-839c-701c217b4dea","local_time":"20210131121921","is_ascension_mode":false,"campfire_choices":[{"data":"Koishi:BloodcurdlingScream","floor":6,"key":"SMITH"},{"floor":15,"key":"DIG"}],"circlet_count":0,"master_deck":["Koishi:BasicStrike","Koishi:BasicStrike","Koishi:BasicStrike","Koishi:BasicDefend","Koishi:BasicDefend","Koishi:BasicDefend","Koishi:BasicDefend","Koishi:Provoke","Koishi:HauntingSlash","Koishi:Untouchable","Koishi:Jaunt","Koishi:BloodcurdlingScream+1","Koishi:VengefulSpirit","Koishi:ReleaseOfTheId","Looming Evil","Koishi:IdleWhim","Koishi:RacingHeart","Koishi:ParalyzingFear","Koishi:SubterraneanRose"],"relics":["Koishi:ImaginaryFriend","Replay:Multitool","PaintedHorse:ReiMu","Replay:Bottled Snecko","Ring of Hypnosis","ReplayTheSpireMod:Ring of Addiction","White Beast Statue","SacredBark","Pen Nib","Strawberry","Orichalcum"],"acts_visited":["Exordium"],"potions_floor_usage":[11,11,12,13,14,16],"damage_taken":[{"damage":1,"enemies":"Jaw Worm","floor":1,"turns":5},{"damage":0,"enemies":"Small Slimes","floor":2,"turns":5},{"damage":22,"enemies":"Gremlin Nob","floor":7,"turns":4},{"damage":1,"enemies":"2 Louse","floor":11,"turns":2},{"damage":1,"enemies":"2 Fungi Beasts","floor":12,"turns":4},{"damage":15,"enemies":"Large Slime","floor":13,"turns":5},{"damage":21,"enemies":"Lagavulin","floor":14,"turns":5},{"damage":24,"enemies":"The Guardian","floor":16,"turns":7}],"seed_played":"-7994905030289531025","potions_obtained":[{"floor":8,"key":"AttackPotion"},{"floor":8,"key":"FearPotion"},{"floor":8,"key":"ColorlessPotion"},{"floor":11,"key":"PowerPotion"},{"floor":12,"key":"Regen Potion"},{"floor":13,"key":"SteroidPotion"},{"floor":14,"key":"Strength Potion"}],"is_trial":false,"path_per_floor":["M","M","?","?","$","R","E","?","T","R","M","M","M","E","R","B"],"character_chosen":"KOISHI","items_purchased":["Koishi:VengefulSpirit"],"campfire_rested":0,"item_purchase_floors":[5],"current_hp_per_floor":[43,45,45,45,45,45,25,25,25,25,25,24,36,24,24,0,0],"gold":240,"neow_bonus":"ONE_RARE_RELIC","is_daily":false,"chose_seed":false,"campfire_upgraded":1,"win_rate":0.0,"timestamp":1612066761,"path_taken":["M","M","?","?","$","R","E","?","T","R","M","M","M","E","R","BOSS"],"items_purchased_type":["Card"],"build_version":"2020-12-22","purchased_purges":0,"victory":false,"max_hp_per_floor":[60,60,60,60,60,60,60,60,60,60,60,60,60,67,67,67,67],"card_choices":[{"not_picked":["Koishi:FleetingPhantom","Koishi:ReflexRadar"],"picked":"Koishi:Untouchable","floor":1},{"not_picked":["Koishi:SubconsciousSweep","Koishi:FleetingPhantom"],"picked":"Koishi:Jaunt","floor":2},{"not_picked":["Koishi:DNAsFlaw","Koishi:ReflexRadar"],"picked":"Koishi:ReleaseOfTheId","floor":7},{"not_picked":["Koishi:HeartfeltFancy","Koishi:PredatoryInstincts"],"picked":"Koishi:IdleWhim","floor":11},{"not_picked":["Koishi:PhantomStrike","Koishi:ImGoingToCallYouNow"],"picked":"Koishi:RacingHeart","floor":12},{"not_picked":["Koishi:CatchAndRose","Koishi:PhantomBarrier"],"picked":"Koishi:ParalyzingFear","floor":13},{"not_picked":["Koishi:ApparitionsStalkTheNight","Koishi:HeartfeltFancy"],"picked":"Koishi:SubterraneanRose","floor":14}],"player_experience":197644,"relics_obtained":[{"floor":7,"key":"Replay:Bottled Snecko"},{"floor":8,"key":"Ring of Hypnosis"},{"floor":8,"key":"ReplayTheSpireMod:Ring of Addiction"},{"floor":8,"key":"White Beast Statue"},{"floor":8,"key":"SacredBark"},{"floor":9,"key":"Pen Nib"},{"floor":14,"key":"Strawberry"},{"floor":15,"key":"Orichalcum"}],"event_choices":[{"damage_healed":0,"gold_gain":0,"cards_transformed":["Koishi:BasicStrike"],"player_choice":"Change","damage_taken":0,"max_hp_gain":0,"max_hp_loss":0,"event_name":"Living Wall","floor":3,"gold_loss":0,"cards_obtained":["Koishi:BloodcurdlingScream"]},{"damage_healed":0,"gold_gain":0,"player_choice":"»˚«Æ","damage_taken":0,"relics_obtained":["PaintedHorse:ReiMu"],"max_hp_gain":0,"max_hp_loss":0,"event_name":"yidonshenshe","floor":4,"gold_loss":40},{"damage_healed":0,"gold_gain":54,"player_choice":"Gained Gold","damage_taken":0,"max_hp_gain":0,"max_hp_loss":0,"event_name":"Golden Wing","floor":10,"gold_loss":0}],"is_beta":false,"boss_relics":[],"items_purged_floors":[],"is_endless":false,"potions_floor_spawned":[11,12,13,14],"killed_by":"The Guardian","ascension_level":0}}