{"host":"klqcd4cqxrk2p1u3","time":1612121546,"event":{"mods":["BaseMod","Downfall","Minty Spire (QoL Compilation)","StSLib"],"gold_per_floor":[99,111,111,125,144,44,44,72,101,131,161,189,201,213,240,252,252,252],"floor_reached":16,"language":"ENG","playtime":2704,"items_purged":[],"score":106,"play_id":"b2d95580-729e-46e4-af8a-8af8ceb2ac06","local_time":"20210131143226","is_ascension_mode":false,"campfire_choices":[{"floor":1,"key":"RECALL"},{"data":"champ:Encircle","floor":6,"key":"SMITH"}],"circlet_count":0,"master_deck":["champ:Strike","champ:Strike","champ:Strike","champ:Strike","champ:Defend","champ:Defend","champ:Defend","champ:Defend","champ:Execute","champ:Taunt","champ:BringItOn","champ:Encircle+1","champ:FancyFootwork","champ:PreciseThrust","champ:Lariat","champ:SetATrap","champ:DefensiveShout","champ:Circumvent"],"relics":["champ:ChampionCrown","downfall:HeartBlessingRed","MawBank"],"acts_visited":["Exordium"],"potions_floor_usage":[16,16,16],"damage_taken":[{"damage":5,"enemies":"Small Slimes","floor":2,"turns":5},{"damage":14,"enemies":"Cultist","floor":4,"turns":5},{"damage":5,"enemies":"Jaw Worm","floor":5,"turns":5},{"damage":22,"enemies":"Gremlin Nob","floor":8,"turns":4},{"damage":10,"enemies":"3 Louse","floor":9,"turns":3},{"damage":10,"enemies":"Blue Slaver","floor":10,"turns":2},{"damage":6,"enemies":"Large Slime","floor":11,"turns":5},{"damage":3,"enemies":"Lots of Slimes","floor":12,"turns":5},{"damage":34,"enemies":"Exordium Thugs","floor":15,"turns":5},{"damage":55,"enemies":"DF_ARCHETYPE_STREAMLINE","floor":16,"turns":9}],"seed_played":"5297177488622008898","potions_obtained":[{"floor":8,"key":"Guardian:BlockOnCardUsePotion"},{"floor":12,"key":"CultistPotion"},{"floor":15,"key":"EssenceOfSteel"}],"is_trial":false,"path_per_floor":["R","M","?","M","M","R","T","E","M","M","M","M","?","?","M","B"],"character_chosen":"THE_CHAMP","items_purchased":[],"campfire_rested":0,"item_purchase_floors":[],"current_hp_per_floor":[99,99,99,95,90,90,90,78,78,78,72,69,69,74,55,0,0,0],"gold":252,"neow_bonus":"TEN_PERCENT_HP_BONUS","is_daily":false,"chose_seed":false,"campfire_upgraded":1,"win_rate":0.0,"timestamp":1612121546,"path_taken":["R","M","?","?","M","R","T","E","M","M","?","M","?","?","M","BOSS"],"items_purchased_type":[],"build_version":"2020-12-22","purchased_purges":0,"victory":false,"max_hp_per_floor":[99,99,99,99,99,99,99,99,99,99,99,99,99,104,104,104,104,104],"card_choices":[{"not_picked":["champ:EnGarde","champ:BerserkersShout"],"picked":"champ:DeathBlow","floor":2},{"not_picked":["champ:GutPunch","champ:FanOfKnives"],"picked":"champ:BringItOn","floor":4},{"not_picked":["champ:Circumvent","champ:BladeFlurry"],"picked":"champ:Encircle","floor":5},{"not_picked":["champ:IgnorePain","champ:PreciseThrust"],"picked":"champ:FancyFootwork","floor":8},{"not_picked":["champ:SetATrap","champ:AdrenalArmor"],"picked":"champ:PreciseThrust","floor":9},{"not_picked":["champ:SetATrap","champ:TornadoPunch"],"picked":"champ:Lariat","floor":10},{"not_picked":["champ:BladeFlurry","champ:IronFortress"],"picked":"champ:SetATrap","floor":11},{"not_picked":["champ:Shatter","champ:Circumvent"],"picked":"champ:DefensiveShout","floor":12},{"not_picked":["champ:BladeFlurry","champ:Lariat"],"picked":"champ:Circumvent","floor":15}],"player_experience":1348125,"relics_obtained":[{"floor":8,"key":"MawBank"}],"event_choices":[{"cards_removed":["champ:DeathBlow"],"damage_healed":0,"gold_gain":0,"player_choice":"Offered Uncommon","damage_taken":0,"max_hp_gain":0,"max_hp_loss":0,"event_name":"Bonfire Elementals","floor":3,"gold_loss":0},{"damage_healed":0,"gold_gain":0,"player_choice":"Donut","damage_taken":0,"max_hp_gain":5,"max_hp_loss":0,"event_name":"Big Fish","floor":14,"gold_loss":0}],"is_beta":false,"boss_relics":[],"items_purged_floors":[],"is_endless":false,"potions_floor_spawned":[8,12,15],"killed_by":"DF_ARCHETYPE_STREAMLINE","ascension_level":0}}