{"host":"yqw1zpryoutrnocq","time":1612052565,"event":{"mods":["2.2 Compatiblity","AchievementEnabler","BaseMod","Colored Map","Custom Start","DeckTracker","Minty Spire (QoL Compilation)","StSLib","SuperFastMode"],"gold_per_floor":[116,130,305,305,380,380,4,31,54,54,31,64,83,99,99,197,197,211,61,336,353,373,373,373],"floor_reached":23,"language":"KOR","playtime":830,"items_purged":["Regret","Doubt"],"score":249,"play_id":"45fa3aba-2017-45c6-9789-827134d94ff9","local_time":"20210130182245","is_ascension_mode":true,"campfire_choices":[{"data":"Survivor","floor":6,"key":"SMITH"},{"floor":10,"key":"REST"},{"data":"Cloak And Dagger","floor":15,"key":"SMITH"}],"circlet_count":0,"master_deck":["Strike_G","Strike_G","Strike_G","Strike_G","Strike_G","Defend_G","Defend_G","Defend_G","Defend_G","Defend_G","Survivor+1","Neutralize","Acrobatics","Footwork","Poisoned Stab","Dodge and Roll","PiercingWail","Escape Plan","Quick Slash","Cloak And Dagger+1","Corpse Explosion","Prepared+1","Poisoned Stab","Regret","Dagger Spray","Blade Dance"],"relics":["Ring of the Snake","Mango","Oddly Smooth Stone","Bronze Scales","Singing Bowl","Blood Vial","Pocketwatch","Coffee Dripper"],"acts_visited":["Exordium","TheCity"],"potions_floor_usage":[8,12,14,23],"damage_taken":[{"damage":10,"enemies":"Cultist","floor":1,"turns":4},{"damage":2,"enemies":"2 Louse","floor":2,"turns":5},{"damage":53,"enemies":"Lagavulin","floor":8,"turns":14},{"damage":18,"enemies":"3 Sentries","floor":12,"turns":13},{"damage":0,"enemies":"Small Slimes","floor":13,"turns":3},{"damage":0,"enemies":"Gremlin Gang","floor":14,"turns":2},{"damage":21,"enemies":"Hexaghost","floor":16,"turns":16},{"damage":4,"enemies":"Shell Parasite","floor":18,"turns":8},{"damage":23,"enemies":"Spheric Guardian","floor":21,"turns":6},{"damage":34,"enemies":"Cultist and Chosen","floor":22,"turns":5},{"damage":14,"enemies":"Book of Stabbing","floor":23,"turns":6}],"seed_played":"2274764251893493751","potions_obtained":[{"floor":2,"key":"Energy Potion"},{"floor":8,"key":"Regen Potion"},{"floor":13,"key":"SkillPotion"},{"floor":21,"key":"GamblersBrew"}],"is_trial":false,"path_per_floor":["M","M","?","?","?","R","$","E","T","R","$","E","M","M","R","B",null,"M","$","?","M","M","E"],"character_chosen":"THE_SILENT","items_purchased":["Poisoned Stab","Bronze Scales","Dodge and Roll","PiercingWail","Quick Slash","Poisoned Stab"],"campfire_rested":1,"item_purchase_floors":[7,7,7,7,11,19],"current_hp_per_floor":[67,65,65,65,54,54,54,1,1,24,24,25,27,31,31,12,64,62,62,62,41,9,0,0],"gold":373,"neow_bonus":"ONE_RARE_RELIC","is_daily":false,"chose_seed":false,"campfire_upgraded":2,"win_rate":0.0,"timestamp":1612052565,"path_taken":["M","M","?","?","?","R","$","E","T","R","$","E","M","M","R","BOSS","M","$","?","M","?","E"],"items_purchased_type":["Card","Relic","Card","Card","Card","Card"],"build_version":"2020-12-22","purchased_purges":2,"victory":false,"max_hp_per_floor":[77,77,77,77,77,77,77,77,77,77,77,79,79,81,81,81,81,81,81,81,81,81,81,81],"card_choices":[{"not_picked":["Choke","Distraction"],"picked":"Acrobatics","floor":1},{"not_picked":["Leg Sweep","Prepared"],"picked":"Footwork","floor":2},{"not_picked":["Bane","Sucker Punch"],"picked":"Escape Plan","floor":8},{"not_picked":["Dash","Leg Sweep","Deadly Poison"],"picked":"Singing Bowl","floor":12},{"not_picked":["Blade Dance","Quick Slash"],"picked":"Cloak And Dagger","floor":13},{"not_picked":["Slice","Escape Plan","Leg Sweep"],"picked":"Singing Bowl","floor":14},{"not_picked":["Malaise","Die Die Die"],"picked":"Corpse Explosion","floor":16},{"not_picked":["Bane+1","Blade Dance"],"picked":"Prepared+1","floor":18},{"not_picked":["Bane","Cloak And Dagger+1"],"picked":"Dagger Spray","floor":21},{"not_picked":["Dodge and Roll+1","Underhanded Strike"],"picked":"Blade Dance","floor":22}],"player_experience":239426,"relics_obtained":[{"floor":8,"key":"Singing Bowl"},{"floor":9,"key":"Blood Vial"},{"floor":12,"key":"Pocketwatch"}],"event_choices":[{"damage_healed":0,"gold_gain":175,"player_choice":"AGREE","damage_taken":0,"max_hp_gain":0,"max_hp_loss":0,"event_name":"Liars Game","floor":3,"gold_loss":0,"cards_obtained":["Doubt"]},{"damage_healed":0,"gold_gain":0,"player_choice":"Box","damage_taken":0,"relics_obtained":["Oddly Smooth Stone"],"max_hp_gain":0,"max_hp_loss":0,"event_name":"Big Fish","floor":4,"gold_loss":0,"cards_obtained":["Regret"]},{"damage_healed":0,"gold_gain":75,"player_choice":"Gather Gold","damage_taken":11,"max_hp_gain":0,"max_hp_loss":0,"event_name":"World of Goop","floor":5,"gold_loss":0},{"damage_healed":0,"gold_gain":275,"player_choice":"Desecrate","damage_taken":0,"max_hp_gain":0,"max_hp_loss":0,"event_name":"Golden Shrine","floor":20,"gold_loss":0,"cards_obtained":["Regret"]}],"is_beta":false,"boss_relics":[{"not_picked":["HoveringKite","Velvet Choker"],"picked":"Coffee Dripper"}],"items_purged_floors":[7,19],"is_endless":false,"potions_floor_spawned":[2,8,13,21],"killed_by":"Book of Stabbing","ascension_level":5}}