{"host":"qmnyg5dk1o6rw6mz","time":1612081455,"event":{"mods":["100% Spire Juice","2.2 Compatiblity","AchievementEnabler","Act Like it!","Aspiration","Astrologer","BaseMod","Beaked The Cultist","Better Altar","Better Match","Better Note","Better Sensory Stone","Better Skull","Better Third Choice","Better Vampires","Block Reminder","CapriCore","Challenge The Spire","ChefMod","Colored Map","Colored Powertips","Conspire","Defuse TimeMaze Blight","Disable Question Mark Monsters","Displayed Cursed Tome","Downfall","Gensokyo","GifTheSpireLib","Hermit","Highlight Path","HornydragonMod","Hubris","Infinite Spire","Jedi Mod","Koishi","KomeijiMod","Mari Mod (Legacy)","Mari\u0027s V1 Patch","Marisa¡]Ãú«B¡@Å]²z¨F¡^","Marked Mod","Minty Spire (QoL Compilation)","Monster B Gone","Pale of the Ancients","Permanent Neow","Prisma Mod","Quick Restart","Reimu¡]³Õ???¡^","Relic Filter","Reliquary","Replay The Spire","SIMod","StSLib","Synergy Search","The Alterego","The Bug Knight","The Construct","The Cursed","The Dragon Tamer","The Gatherer","The Hayseed","The Immortal","The Poker Player","The Problem Sleuth","The Runesmith","The Showman","Unceasing Turn Reminder","Wide Potions","Yuri Mod","thorton"],"gold_per_floor":[118,118,138,148,158,187,187,246,246,272,323,323,323,341,341,378,378,478,478,498,513,524,541,541,168,180,180,180,180],"floor_reached":27,"language":"ENG","playtime":1330,"items_purged":["Pain"],"score":275,"play_id":"9ccee1d9-23e3-4016-a531-3742463dd848","local_time":"20210131162415","is_ascension_mode":false,"metric_token":4435,"campfire_choices":[{"data":"DTMod:RepeatStrike","floor":7,"key":"SMITH"},{"data":"DTMod:SwitchingTactic","floor":15,"key":"SMITH"},{"data":"DTMod:EchoTactic","floor":17,"key":"SMITH"}],"dtmod_dragon_data":[29,50,4,-1,13,0],"circlet_count":0,"master_deck":["DTMod:Strike","DTMod:Strike","DTMod:Strike","DTMod:Strike","DTMod:DoubleHit","DTMod:TargetDefense","DTMod:TargetDefense","DTMod:TargetDefense","DTMod:TargetDefense","DTMod:SwitchingTactic+1","DTMod:RunningTactic+1","DTMod:RunningTactic","DTMod:CleansingStrike","DTMod:RepeatStrike+1","DTMod:FlameSlash","DTMod:EchoTactic+1","DTMod:TauntingStrike","DTMod:EchoTactic+1","DTMod:PurifyingFlame","DTMod:SneakAttack","PokerPlayerMod:Mulligan"],"relics":["DTMod:PactStone","WarpedTongs","Replay:Rubber Ducky","hubris:TenFootPole","TungstenRod","reliquary:FeatherDuster","jedi:arcanewood","DTMod:AncientBone","conspire:SpecialSausage","Guide Book","Runesmith:AutoHammer"],"acts_visited":["Exordium","TheCity"],"potions_floor_usage":[5,8,16,18,23],"damage_taken":[{"damage":1,"enemies":"Jaw Worm","floor":1,"turns":4},{"damage":0,"enemies":"Cultist","floor":3,"turns":4},{"damage":0,"enemies":"2 Louse","floor":4,"turns":2},{"damage":8,"enemies":"conspire:2 RoseBushes","floor":5,"turns":3},{"damage":0,"enemies":"Replay:BlueRogue","floor":6,"turns":7},{"damage":0,"enemies":"3 Sentries","floor":8,"turns":7},{"damage":0,"enemies":"Gremlin Nob","floor":10,"turns":3},{"damage":0,"enemies":"Large Slime","floor":14,"turns":4},{"damage":0,"enemies":"conspire:MimicChest","floor":16,"turns":6},{"damage":2,"enemies":"The Guardian","floor":18,"turns":9},{"damage":0,"enemies":"Chosen","floor":20,"turns":3},{"damage":0,"enemies":"2 Thieves","floor":21,"turns":3},{"damage":0,"enemies":"3 Cultists","floor":22,"turns":5},{"damage":36,"enemies":"Snake Plant","floor":23,"turns":4},{"damage":4,"enemies":"Chosen and Byrds","floor":26,"turns":4},{"damage":10,"enemies":"Book of Stabbing","floor":27,"turns":2}],"seed_played":"1470483751142670068","potions_obtained":[{"floor":4,"key":"AttackPotion"},{"floor":6,"key":"GrandPatriotsElixir:ReiMu"},{"floor":10,"key":"Block Potion"},{"floor":14,"key":"Adrenaline Potion"},{"floor":16,"key":"jedi:hoardpotion"},{"floor":22,"key":"SkillPotion"},{"floor":23,"key":"sneckomod:MuddlingPotion"}],"is_trial":false,"path_per_floor":["M","?","M","M","M","E","R","?","T","E","T","PTL","PTL","M","R","?","R","B",null,"M","M","M","M","?","$","M","E"],"character_chosen":"THE_DT","items_purchased":["Guide Book","Runesmith:AutoHammer"],"campfire_rested":0,"item_purchase_floors":[25,25],"current_hp_per_floor":[48,48,48,48,40,40,40,40,40,40,40,40,40,40,40,40,40,38,49,49,49,49,13,13,13,9,0,0,0],"gold":180,"neow_bonus":"TEN_PERCENT_HP_BONUS","is_daily":false,"chose_seed":false,"campfire_upgraded":3,"win_rate":0.0,"timestamp":1612081455,"path_taken":["M","?","?","M","M","E","R","?","T","E","?","PTL","PTL","M","R","?","R","BOSS","M","M","M","M","?","$","M","E"],"items_purchased_type":["Relic","Relic"],"build_version":"2020-12-22","purchased_purges":1,"victory":false,"max_hp_per_floor":[49,49,49,49,49,49,49,49,49,49,49,49,49,49,49,49,49,49,49,49,49,49,49,49,49,49,49,49,49],"card_choices":[{"not_picked":["DTMod:Hide","DTMod:Weaken"],"picked":"DTMod:RunningTactic","floor":1},{"not_picked":["DTMod:FlameSlash","DTMod:Punisher"],"picked":"DTMod:Overwhelm","floor":3},{"not_picked":["DTMod:Dissolve","DTMod:MagicField"],"picked":"DTMod:RunningTactic","floor":4},{"not_picked":["DTMod:Cover","DTMod:BlazingStrike"],"picked":"DTMod:CleansingStrike","floor":5},{"not_picked":["DTMod:BreakAttack","DTMod:HeatWave"],"picked":"DTMod:RepeatStrike","floor":6},{"not_picked":["DTMod:Overwhelm","DTMod:Conduct"],"picked":"DTMod:FlameSlash","floor":8},{"not_picked":["DTMod:ComboAttack","DTMod:FlameSlash"],"picked":"DTMod:EchoTactic","floor":10},{"not_picked":["DTMod:Punisher","DTMod:RunningTactic","DTMod:Training"],"picked":"SKIP","floor":14},{"not_picked":["DTMod:FlameSlash","DTMod:Weaken"],"picked":"DTMod:TauntingStrike","floor":16},{"not_picked":["DTMod:FierySynthesis","DTMod:Inferno"],"picked":"DTMod:EchoTactic","floor":18},{"not_picked":["DTMod:Hide","DTMod:BlueScale"],"picked":"DTMod:PurifyingFlame","floor":20},{"not_picked":["DTMod:LowKick","DTMod:QuickFly+1","DTMod:BurningEnergy"],"picked":"SKIP","floor":21},{"not_picked":["DTMod:GhostSkin","DTMod:QuickFly"],"picked":"DTMod:SneakAttack","floor":22},{"not_picked":["DTMod:BalancedStrike+1","DTMod:Training","DTMod:CalculatedDefense+1"],"picked":"SKIP","floor":23},{"not_picked":["DTMod:BurningEnergy+1","DTMod:ComboAttack+1","DTMod:BuildUp+1"],"picked":"SKIP","floor":26}],"player_experience":248452,"relics_obtained":[{"floor":6,"key":"Replay:Rubber Ducky"},{"floor":8,"key":"hubris:TenFootPole"},{"floor":9,"key":"TungstenRod"},{"floor":10,"key":"reliquary:FeatherDuster"},{"floor":11,"key":"jedi:arcanewood"},{"floor":16,"key":"DTMod:AncientBone"}],"event_choices":[{"damage_healed":0,"gold_gain":0,"player_choice":"Rummage","damage_taken":0,"relics_obtained":["WarpedTongs"],"max_hp_gain":0,"max_hp_loss":0,"event_name":"Accursed Blacksmith","floor":2,"gold_loss":0,"cards_obtained":["Pain"]},{"damage_healed":0,"gold_gain":0,"player_choice":"Searched \u00271\u0027 times","damage_taken":0,"max_hp_gain":0,"max_hp_loss":0,"event_name":"Dead Adventurer","floor":8,"gold_loss":0},{"cards_removed":["DTMod:CleansingStrike"],"damage_healed":0,"gold_gain":0,"player_choice":"Take \u0026 Give","damage_taken":0,"max_hp_gain":0,"max_hp_loss":0,"event_name":"betterNote:BetterNote","floor":24,"gold_loss":0,"cards_obtained":["PokerPlayerMod:Mulligan"]}],"is_beta":false,"boss_relics":[{"not_picked":["hubris:VirtuousBlindfold","infinitespire:Cupcake"],"picked":"conspire:SpecialSausage"}],"items_purged_floors":[25],"is_endless":false,"potions_floor_spawned":[4,6,10,14,16,22,23],"killed_by":"Book of Stabbing","ascension_level":0}}