{"host":"q6r63elxu27obe7v","time":1612104845,"event":{"mods":["2.2 Compatiblity","AchievementEnabler","BaseMod","CapriCore","DeckTracker","Keyboard Shortcuts","Minty Spire (QoL Compilation)","Permanent Neow","Quick Restart","Replay The Spire","StSLib","SuperFastMode","¡¼?Úª?ø«¡½REMEMod"],"gold_per_floor":[114,114,129,31,49,81,81,98,124,124,140,140,156,174,174,174,174],"floor_reached":16,"language":"KOR","playtime":836,"items_purged":["Defend_G"],"score":104,"play_id":"a568e226-5ad6-402f-a4ae-76cdf18abb1a","local_time":"20210131235405","is_ascension_mode":false,"campfire_choices":[{"floor":7,"key":"RECALL"},{"data":"Backstab","floor":10,"key":"SMITH"},{"floor":15,"key":"REST"}],"circlet_count":0,"master_deck":["Strike_G","Strike_G","Strike_G","Strike_G","Strike_G","Defend_G","Defend_G","Defend_G","Survivor","Neutralize","Venomology","Dagger Throw","Outmaneuver","Deadly Poison","Slice","Backstab+1","Slice","Hidden Blade","Flying Knee"],"relics":["Ring of the Snake","REME_ComplimentaryCards","MealTicket"],"acts_visited":["Exordium"],"potions_floor_usage":[6,6,6,11,14,14,16,16,16],"damage_taken":[{"damage":4,"enemies":"Small Slimes","floor":1,"turns":5},{"damage":4,"enemies":"Cultist","floor":3,"turns":4},{"damage":2,"enemies":"2 Louse","floor":5,"turns":4},{"damage":33,"enemies":"Lagavulin","floor":6,"turns":8},{"damage":2,"enemies":"Looter","floor":8,"turns":3},{"damage":9,"enemies":"Exordium Thugs","floor":11,"turns":4},{"damage":3,"enemies":"Lots of Slimes","floor":13,"turns":4},{"damage":4,"enemies":"Large Slime","floor":14,"turns":4},{"damage":35,"enemies":"The Guardian","floor":16,"turns":7}],"seed_played":"2399767019424149396","potions_obtained":[{"floor":1,"key":"LiquidBronze"},{"floor":5,"key":"GhostInAJar"},{"floor":11,"key":"Adrenaline Potion"},{"floor":13,"key":"Energy Potion"}],"is_trial":false,"path_per_floor":["M","?","M","$","M","E","R","M","T","R","M","?","M","M","R","B"],"character_chosen":"THE_SILENT","items_purchased":["Slice"],"campfire_rested":1,"item_purchase_floors":[4],"current_hp_per_floor":[66,66,62,62,60,27,27,25,25,25,16,16,13,9,30,0,0],"gold":174,"neow_bonus":"RANDOM_EVENT","is_daily":false,"chose_seed":false,"campfire_upgraded":1,"win_rate":0.0,"timestamp":1612104845,"path_taken":["M","?","M","$","M","E","R","?","T","R","M","?","M","M","R","BOSS"],"items_purchased_type":["Card"],"build_version":"2020-12-22","purchased_purges":1,"victory":false,"max_hp_per_floor":[70,70,70,70,70,70,70,70,70,70,70,70,70,70,70,70,70],"card_choices":[{"not_picked":["REME_ShadowStrike","Outmaneuver"],"picked":"Dagger Throw","floor":1},{"not_picked":["PiercingWail","Setup"],"picked":"Deadly Poison","floor":3},{"not_picked":["Underhanded Strike","Crippling Poison"],"picked":"Backstab","floor":5},{"not_picked":["Terror","Distraction","Caltrops"],"picked":"SKIP","floor":6},{"not_picked":["Dodge and Roll","ReplayTheSpireMod:Speed Training"],"picked":"Slice","floor":8},{"not_picked":["Catalyst","Bane"],"picked":"Hidden Blade","floor":11},{"not_picked":["Eviscerate","Bane"],"picked":"Flying Knee","floor":13},{"not_picked":["Accuracy","ReplayTheSpireMod:Speed Training","Poisoned Stab"],"picked":"SKIP","floor":14}],"player_experience":74268,"relics_obtained":[{"floor":6,"key":"MealTicket"}],"event_choices":[{"damage_healed":0,"gold_gain":0,"player_choice":"1 cards matched","damage_taken":0,"max_hp_gain":0,"max_hp_loss":0,"event_name":"Match and Keep!","floor":2,"gold_loss":0,"cards_obtained":["Outmaneuver"]},{"damage_healed":0,"gold_gain":0,"player_choice":"Ignored","damage_taken":0,"max_hp_gain":0,"max_hp_loss":0,"event_name":"Golden Idol","floor":12,"gold_loss":0}],"is_beta":false,"boss_relics":[],"items_purged_floors":[4],"is_endless":false,"potions_floor_spawned":[1,5,11,13],"killed_by":"The Guardian","ascension_level":0}}