{"host":"yvb207ks1sg3cxef","time":1612083018,"event":{"mods":["2.2 Compatiblity","BaseMod","Bestiary","Colored Powertips","Minty Spire (QoL Compilation)","Permanent Neow","Quick Restart","Relic Stats","StSLib"],"gold_per_floor":[109,109,34,46,46,46,78,94,94,94,119,139,13,39,39,116,116,116,116,116,116,116,116],"floor_reached":22,"language":"ENG","playtime":775,"items_purged":[],"score":434,"play_id":"1538ae13-b3d4-46d6-8d85-6cfeddcb182f","local_time":"20210131142018","is_ascension_mode":true,"campfire_choices":[{"data":"Eruption","floor":6,"key":"SMITH"},{"floor":10,"key":"REST"},{"data":"TalkToTheHand","floor":15,"key":"SMITH"}],"circlet_count":0,"master_deck":["AscendersBane","Strike_P+1","Strike_P+1","Defend_P+1","Defend_P+1","Defend_P+1","Defend_P+1","Eruption+1","Vigilance","ReachHeaven+1","ReachHeaven","Halt","EmptyFist","TalkToTheHand+1","Prostrate","Study","Devotion","EmptyMind","FlurryOfBlows"],"relics":["PureWater","Unceasing Top","Damaru","FossilizedHelix","Bottled Flame","MealTicket","Ectoplasm","Lantern"],"acts_visited":["Exordium","TheCity"],"potions_floor_usage":[20],"damage_taken":[{"damage":1,"enemies":"Small Slimes","floor":1,"turns":4},{"damage":0,"enemies":"Jaw Worm","floor":4,"turns":3},{"damage":33,"enemies":"3 Sentries","floor":7,"turns":11},{"damage":0,"enemies":"2 Louse","floor":8,"turns":2},{"damage":0,"enemies":"Lagavulin","floor":11,"turns":4},{"damage":0,"enemies":"Lots of Slimes","floor":12,"turns":4},{"damage":12,"enemies":"Hexaghost","floor":16,"turns":6},{"damage":0,"enemies":"Spheric Guardian","floor":18,"turns":3},{"damage":13,"enemies":"3 Byrds","floor":20,"turns":4},{"damage":54,"enemies":"Cultist and Chosen","floor":22,"turns":5}],"seed_played":"-7141414394451053415","potions_obtained":[{"floor":1,"key":"LiquidBronze"},{"floor":4,"key":"PowerPotion"},{"floor":11,"key":"Energy Potion"}],"is_trial":false,"path_per_floor":["M","?","?","M","?","R","E","M","T","R","E","M","$","T","R","B",null,"M","T","M","?","M"],"character_chosen":"WATCHER","items_purchased":["Prostrate","Study"],"campfire_rested":1,"item_purchase_floors":[13,13],"current_hp_per_floor":[60,40,40,40,40,40,7,7,7,27,27,27,27,27,27,15,55,55,55,42,42,0,0],"gold":116,"neow_bonus":"TRANSFORM_CARD","is_daily":false,"chose_seed":false,"campfire_upgraded":2,"win_rate":0.0,"timestamp":1612083018,"path_taken":["M","?","?","M","?","R","E","?","T","R","E","M","$","?","R","BOSS","M","?","?","?","M"],"items_purchased_type":["Card","Card"],"build_version":"2020-12-22","purchased_purges":0,"victory":false,"max_hp_per_floor":[68,68,68,68,68,68,68,68,68,68,68,68,68,68,68,68,68,68,68,68,68,68,68],"relic_stats":{"counters":[10,46],"MealTicket":0,"Ectoplasm":60,"obtain_stats":[{"Bottled Flame":11,"Lantern":19,"Damaru":7,"MealTicket":14,"Ectoplasm":17,"PureWater":0,"Unceasing Top":5,"FossilizedHelix":9},{"Bottled Flame":5,"Lantern":8,"Damaru":3,"MealTicket":6,"Ectoplasm":7,"PureWater":0,"Unceasing Top":2,"FossilizedHelix":4},{"Bottled Flame":24,"Lantern":37,"Damaru":18,"MealTicket":28,"Ectoplasm":34,"PureWater":0,"Unceasing Top":7,"FossilizedHelix":20}],"Unceasing Top":[0]},"card_choices":[{"not_picked":["Fasting2","Pray","Crescendo"],"picked":"SKIP","floor":1},{"not_picked":["ThirdEye","WreathOfFlame"],"picked":"ReachHeaven","floor":4},{"not_picked":["Evaluate","PathToVictory"],"picked":"Halt","floor":7},{"not_picked":["Crescendo","ConjureBlade"],"picked":"EmptyFist","floor":8},{"not_picked":["Collect","SignatureMove","Evaluate"],"picked":"SKIP","floor":11},{"not_picked":["Protect","EmptyFist"],"picked":"TalkToTheHand","floor":12},{"not_picked":["Establishment","Brilliance"],"picked":"Devotion","floor":16},{"not_picked":["FlurryOfBlows","FlyingSleeves+1"],"picked":"EmptyMind","floor":18},{"not_picked":["Crescendo","LikeWater"],"picked":"FlurryOfBlows","floor":20}],"player_experience":511376,"relics_obtained":[{"floor":7,"key":"Damaru"},{"floor":9,"key":"FossilizedHelix"},{"floor":11,"key":"Bottled Flame"},{"floor":14,"key":"MealTicket"},{"floor":19,"key":"Lantern"}],"event_choices":[{"damage_healed":0,"gold_gain":0,"player_choice":"Entered Light","damage_taken":20,"max_hp_gain":0,"max_hp_loss":0,"event_name":"Shining Light","floor":2,"gold_loss":0,"cards_upgraded":["ReachHeaven","Defend_P"]},{"cards_removed":["Strike_P"],"damage_healed":0,"gold_gain":0,"player_choice":"Card Removal","damage_taken":0,"max_hp_gain":0,"max_hp_loss":0,"event_name":"The Cleric","floor":3,"gold_loss":75},{"damage_healed":0,"gold_gain":0,"player_choice":"Gave Potion","damage_taken":0,"relics_obtained":["Unceasing Top"],"max_hp_gain":0,"max_hp_loss":0,"event_name":"WeMeetAgain","floor":5,"gold_loss":0},{"damage_healed":0,"gold_gain":0,"player_choice":"Simplicity","damage_taken":0,"max_hp_gain":0,"max_hp_loss":0,"event_name":"Back to Basics","floor":21,"gold_loss":0,"cards_upgraded":["Strike_P","Strike_P","Defend_P","Defend_P","Defend_P"]}],"is_beta":false,"boss_relics":[{"not_picked":["Runic Dome","Velvet Choker"],"picked":"Ectoplasm"}],"items_purged_floors":[],"is_endless":false,"potions_floor_spawned":[1,4,11],"killed_by":"Cultist and Chosen","ascension_level":20}}