{"host":"1tl36azeqm6yhdgj","time":1612136408,"event":{"mods":["AchievementEnabler","BaseMod","Minty Spire (QoL Compilation)","StSLib","The IronCluck","everything is the same but u backflip on backflip"],"gold_per_floor":[365,540,615,615,1,1,36,54,54,54,68,30,30,44,44,145,145,162,173,192,47,58,84,84,84,134,162,181,191,216,232,232,335,335,335,12,0,16,34,63,75,75,75,125,1,32,47,57,57,57,57,57,1,26,26],"floor_reached":56,"language":"ENG","playtime":2737,"items_purged":["Strike_B","Strike_B"],"score":1317,"play_id":"70c33075-2b62-4e01-988f-bd7869e75074","local_time":"20210131184008","is_ascension_mode":true,"campfire_choices":[{"data":"Apotheosis","floor":6.0,"key":"SMITH"},{"floor":15.0,"key":"REST"},{"data":"Fission","floor":24.0,"key":"SMITH"},{"floor":32.0,"key":"REST"},{"floor":42.0,"key":"RECALL"},{"floor":49.0,"key":"REST"},{"data":"Hello World","floor":52.0,"key":"SMITH"}],"circlet_count":0,"master_deck":["Strike_B+1","Defend_B+1","Defend_B","Defend_B+1","Defend_B","Zap","Dualcast","Static Discharge","Apotheosis+1","Sunder+1","Streamline+1","Hello World+1","Self Repair","Cold Snap","Fission+1","Redo","Double Energy+1","Defragment+1","Static Discharge","Chill","BootSequence","Ball Lightning","Core Surge","Defragment","Redo+1","Defragment","Storm+1","Melter","Rainbow","Self Repair","Chaos+1"],"relics":["Cracked Core","Lizard Tail","Bronze Scales","TungstenRod","Black Star","Lantern","Whetstone","Centennial Puzzle","Omamori","Mummified Hand","Orichalcum","CaptainsWheel","Gambling Chip","Inserter","War Paint","Red Mask","The Courier","Smiling Mask","FossilizedHelix","MealTicket","Pantograph","Thread and Needle","Akabeko"],"acts_visited":["Exordium","TheCity","TheBeyond","TheEnding"],"potions_floor_usage":[55,55],"damage_taken":[{"damage":6.0,"enemies":"Jaw Worm","floor":1.0,"turns":3.0},{"damage":4.0,"enemies":"Gremlin Nob","floor":7.0,"turns":3.0},{"damage":0.0,"enemies":"2 Louse","floor":8.0,"turns":2.0},{"damage":0.0,"enemies":"Small Slimes","floor":11.0,"turns":2.0},{"damage":10.0,"enemies":"Exordium Thugs","floor":14.0,"turns":3.0},{"damage":20.0,"enemies":"Hexaghost","floor":16.0,"turns":8.0},{"damage":0.0,"enemies":"Chosen","floor":18.0,"turns":4.0},{"damage":0.0,"enemies":"Spheric Guardian","floor":19.0,"turns":3.0},{"damage":8.0,"enemies":"Snake Plant","floor":20.0,"turns":3.0},{"damage":20.0,"enemies":"Snecko","floor":22.0,"turns":5.0},{"damage":23.0,"enemies":"Book of Stabbing","floor":23.0,"turns":6.0},{"damage":22.0,"enemies":"Gremlin Leader","floor":27.0,"turns":5.0},{"damage":4.0,"enemies":"Cultist and Chosen","floor":28.0,"turns":4.0},{"damage":4.0,"enemies":"Snake Plant","floor":29.0,"turns":4.0},{"damage":20.0,"enemies":"Book of Stabbing","floor":30.0,"turns":4.0},{"damage":1.0,"enemies":"Centurion and Healer","floor":31.0,"turns":6.0},{"damage":21.0,"enemies":"Champ","floor":33.0,"turns":8.0},{"damage":0.0,"enemies":"3 Darklings","floor":35.0,"turns":1.0},{"damage":3.0,"enemies":"3 Shapes","floor":38.0,"turns":4.0},{"damage":2.0,"enemies":"3 Darklings","floor":39.0,"turns":6.0},{"damage":8.0,"enemies":"Nemesis","floor":40.0,"turns":7.0},{"damage":1.0,"enemies":"Spire Growth","floor":41.0,"turns":5.0},{"damage":9.0,"enemies":"Mind Bloom Boss Battle","floor":44.0,"turns":5.0},{"damage":0.0,"enemies":"Reptomancer","floor":46.0,"turns":4.0},{"damage":32.0,"enemies":"Jaw Worm Horde","floor":47.0,"turns":3.0},{"damage":0.0,"enemies":"Transient","floor":48.0,"turns":5.0},{"damage":59.0,"enemies":"Donu and Deca","floor":50.0,"turns":8.0},{"damage":25.0,"enemies":"Shield and Spear","floor":54.0,"turns":5.0},{"damage":59,"enemies":"The Heart","floor":55,"turns":8}],"seed_played":"-6261719844178955445","potions_obtained":[{"floor":1.0,"key":"SmokeBomb"},{"floor":14.0,"key":"BlessingOfTheForge"},{"floor":16.0,"key":"AttackPotion"},{"floor":19.0,"key":"Weak Potion"},{"floor":20.0,"key":"Block Potion"},{"floor":22.0,"key":"Strength Potion"},{"floor":27.0,"key":"Swift Potion"},{"floor":31.0,"key":"DistilledChaos"},{"floor":39.0,"key":"PowerPotion"},{"floor":40.0,"key":"Regen Potion"},{"floor":46.0,"key":"Explosive Potion"},{"floor":54.0,"key":"ColorlessPotion"}],"is_trial":false,"path_per_floor":["M","?","?","?","$","R","E","M","T","?","M","$","?","M","R","B",null,"M","M","M","$","M","E","R","?","T","E","M","M","E","M","R","B",null,"M","$","?","M","M","E","M","R","T","?","$","E","M","M","R","B",null,"R","$","E","B",null],"character_chosen":"DEFECT","items_purchased":["Apotheosis","Lizard Tail","Fire Potion","Self Repair","Lantern","War Paint","Defragment","Melter","LiquidMemories","Self Repair"],"campfire_rested":3,"item_purchase_floors":[5,5,5,12,21,36,36,45,45,53],"current_hp_per_floor":[62,62,51,44,44,44,40,40,40,40,40,40,45,35,56,46,73,73,73,73,73,53,40,40,40,40,28,34,40,27,36,57,46,73,73,73,73,73,73,73,73,73,73,73,73,73,51,51,72,24,73,73,73,65,40],"gold":26,"neow_bonus":"TWO_FIFTY_GOLD","is_daily":false,"chose_seed":false,"campfire_upgraded":3,"win_rate":0.0,"timestamp":1612136408,"path_taken":["M","?","?","?","$","R","E","M","T","?","?","$","?","M","R","BOSS","M","M","M","$","M","E","R","?","T","E","M","M","E","M","R","BOSS","M","$","?","M","M","E","M","R","T","?","?","E","M","M","R","BOSS","R","$","E","BOSS"],"items_purchased_type":["Card","Relic","Potion","Card","Relic","Relic","Card","Card","Potion","Card"],"build_version":"2020-12-22","purchased_purges":2,"victory":true,"max_hp_per_floor":[68,68,68,68,68,68,68,68,68,68,68,68,73,73,73,73,73,73,73,73,73,73,73,73,73,73,73,73,73,73,73,73,73,73,73,73,73,73,73,73,73,73,73,73,73,73,73,73,73,73,73,73,73,73,73],"card_choices":[{"not_picked":["Reinforced Body","Go for the Eyes"],"picked":"Static Discharge","floor":1.0},{"not_picked":["Turbo","Conserve Battery"],"picked":"Sunder","floor":7.0},{"not_picked":["Rip and Tear","Multi-Cast"],"picked":"Streamline","floor":8.0},{"not_picked":["Redo","Double Energy"],"picked":"Hello World","floor":11.0},{"not_picked":["Stack","Rebound"],"picked":"Cold Snap","floor":14.0},{"not_picked":["Machine Learning","Meteor Strike"],"picked":"Fission","floor":16.0},{"not_picked":["Ball Lightning","Force Field"],"picked":"Redo","floor":18.0},{"not_picked":["Compile Driver","Steam"],"picked":"Double Energy+1","floor":19.0},{"not_picked":["Streamline","Melter"],"picked":"Defragment+1","floor":20.0},{"not_picked":["Scrape","Hologram","Consume"],"picked":"SKIP","floor":22.0},{"not_picked":["Streamline","Static Discharge","Stack"],"picked":"SKIP","floor":23.0},{"not_picked":["Rip and Tear","Barrage"],"picked":"Static Discharge","floor":27.0},{"not_picked":["Recycle","Coolheaded"],"picked":"Chill","floor":28.0},{"not_picked":["Double Energy","Sunder+1","Compile Driver"],"picked":"SKIP","floor":29.0},{"not_picked":["Streamline","Ball Lightning"],"picked":"BootSequence","floor":30.0},{"not_picked":["Lockon","Skim"],"picked":"Ball Lightning","floor":31.0},{"not_picked":["Rainbow","Machine Learning"],"picked":"Core Surge","floor":33.0},{"not_picked":["Streamline","Stack","Sweeping Beam"],"picked":"SKIP","floor":38.0},{"not_picked":["Reprogram","Ball Lightning"],"picked":"Redo+1","floor":39.0},{"not_picked":["Reinforced Body+1","Sweeping Beam+1"],"picked":"Defragment","floor":40.0},{"not_picked":["Streamline","Turbo+1","Hologram"],"picked":"SKIP","floor":41.0},{"not_picked":["Hologram","Beam Cell+1"],"picked":"Storm+1","floor":44.0},{"not_picked":["Genetic Algorithm+1","Stack","Reinforced Body+1"],"picked":"SKIP","floor":46.0},{"not_picked":["Gash","Conserve Battery+1"],"picked":"Rainbow","floor":47.0},{"not_picked":["Leap","Stack+1","Conserve Battery+1"],"picked":"SKIP","floor":48.0},{"not_picked":["Melter+1","Steam Power+1"],"picked":"Chaos+1","floor":54.0}],"player_experience":2119686,"relics_obtained":[{"floor":7.0,"key":"Bronze Scales"},{"floor":9.0,"key":"TungstenRod"},{"floor":23.0,"key":"Whetstone"},{"floor":23.0,"key":"Centennial Puzzle"},{"floor":26.0,"key":"Omamori"},{"floor":27.0,"key":"Mummified Hand"},{"floor":27.0,"key":"Orichalcum"},{"floor":30.0,"key":"CaptainsWheel"},{"floor":30.0,"key":"Gambling Chip"},{"floor":40.0,"key":"The Courier"},{"floor":40.0,"key":"Smiling Mask"},{"floor":44.0,"key":"FossilizedHelix"},{"floor":46.0,"key":"MealTicket"},{"floor":46.0,"key":"Pantograph"},{"floor":54.0,"key":"Thread and Needle"},{"floor":54.0,"key":"Akabeko"}],"event_choices":[{"damage_healed":0.0,"max_hp_gain":0.0,"max_hp_loss":0.0,"gold_gain":175.0,"event_name":"Liars Game","player_choice":"AGREE","floor":2.0,"gold_loss":0.0,"damage_taken":0.0,"cards_obtained":["Doubt"]},{"damage_healed":0.0,"max_hp_gain":0.0,"max_hp_loss":0.0,"gold_gain":75.0,"event_name":"World of Goop","player_choice":"Gather Gold","floor":3.0,"gold_loss":0.0,"damage_taken":11.0},{"cards_removed":["Doubt"],"damage_healed":0.0,"max_hp_gain":0.0,"max_hp_loss":0.0,"gold_gain":0.0,"event_name":"Golden Wing","player_choice":"Card Removal","floor":4.0,"gold_loss":0.0,"damage_taken":7.0},{"damage_healed":0.0,"max_hp_gain":0.0,"max_hp_loss":0.0,"gold_gain":0.0,"event_name":"Upgrade Shrine","player_choice":"Upgraded","floor":10.0,"gold_loss":0.0,"damage_taken":0.0,"cards_upgraded":["Streamline"]},{"damage_healed":0.0,"max_hp_gain":5.0,"max_hp_loss":0.0,"gold_gain":0.0,"event_name":"Big Fish","player_choice":"Donut","floor":13.0,"gold_loss":0.0,"damage_taken":0.0},{"cards_removed":["Strike_B"],"damage_healed":0.0,"max_hp_gain":0.0,"max_hp_loss":0.0,"gold_gain":0.0,"event_name":"Back to Basics","player_choice":"Elegance","floor":25.0,"gold_loss":0.0,"damage_taken":0.0},{"damage_healed":0.0,"max_hp_gain":0.0,"max_hp_loss":0.0,"gold_gain":0.0,"event_name":"Tomb of Lord Red Mask","player_choice":"Paid","floor":37.0,"gold_loss":12.0,"damage_taken":0.0,"relics_obtained":["Red Mask"]},{"damage_healed":0.0,"max_hp_gain":0.0,"max_hp_loss":0.0,"gold_gain":0.0,"event_name":"MindBloom","player_choice":"Fight","floor":44.0,"gold_loss":0.0,"damage_taken":0.0}],"is_beta":false,"boss_relics":[{"not_picked":["Velvet Choker","Busted Crown"],"picked":"Black Star"},{"not_picked":["Coffee Dripper","Snecko Eye"],"picked":"Inserter"}],"items_purged_floors":[5,36],"is_endless":false,"potions_floor_spawned":[1,14,16,19,20,22,27,31,35,39,40,46,54],"ascension_level":1}}