{"host":"gttgmv2wah99hzdm","time":1612113339,"event":{"mods":["AchievementEnabler","BaseMod","Bestiary","Block Reminder","Filter the Spire","Jorbs\u0027s Wanderer Trilogy","Minty Spire (QoL Compilation)","Relic Stats","StSLib","Weighted Paths","ojb\u0027s Info Mod"],"gold_per_floor":[118,132,132,150,169,169,201,201,201,201,229,229,229,243,243,320,320,333,11,26,26,44,44,61,61,87,102,134,134,134,146,146,221,221,232,232,249,262,24,58,68,68,68,402,415,160,160,194,194,194,194,194,194,37,37,37],"floor_reached":55,"language":"ENG","playtime":4354,"items_purged":["Strike_R","Strike_R"],"score":1899,"play_id":"736148bb-3645-4c36-81a7-da129a1ca94a","local_time":"20210131111539","is_ascension_mode":true,"campfire_choices":[{"floor":6.0,"key":"REST"},{"floor":10.0,"key":"REST"},{"data":"Anger","floor":13.0,"key":"SMITH"},{"floor":15.0,"key":"REST"},{"floor":23.0,"key":"REST"},{"floor":25.0,"key":"REST"},{"data":"Inflame","floor":29.0,"key":"SMITH"},{"floor":32.0,"key":"REST"},{"floor":42,"key":"RECALL"},{"floor":49,"key":"REST"},{"floor":53,"key":"REST"}],"circlet_count":0,"master_deck":["AscendersBane","Strike_R","Strike_R","Strike_R","Defend_R","Defend_R","Defend_R","Defend_R","Bash+1","Bloodletting+1","Battle Trance","Anger+1","Pommel Strike","Havoc","Hemokinesis","Reaper","Twin Strike+1","Decay","Inflame+1","Offering","Hemokinesis","Pommel Strike+1","Inflame+1","Impervious","Reaper","Uppercut+1","Corruption","Disarm+1","Bloodletting+1","Shrug It Off","Rage+1","Reaper","Spot Weakness","Feel No Pain","Sentinel"],"relics":["Runic Cube","StrikeDummy","TungstenRod","Incense Burner","Boot","Snecko Eye","Prayer Wheel","Strawberry","White Beast Statue","GremlinMask","Fusion Hammer","Orrery","Blue Candle","Old Coin","Question Card"],"acts_visited":["Exordium","TheCity","TheBeyond","TheEnding"],"potions_floor_usage":[],"damage_taken":[{"damage":13.0,"enemies":"Small Slimes","floor":1.0,"turns":5.0},{"damage":10.0,"enemies":"Jaw Worm","floor":2.0,"turns":3.0},{"damage":7.0,"enemies":"Cultist","floor":4.0,"turns":4.0},{"damage":14.0,"enemies":"Blue Slaver","floor":5.0,"turns":5.0},{"damage":25.0,"enemies":"3 Sentries","floor":7.0,"turns":10.0},{"damage":15.0,"enemies":"Gremlin Nob","floor":11.0,"turns":3.0},{"damage":7.0,"enemies":"Lots of Slimes","floor":14.0,"turns":5.0},{"damage":34.0,"enemies":"Slime Boss","floor":16.0,"turns":5.0},{"damage":31.0,"enemies":"3 Byrds","floor":18.0,"turns":6.0},{"damage":21.0,"enemies":"Spheric Guardian","floor":20.0,"turns":4.0},{"damage":18.0,"enemies":"Cultist and Chosen","floor":22.0,"turns":4.0},{"damage":3.0,"enemies":"Snecko","floor":24.0,"turns":2.0},{"damage":29.0,"enemies":"Snake Plant","floor":27.0,"turns":3.0},{"damage":32.0,"enemies":"Slavers","floor":28.0,"turns":5.0},{"damage":35.0,"enemies":"Shelled Parasite and Fungi","floor":31.0,"turns":4.0},{"damage":37.0,"enemies":"Champ","floor":33.0,"turns":6.0},{"damage":30,"enemies":"3 Shapes","floor":35,"turns":4},{"damage":12,"enemies":"3 Darklings","floor":37,"turns":3},{"damage":16,"enemies":"Transient","floor":38,"turns":6},{"damage":30,"enemies":"Nemesis","floor":40,"turns":5},{"damage":11,"enemies":"Maw","floor":41,"turns":6},{"damage":14,"enemies":"Giant Head","floor":44,"turns":5},{"damage":31,"enemies":"4 Shapes","floor":45,"turns":9},{"damage":34,"enemies":"Reptomancer","floor":48,"turns":5},{"damage":74,"enemies":"Time Eater","floor":50,"turns":9},{"damage":65,"enemies":"Donu and Deca","floor":51,"turns":7},{"damage":167,"enemies":"Shield and Spear","floor":55,"turns":8}],"seed_played":"4387474471059890828","potions_obtained":[{"floor":4.0,"key":"Dexterity Potion"},{"floor":7.0,"key":"DuplicationPotion"},{"floor":16.0,"key":"Ancient Potion"},{"floor":27.0,"key":"BloodPotion"},{"floor":31.0,"key":"DuplicationPotion"},{"floor":33.0,"key":"FairyPotion"},{"floor":35,"key":"SkillPotion"},{"floor":41,"key":"DuplicationPotion"}],"is_trial":false,"path_per_floor":["M","M","?","M","M","R","E","?","T","R","E","?","R","M","R","B",null,"M","$","M","?","M","R","M","R","T","M","E","R","?","M","R","B",null,"M","?","M","M","$","E","M","R","T","E","M","$","?","E","R","B","B",null,"R","$","E"],"character_chosen":"IRONCLAD","items_purchased":["Prayer Wheel","Orrery","Reaper","Feel No Pain","Sentinel"],"campfire_rested":8,"item_purchase_floors":[19,39,46,54,54],"current_hp_per_floor":[55,45,45,38,24,46,21,21,21,43,28,28,28,21,43,9,59,38,38,22,22,9,31,28,50,57,37,35,35,35,16,40,18,66,69,69,82,80,80,50,61,61,61,74,81,81,78,78,78,45,39,68,78,78,0,0],"gold":37,"neow_bonus":"BOSS_RELIC","is_daily":false,"chose_seed":false,"campfire_upgraded":2,"win_rate":0.0,"timestamp":1612113339,"path_taken":["M","M","?","M","M","R","E","?","T","R","E","?","R","M","R","BOSS","M","$","M","?","M","R","M","R","T","M","E","R","?","?","R","BOSS","M","?","M","M","?","E","M","R","T","E","?","$","?","E","R","BOSS","BOSS","R","$","E"],"items_purchased_type":["Relic","Relic","Card","Card","Card"],"build_version":"2020-12-22","purchased_purges":2,"victory":false,"max_hp_per_floor":[75,75,75,75,75,75,75,75,75,75,75,75,75,75,75,75,75,75,75,75,75,75,75,75,75,82,82,82,82,82,82,82,82,82,82,82,82,82,82,82,82,82,82,82,82,82,78,78,78,78,78,78,78,78,78,78],"relic_stats":{"counters":[27,141],"Blue Candle":[13],"Snecko Eye":[236,213,235,206],"Prayer Wheel":10,"Boot":[57],"Question Card":0,"obtain_stats":[{"Blue Candle":40,"GremlinMask":30,"Incense Burner":11,"Boot":12,"Question Card":48,"Burning Blood":0,"White Beast Statue":28,"Old Coin":44,"Strawberry":26,"Snecko Eye":17,"Orrery":39,"Prayer Wheel":19,"Fusion Hammer":34,"StrikeDummy":7,"TungstenRod":9,"Runic Cube":0},{"Blue Candle":20,"GremlinMask":14,"Incense Burner":6,"Boot":6,"Question Card":24,"Burning Blood":0,"White Beast Statue":14,"Old Coin":22,"Strawberry":12,"Snecko Eye":8,"Orrery":19,"Prayer Wheel":9,"Fusion Hammer":16,"StrikeDummy":5,"TungstenRod":5,"Runic Cube":0},{"Blue Candle":92,"GremlinMask":64,"Incense Burner":30,"Boot":30,"Question Card":117,"Burning Blood":0,"White Beast Statue":64,"Old Coin":103,"Strawberry":56,"Snecko Eye":40,"Orrery":87,"Prayer Wheel":46,"Fusion Hammer":74,"StrikeDummy":27,"TungstenRod":27,"Runic Cube":0}],"TungstenRod":226,"Runic Cube":[158]},"card_choices":[{"not_picked":["Iron Wave","Clothesline"],"picked":"Bloodletting","floor":1.0},{"not_picked":["Twin Strike","Armaments"],"picked":"Battle Trance","floor":2.0},{"not_picked":["Feel No Pain","Entrench"],"picked":"Anger","floor":4.0},{"not_picked":["Cleave","Sentinel"],"picked":"Pommel Strike","floor":5.0},{"not_picked":["Cleave","Seeing Red"],"picked":"Havoc","floor":7.0},{"not_picked":["Cleave","Thunderclap","Body Slam"],"picked":"SKIP","floor":11.0},{"not_picked":["Headbutt","Clothesline"],"picked":"Hemokinesis","floor":14.0},{"not_picked":["Demon Form","Impervious"],"picked":"Reaper","floor":16.0},{"not_picked":["Wild Strike","Pommel Strike","Iron Wave"],"picked":"SKIP","floor":18.0},{"not_picked":["Warcry","Wild Strike"],"picked":"Twin Strike+1","floor":20.0},{"not_picked":["Sword Boomerang","Iron Wave","Thunderclap"],"picked":"SKIP","floor":20.0},{"not_picked":["Hemokinesis","Twin Strike"],"picked":"Inflame","floor":22.0},{"not_picked":["Uppercut","Clash+1"],"picked":"Offering","floor":22.0},{"not_picked":["Armaments","Evolve+1"],"picked":"Hemokinesis","floor":24.0},{"not_picked":["Wild Strike","Cleave","Anger"],"picked":"SKIP","floor":24.0},{"not_picked":["Headbutt","Armaments"],"picked":"Pommel Strike+1","floor":27.0},{"not_picked":["Iron Wave","Thunderclap","Intimidate+1"],"picked":"SKIP","floor":27.0},{"not_picked":["Havoc","Flex","Clash"],"picked":"SKIP","floor":28.0},{"not_picked":["Twin Strike","Anger+1"],"picked":"Inflame+1","floor":31.0},{"not_picked":["Metallicize+1","Carnage"],"picked":"Impervious","floor":31.0},{"not_picked":["Offering","Limit Break"],"picked":"Reaper","floor":33.0},{"not_picked":["Ghostly Armor","Thunderclap"],"picked":"Uppercut+1","floor":35},{"not_picked":["Havoc","Rage","Power Through"],"picked":"SKIP","floor":35},{"not_picked":["Thunderclap","Clash+1"],"picked":"Corruption","floor":37},{"not_picked":["Pommel Strike","Sword Boomerang","Reckless Charge+1"],"picked":"SKIP","floor":37},{"not_picked":["Cleave","Pummel"],"picked":"Disarm+1","floor":38},{"not_picked":["Clothesline","Body Slam"],"picked":"Bloodletting+1","floor":38},{"not_picked":["Cleave","Exhume"],"picked":"Shrug It Off","floor":39},{"not_picked":["Clothesline+1","Clash","Juggernaut"],"picked":"SKIP","floor":40},{"not_picked":["Iron Wave","Armaments"],"picked":"Rage+1","floor":41},{"not_picked":["Ghostly Armor","Body Slam+1","Blood for Blood"],"picked":"SKIP","floor":41},{"not_picked":["Clash+1","Dropkick+1","Rampage"],"picked":"SKIP","floor":44},{"not_picked":["Wild Strike","Cleave","Havoc+1"],"picked":"SKIP","floor":45},{"not_picked":["Havoc","Wild Strike","Second Wind+1"],"picked":"SKIP","floor":45},{"not_picked":["Heavy Blade+1","Feed"],"picked":"Spot Weakness","floor":48}],"player_experience":1183849,"relics_obtained":[{"floor":7.0,"key":"StrikeDummy"},{"floor":9.0,"key":"TungstenRod"},{"floor":11.0,"key":"Incense Burner"},{"floor":12.0,"key":"Boot"},{"floor":26.0,"key":"Strawberry"},{"floor":28.0,"key":"White Beast Statue"},{"floor":40,"key":"Blue Candle"},{"floor":44,"key":"Old Coin"},{"floor":48,"key":"Question Card"}],"event_choices":[{"damage_healed":0.0,"max_hp_gain":0.0,"max_hp_loss":0.0,"gold_gain":0.0,"event_name":"Liars Game","player_choice":"Ignored","floor":3.0,"gold_loss":0.0,"damage_taken":0.0},{"damage_healed":0.0,"max_hp_gain":0.0,"max_hp_loss":0.0,"gold_gain":0.0,"event_name":"Living Wall","player_choice":"Grow","floor":8.0,"gold_loss":0.0,"damage_taken":0.0,"cards_upgraded":["Bash"]},{"damage_healed":0.0,"max_hp_gain":0.0,"max_hp_loss":0.0,"gold_gain":0.0,"event_name":"Wheel of Change","player_choice":"Relic","floor":12.0,"gold_loss":0.0,"damage_taken":0.0},{"damage_healed":0.0,"max_hp_gain":0.0,"max_hp_loss":0.0,"gold_gain":0.0,"event_name":"Forgotten Altar","player_choice":"Smashed Altar","floor":21.0,"gold_loss":0.0,"damage_taken":0.0,"cards_obtained":["Decay"]},{"damage_healed":0.0,"max_hp_gain":0.0,"max_hp_loss":0.0,"gold_gain":0.0,"event_name":"FaceTrader","player_choice":"Trade","floor":30.0,"gold_loss":0.0,"damage_taken":0.0,"relics_obtained":["GremlinMask"]},{"damage_healed":0,"gold_gain":0,"player_choice":"Upgraded","damage_taken":0,"max_hp_gain":0,"max_hp_loss":0,"event_name":"Upgrade Shrine","floor":36,"gold_loss":0,"cards_upgraded":["Bloodletting"]},{"damage_healed":0,"gold_gain":0,"player_choice":"Max HP","damage_taken":0,"max_hp_gain":0,"max_hp_loss":4,"event_name":"Winding Halls","floor":47,"gold_loss":0}],"is_beta":false,"boss_relics":[{"not_picked":["Ectoplasm","Coffee Dripper"],"picked":"Snecko Eye"},{"not_picked":["Runic Pyramid","Astrolabe"],"picked":"Fusion Hammer"}],"items_purged_floors":[39,46],"is_endless":false,"potions_floor_spawned":[4,7,16,20,27,31,33,35,37,38,40,41,44,45,48],"killed_by":"Shield and Spear","ascension_level":20}}