{"host":"815dqs41i1y8uxms","time":1612094698,"event":{"mods":["A Penny For Your Troubles","Act Like it!","BaseMod","Dark Map","Elementarium","Fox Events","Minty Spire (QoL Compilation)","Rare Cards Sparkle","Shop Mod","Spire Arcade","StSLib","The Marked"],"gold_per_floor":[114,114,289,289,308,342,119,160,231,245,268,293,242,311,311,442,442,461,132,132,28,42,73,85,85],"floor_reached":24,"language":"ENG","playtime":8193,"items_purged":["Elementarium:StickyTar"],"score":247,"play_id":"0e678b2a-37e4-43af-8a49-44a0b54d1556","local_time":"20210131130458","is_ascension_mode":false,"campfire_choices":[{"floor":15,"key":"REST"}],"circlet_count":0,"master_deck":["theMarked:Strike","theMarked:Strike","theMarked:Strike","theMarked:Strike","theMarked:Strike","theMarked:Defend","theMarked:Defend","theMarked:Defend","theMarked:Defend","theMarked:SoldierOfQuellstein","theMarked:SwordAndMagic","theMarked:BanishingWave","theMarked:Vacuum","theMarked:MysticalArsenal","theMarked:Convert","theMarked:Aftermath","theMarked:TakeOffHeels","theMarked:Determination","theMarked:Abjuration","theMarked:WardOff","theMarked:GodGivenPower","theMarked:Electrocute","theMarked:Memento","theMarked:RogueSparks","theMarked:Polarize","theMarked:TakeCover+1","theMarked:AttractMetal+1"],"relics":["theMarked:ArtifactOfAir","NeowsBlessing","Golden Idol","Anchor","MerchantsRug","Mummified Hand","Juzu Bracelet","Art of War","Ornamental Fan","Chemical X","Black Star","Potion Belt","MawBank"],"acts_visited":["Exordium","Elementarium:Elementarium"],"potions_floor_usage":[14,16,23],"damage_taken":[{"damage":0,"enemies":"Small Slimes","floor":1,"turns":1},{"damage":0,"enemies":"Jaw Worm","floor":5,"turns":1},{"damage":0,"enemies":"3 Sentries","floor":6,"turns":1},{"damage":39,"enemies":"Lagavulin","floor":8,"turns":6},{"damage":0,"enemies":"Cultist","floor":10,"turns":2},{"damage":18,"enemies":"Exordium Thugs","floor":11,"turns":4},{"damage":4,"enemies":"3 Sentries","floor":14,"turns":6},{"damage":17,"enemies":"Hexaghost","floor":16,"turns":8},{"damage":5,"enemies":"Elementarium:MUD_AND_TAR_GOLEMS","floor":18,"turns":5},{"damage":32,"enemies":"Elementarium:Cyclone","floor":22,"turns":5},{"damage":19,"enemies":"Elementarium:WarGolem","floor":23,"turns":5},{"damage":3,"enemies":"Elementarium:VoidBeast","floor":24,"turns":3}],"seed_played":"4211594048185983976","potions_obtained":[{"floor":1,"key":"theMarked:ChargePotion"},{"floor":11,"key":"CultistPotion"},{"floor":14,"key":"Ancient Potion"},{"floor":23,"key":"theMarked:ChargePotion"}],"is_trial":false,"path_per_floor":["M","?","?","?","M","E","$","E","T","M","M","T","?","?","R","B",null,"M","$","?","$","M","E","M"],"character_chosen":"THE_DEFAULT","items_purchased":["MerchantsRug","theMarked:MysticalArsenal","theMarked:GodGivenPower","Chemical X","theMarked:Electrocute","theMarked:Memento","theMarked:RogueSparks","theMarked:Polarize"],"campfire_rested":1,"item_purchase_floors":[7,7,19,19,19,19,21,21],"current_hp_per_floor":[70,70,70,70,70,70,70,31,31,31,13,13,13,9,30,13,70,65,65,54,54,22,3,0,0],"gold":85,"neow_bonus":"THREE_ENEMY_KILL","is_daily":false,"chose_seed":false,"campfire_upgraded":0,"win_rate":0.0,"timestamp":1612094698,"path_taken":["M","?","?","?","?","E","?","E","T","?","M","?","?","?","R","BOSS","M","$","?","$","M","E","M"],"items_purchased_type":["Relic","Card","Card","Relic","Card","Card","Card","Card"],"build_version":"2020-12-22","purchased_purges":1,"victory":false,"max_hp_per_floor":[70,70,70,70,70,70,70,70,70,70,70,70,70,70,70,70,70,70,70,70,70,70,70,70,70],"card_choices":[{"not_picked":["theMarked:Maelstrom","theMarked:Memento"],"picked":"theMarked:SwordAndMagic","floor":1},{"not_picked":["theMarked:ElectricStrings","theMarked:Memento"],"picked":"theMarked:BanishingWave","floor":5},{"not_picked":["theMarked:WardOff","theMarked:Opportunist"],"picked":"theMarked:Vacuum","floor":6},{"not_picked":["theMarked:ResourceFulStrike","theMarked:Reabsorb"],"picked":"theMarked:Convert","floor":8},{"not_picked":["theMarked:ChainLightning","theMarked:EmpowerWeapon","theMarked:TwofoldDefense"],"picked":"theMarked:Aftermath","floor":10},{"not_picked":["theMarked:TunnelVision","theMarked:Pokerface","theMarked:Parkour"],"picked":"theMarked:TakeOffHeels","floor":11},{"not_picked":["theMarked:Standoff","theMarked:EmpowerWeapon","theMarked:TwofoldDefense"],"picked":"theMarked:Determination","floor":14},{"not_picked":["theMarked:EternalStudent","theMarked:Snap","theMarked:Toughness"],"picked":"theMarked:Abjuration","floor":16},{"not_picked":["theMarked:ChainLightning","theMarked:RepellingDischarge","theMarked:Challenge"],"picked":"theMarked:WardOff","floor":18},{"not_picked":["theMarked:Improvise","theMarked:TwofoldDefense"],"picked":"theMarked:TakeCover+1","floor":22},{"not_picked":["theMarked:ChainLightning+1","theMarked:WastefulAttack"],"picked":"theMarked:AttractMetal+1","floor":23}],"player_experience":3716068,"relics_obtained":[{"floor":6,"key":"Anchor"},{"floor":8,"key":"Question Card"},{"floor":9,"key":"Mummified Hand"},{"floor":12,"key":"Juzu Bracelet"},{"floor":23,"key":"Potion Belt"},{"floor":23,"key":"MawBank"}],"event_choices":[{"damage_healed":0,"gold_gain":0,"player_choice":"Take Wound","damage_taken":0,"relics_obtained":["Golden Idol"],"max_hp_gain":0,"max_hp_loss":0,"event_name":"Golden Idol","floor":2,"gold_loss":0,"cards_obtained":["Injury"]},{"damage_healed":0,"gold_gain":175,"player_choice":"AGREE","damage_taken":0,"max_hp_gain":0,"max_hp_loss":0,"event_name":"Liars Game","floor":3,"gold_loss":0,"cards_obtained":["Doubt"]},{"cards_removed":["Doubt","Injury"],"damage_healed":0,"gold_gain":0,"player_choice":"Removed Curses","damage_taken":0,"max_hp_gain":0,"max_hp_loss":0,"event_name":"Fountain of Cleansing","floor":4,"gold_loss":0},{"damage_healed":0,"gold_gain":0,"player_choice":"Paid Gold","damage_taken":0,"relics_obtained":["Art of War"],"max_hp_gain":0,"max_hp_loss":0,"event_name":"WeMeetAgain","floor":13,"gold_loss":51},{"damage_healed":0,"gold_gain":30,"player_choice":"Searched \u00273\u0027 times","damage_taken":0,"relics_obtained":["Ornamental Fan"],"max_hp_gain":0,"max_hp_loss":0,"event_name":"Dead Adventurer","floor":14,"gold_loss":0},{"damage_healed":0,"gold_gain":0,"player_choice":"Offer","damage_taken":0,"relics_obtained":["Black Star"],"max_hp_gain":0,"max_hp_loss":0,"event_name":"Elementarium:GreatTreasure","floor":20,"relics_lost":["theMarked:SpiritSword"],"gold_loss":0}],"is_beta":false,"boss_relics":[{"not_picked":["Philosopher\u0027s Stone","SacredBark"],"picked":"theMarked:SpiritSword"}],"items_purged_floors":[19],"is_endless":false,"potions_floor_spawned":[1,11,14,23],"killed_by":"Elementarium:VoidBeast","ascension_level":0}}