{"host":"sz8c8ni79nvzjmmg","time":1612107244,"event":{"mods":["AchievementEnabler","BaseMod","DeckTracker","Keyboard Shortcuts","Minty Spire (QoL Compilation)","SuperFastMode"],"gold_per_floor":[362,362,362,386,401,401,421,437,461,461,476,504,107,182,182,182,182],"floor_reached":16,"language":"KOR","playtime":449,"items_purged":["Strike_G"],"score":184,"play_id":"5776ed90-4866-4f22-8222-a742b203bcab","local_time":"20210201003404","is_ascension_mode":true,"campfire_choices":[{"data":"Blade Dance","floor":6.0,"key":"SMITH"},{"floor":10.0,"key":"REST"},{"data":"Malaise","floor":15.0,"key":"SMITH"}],"circlet_count":0,"master_deck":["AscendersBane","Strike_G","Strike_G","Strike_G","Strike_G","Defend_G","Defend_G","Defend_G","Defend_G","Defend_G","Survivor","Neutralize","Blade Dance+1","Noxious Fumes","Reflex","Malaise+1","Choke","Escape Plan"],"relics":["Ring of the Snake","Regal Pillow","Golden Idol","MealTicket","Odd Mushroom","TungstenRod"],"acts_visited":["Exordium"],"potions_floor_usage":[16,16],"damage_taken":[{"damage":5.0,"enemies":"Small Slimes","floor":1.0,"turns":4.0},{"damage":0.0,"enemies":"Jaw Worm","floor":4.0,"turns":4.0},{"damage":0.0,"enemies":"2 Louse","floor":5.0,"turns":3.0},{"damage":5.0,"enemies":"Looter","floor":7.0,"turns":4.0},{"damage":0.0,"enemies":"Blue Slaver","floor":8.0,"turns":5.0},{"damage":6.0,"enemies":"3 Louse","floor":11.0,"turns":3.0},{"damage":28.0,"enemies":"The Mushroom Lair","floor":12.0,"turns":6.0},{"damage":16,"enemies":"The Guardian","floor":16,"turns":6}],"seed_played":"9040594293333042903","potions_obtained":[{"floor":1.0,"key":"SkillPotion"},{"floor":7.0,"key":"Weak Potion"},{"floor":8.0,"key":"PowerPotion"}],"is_trial":false,"path_per_floor":["M","?","?","M","M","R","M","M","T","R","M","?","$","?","R","B"],"character_chosen":"THE_SILENT","items_purchased":["TungstenRod"],"campfire_rested":1,"item_purchase_floors":[13],"current_hp_per_floor":[54,19,19,19,19,19,14,14,14,45,39,11,26,16,16,0,0],"gold":182,"neow_bonus":"TWO_FIFTY_GOLD","is_daily":false,"chose_seed":false,"campfire_upgraded":2,"win_rate":0.0,"timestamp":1612107244,"path_taken":["M","?","?","M","M","R","M","M","T","R","M","?","$","?","R","BOSS"],"items_purchased_type":["Relic"],"build_version":"2020-12-22","purchased_purges":1,"victory":false,"max_hp_per_floor":[60,60,54,54,54,54,54,54,54,54,54,54,54,54,54,54,54],"card_choices":[{"not_picked":["Endless Agony","Accuracy"],"picked":"Blade Dance","floor":1.0},{"not_picked":["Masterful Stab","Underhanded Strike"],"picked":"Noxious Fumes","floor":4.0},{"not_picked":["PiercingWail","Dodge and Roll"],"picked":"Reflex","floor":5.0},{"not_picked":["Dagger Spray","Poisoned Stab","Malaise"],"picked":"SKIP","floor":7.0},{"not_picked":["Dagger Spray","Poisoned Stab"],"picked":"Malaise","floor":7.0},{"not_picked":["Backflip","Underhanded Strike"],"picked":"Choke","floor":8.0},{"not_picked":["PiercingWail","Deadly Poison","Backstab"],"picked":"SKIP","floor":11.0},{"not_picked":["Sucker Punch","Setup"],"picked":"Escape Plan","floor":12.0}],"player_experience":1236885,"relics_obtained":[{"floor":9.0,"key":"MealTicket"},{"floor":12.0,"key":"Odd Mushroom"}],"event_choices":[{"damage_healed":0.0,"max_hp_gain":0.0,"max_hp_loss":0.0,"gold_gain":0.0,"event_name":"Scrap Ooze","player_choice":"Success","floor":2.0,"gold_loss":0.0,"damage_taken":35.0,"relics_obtained":["Regal Pillow"]},{"damage_healed":0.0,"max_hp_gain":0.0,"max_hp_loss":6.0,"gold_gain":0.0,"event_name":"Golden Idol","player_choice":"Lose Max HP","floor":3.0,"gold_loss":0.0,"damage_taken":0.0,"relics_obtained":["Golden Idol"]},{"damage_healed":0.0,"max_hp_gain":0.0,"max_hp_loss":0.0,"gold_gain":0.0,"event_name":"Mushrooms","player_choice":"Fought Mushrooms","floor":12.0,"gold_loss":0.0,"damage_taken":0.0},{"damage_healed":0.0,"max_hp_gain":0.0,"max_hp_loss":0.0,"gold_gain":75.0,"event_name":"World of Goop","player_choice":"Gather Gold","floor":14.0,"gold_loss":0.0,"damage_taken":11.0}],"is_beta":false,"boss_relics":[],"items_purged_floors":[13],"is_endless":false,"potions_floor_spawned":[1,7,8],"killed_by":"The Guardian","ascension_level":20}}