{"host":"oigynbtg272c19pw","time":1612113649,"event":{"mods":["BaseMod","Colored Map","Minty Spire (QoL Compilation)","Relic Stats","Slay the Relics Exporter","StSLib"],"gold_per_floor":[113,123,48,19,19,54,54,86,139,139,152,179,179,196,196,274,274,291,291,381,381,397,397,431,431,504,529,548,548,463,476,476,476,476],"floor_reached":33,"playtime":1071,"items_purged":[],"score":682,"play_id":"720e5af2-042b-4a07-9ae2-e371a7337242","local_time":"20210131182049","is_ascension_mode":true,"campfire_choices":[{"data":"Poisoned Stab","floor":7.0,"key":"SMITH"},{"data":"Catalyst","floor":10.0,"key":"SMITH"},{"data":"Footwork","floor":13.0,"key":"SMITH"},{"data":"Bane","floor":15.0,"key":"SMITH"},{"floor":23.0,"key":"REST"},{"floor":25,"key":"REST"},{"floor":29,"key":"REST"},{"floor":32,"key":"REST"}],"circlet_count":0,"master_deck":["AscendersBane","Strike_G+1","Strike_G+1","Strike_G+1","Strike_G+1","Defend_G+1","Defend_G+1","Defend_G+1","Defend_G+1","Defend_G+1","Survivor","Neutralize","Footwork+1","Poisoned Stab+1","Bane+1","Catalyst+1","Escape Plan","Dodge and Roll","Masterful Stab","After Image","Reflex","Panacea","Blade Dance","Finisher","Deflect+1","Prepared"],"relics":["Ring of the Snake","NeowsBlessing","Anchor","Tiny Chest","Happy Flower","Fusion Hammer","Ninja Scroll","Strawberry","Mummified Hand","Lantern","Snake Skull"],"acts_visited":["Exordium","TheCity"],"potions_floor_usage":[24,24,27,28],"damage_taken":[{"damage":0.0,"enemies":"Small Slimes","floor":1.0,"turns":1.0},{"damage":0.0,"enemies":"Jaw Worm","floor":2.0,"turns":1.0},{"damage":0.0,"enemies":"Lagavulin","floor":6.0,"turns":1.0},{"damage":27.0,"enemies":"Gremlin Nob","floor":8.0,"turns":4.0},{"damage":0.0,"enemies":"2 Louse","floor":11.0,"turns":2.0},{"damage":4.0,"enemies":"Gremlin Gang","floor":14.0,"turns":6.0},{"damage":24.0,"enemies":"Hexaghost","floor":16.0,"turns":10.0},{"damage":16.0,"enemies":"Spheric Guardian","floor":18.0,"turns":6.0},{"damage":0.0,"enemies":"2 Thieves","floor":22.0,"turns":4.0},{"damage":25,"enemies":"Book of Stabbing","floor":24,"turns":5},{"damage":0,"enemies":"Gremlin Leader","floor":27,"turns":5},{"damage":26,"enemies":"Cultist and Chosen","floor":28,"turns":6},{"damage":21,"enemies":"Snecko","floor":31,"turns":6},{"damage":62,"enemies":"Collector","floor":33,"turns":8}],"seed_played":"5176812497214405500","potions_obtained":[{"floor":6.0,"key":"GamblersBrew"},{"floor":11.0,"key":"BlessingOfTheForge"},{"floor":16.0,"key":"Weak Potion"},{"floor":18.0,"key":"Block Potion"},{"floor":22.0,"key":"SteroidPotion"},{"floor":24,"key":"ColorlessPotion"},{"floor":27,"key":"AttackPotion"}],"is_trial":false,"path_per_floor":["M","M","?","$","?","E","R","E","T","R","M","T","R","M","R","B",null,"M","?","?","T","M","R","E","R","T","E","M","R","?","M","R","B"],"character_chosen":"THE_SILENT","items_purchased":["Bane"],"campfire_rested":4,"item_purchase_floors":[4],"current_hp_per_floor":[59,59,59,59,59,59,59,32,32,32,32,32,32,28,28,4,51,35,35,17,17,17,36,18,39,39,39,13,34,34,13,34,0,0],"gold":476,"neow_bonus":"THREE_ENEMY_KILL","is_daily":false,"chose_seed":false,"campfire_upgraded":4,"win_rate":0.0,"timestamp":1612113649,"path_taken":["M","M","?","$","?","E","R","E","T","R","M","?","R","M","R","BOSS","M","?","?","?","M","R","E","R","T","E","M","R","?","M","R","BOSS"],"items_purchased_type":["Card"],"build_version":"2020-12-13","purchased_purges":0,"victory":false,"max_hp_per_floor":[66,66,66,66,66,66,66,66,66,66,66,66,66,66,66,66,66,66,66,66,66,66,66,73,73,73,73,73,73,73,73,73,73,73],"relic_stats":{"Happy Flower":[19],"counters":[14,65],"Mummified Hand":[9],"Tiny Chest":1,"Snake Skull":[4],"obtain_stats":[{"Anchor":6,"Lantern":27,"NeowsBlessing":0,"Happy Flower":9,"Ninja Scroll":21,"Mummified Hand":26,"Strawberry":24,"Tiny Chest":8,"Fusion Hammer":17,"Snake Skull":30,"Ring of the Snake":0},{"Anchor":3,"Lantern":11,"NeowsBlessing":0,"Happy Flower":4,"Ninja Scroll":8,"Mummified Hand":10,"Strawberry":10,"Tiny Chest":4,"Fusion Hammer":7,"Snake Skull":12,"Ring of the Snake":0},{"Anchor":3,"Lantern":45,"NeowsBlessing":0,"Happy Flower":7,"Ninja Scroll":31,"Mummified Hand":40,"Strawberry":40,"Tiny Chest":7,"Fusion Hammer":25,"Snake Skull":51,"Ring of the Snake":0}],"Ring of the Snake":[28]},"card_choices":[{"not_picked":["Cloak And Dagger","Acrobatics"],"picked":"Footwork","floor":1.0},{"not_picked":["Finisher","Quick Slash"],"picked":"Poisoned Stab","floor":2.0},{"not_picked":["Dagger Spray","Quick Slash"],"picked":"Catalyst","floor":6.0},{"not_picked":["Bane","Accuracy"],"picked":"Escape Plan","floor":8.0},{"not_picked":["Slice","Distraction"],"picked":"Dodge and Roll","floor":11.0},{"not_picked":["Finisher","Dagger Spray"],"picked":"Masterful Stab","floor":14.0},{"not_picked":["Venomology","Doppelganger"],"picked":"After Image","floor":16.0},{"not_picked":["Slice","Cloak And Dagger"],"picked":"Reflex","floor":18.0},{"not_picked":["Flying Knee","Slice"],"picked":"Blade Dance","floor":22.0},{"not_picked":["Underhanded Strike","Skewer"],"picked":"Finisher","floor":24},{"not_picked":["Poisoned Stab","Finisher"],"picked":"Deflect+1","floor":27},{"not_picked":["Dodge and Roll","Backflip"],"picked":"Prepared","floor":28},{"not_picked":["Dagger Spray","Bane","Prepared"],"picked":"SKIP","floor":31}],"player_experience":1520734,"relics_obtained":[{"floor":6.0,"key":"Anchor"},{"floor":8.0,"key":"Tiny Chest"},{"floor":9.0,"key":"Happy Flower"},{"floor":21.0,"key":"Ninja Scroll"},{"floor":24,"key":"Strawberry"},{"floor":26,"key":"Mummified Hand"},{"floor":27,"key":"Lantern"}],"event_choices":[{"cards_removed":["Strike_G"],"damage_healed":0.0,"max_hp_gain":0.0,"max_hp_loss":0.0,"gold_gain":0.0,"event_name":"The Cleric","player_choice":"Card Removal","floor":3.0,"gold_loss":75.0,"damage_taken":0.0},{"damage_healed":0.0,"max_hp_gain":0.0,"max_hp_loss":0.0,"gold_gain":0.0,"event_name":"Liars Game","player_choice":"Ignored","floor":5.0,"gold_loss":0.0,"damage_taken":0.0},{"damage_healed":0.0,"max_hp_gain":0.0,"max_hp_loss":0.0,"gold_gain":0.0,"event_name":"Back to Basics","player_choice":"Simplicity","floor":19.0,"gold_loss":0.0,"damage_taken":0.0,"cards_upgraded":["Strike_G","Strike_G","Strike_G","Strike_G","Defend_G","Defend_G","Defend_G","Defend_G","Defend_G"]},{"damage_healed":0.0,"max_hp_gain":0.0,"max_hp_loss":0.0,"gold_gain":90.0,"event_name":"Knowing Skull","player_choice":"CARD GOLD ","floor":20.0,"potions_obtained":[],"gold_loss":0.0,"damage_taken":18.0,"cards_obtained":["Panacea"]},{"damage_healed":0,"gold_gain":0,"player_choice":"Obtained Relic","damage_taken":0,"relics_obtained":["Snake Skull"],"max_hp_gain":0,"max_hp_loss":0,"event_name":"Addict","floor":30,"gold_loss":85}],"is_beta":false,"boss_relics":[{"not_picked":["Snecko Eye","Coffee Dripper"],"picked":"Fusion Hammer"}],"items_purged_floors":[],"is_endless":false,"potions_floor_spawned":[6,11,16,18,22,24,27],"killed_by":"Collector","ascension_level":20}}