{"host":"63yhhrjweyj22b0v","time":1612071143,"event":{"mods":["BaseMod","Minty Spire (QoL Compilation)","Quick Restart"],"gold_per_floor":[115,127,21,21,21,21,36,36,63,13,37,51,51,75,75,205,205,224,323,323,347,360,360,360,360],"floor_reached":24,"language":"ENG","playtime":654,"items_purged":["Defend_R"],"score":188,"play_id":"7ebc3083-b0cf-444e-9cbf-6e54f857f3eb","local_time":"20210130233223","is_ascension_mode":false,"campfire_choices":[{"data":"Bash","floor":6,"key":"SMITH"},{"floor":15,"key":"REST"},{"data":"Heavy Blade","floor":23,"key":"SMITH"}],"circlet_count":0,"master_deck":["Strike_R","Strike_R+1","Strike_R","Defend_R","Defend_R","Defend_R","Bash+1","Seeing Red+1","Flex","Heavy Blade+1","Shrug It Off","Flex","Cleave","Offering","Clash","Heavy Blade","Pommel Strike+1"],"relics":["Burning Blood","NeowsBlessing","Golden Idol","Smiling Mask","Empty Cage","Turnip"],"acts_visited":["Exordium","TheCity"],"potions_floor_usage":[16,16,18,24,24],"damage_taken":[{"damage":0,"enemies":"Small Slimes","floor":1,"turns":1},{"damage":0,"enemies":"2 Louse","floor":2,"turns":1},{"damage":0,"enemies":"Jaw Worm","floor":7,"turns":1},{"damage":3,"enemies":"2 Fungi Beasts","floor":11,"turns":4},{"damage":7,"enemies":"3 Louse","floor":12,"turns":3},{"damage":8,"enemies":"Large Slime","floor":14,"turns":4},{"damage":75,"enemies":"Hexaghost","floor":16,"turns":11},{"damage":6,"enemies":"Spheric Guardian","floor":18,"turns":3},{"damage":21,"enemies":"Shell Parasite","floor":21,"turns":3},{"damage":13,"enemies":"Snecko","floor":22,"turns":3},{"damage":12,"enemies":"Gremlin Leader","floor":24,"turns":3}],"seed_played":"3745201501047783857","potions_obtained":[{"floor":1,"key":"EssenceOfSteel"},{"floor":11,"key":"Weak Potion"},{"floor":16,"key":"Energy Potion"},{"floor":18,"key":"FearPotion"},{"floor":22,"key":"LiquidMemories"}],"is_trial":false,"path_per_floor":["M","M","$","?","?","R","M","?","T","$","M","M","?","M","R","B",null,"M","?","?","M","M","R","E"],"character_chosen":"IRONCLAD","items_purchased":["Flex","Heavy Blade"],"campfire_rested":1,"item_purchase_floors":[3,3],"current_hp_per_floor":[80,80,80,60,44,44,50,50,50,50,53,52,57,55,80,11,85,85,85,85,70,63,63,51,51],"gold":360,"neow_bonus":"THREE_ENEMY_KILL","is_daily":false,"chose_seed":false,"campfire_upgraded":2,"win_rate":0.0,"timestamp":1612071143,"path_taken":["M","M","$","?","?","R","M","?","T","$","M","M","?","?","R","BOSS","M","?","?","M","M","R","E"],"items_purchased_type":["Card","Card"],"build_version":"2020-12-22","purchased_purges":1,"victory":false,"max_hp_per_floor":[80,80,80,80,80,80,80,80,80,80,80,80,85,85,85,85,85,85,85,85,85,85,85,85,85],"card_choices":[{"not_picked":["Combust","Body Slam","Iron Wave"],"picked":"SKIP","floor":1},{"not_picked":["Heavy Blade","Perfected Strike"],"picked":"Seeing Red","floor":2},{"not_picked":["True Grit","Havoc"],"picked":"Shrug It Off","floor":7},{"not_picked":["Sentinel","Evolve","Power Through"],"picked":"SKIP","floor":11},{"not_picked":["Fiend Fire","Havoc"],"picked":"Flex","floor":12},{"not_picked":["Wild Strike","Pommel Strike"],"picked":"Cleave","floor":14},{"not_picked":["Berserk","Feed"],"picked":"Offering","floor":16},{"not_picked":["Armaments","Warcry"],"picked":"Clash","floor":18},{"not_picked":["Sever Soul","Infernal Blade"],"picked":"Heavy Blade","floor":21},{"not_picked":["Headbutt","Clothesline"],"picked":"Pommel Strike+1","floor":22}],"player_experience":606778,"relics_obtained":[{"floor":9,"key":"Smiling Mask"}],"event_choices":[{"damage_healed":0,"gold_gain":0,"player_choice":"Take Damage","damage_taken":20,"relics_obtained":["Golden Idol"],"max_hp_gain":0,"max_hp_loss":0,"event_name":"Golden Idol","floor":4,"gold_loss":0},{"damage_healed":0,"gold_gain":0,"player_choice":"Entered Light","damage_taken":16,"max_hp_gain":0,"max_hp_loss":0,"event_name":"Shining Light","floor":5,"gold_loss":0,"cards_upgraded":["Strike_R","Seeing Red"]},{"damage_healed":0,"gold_gain":0,"player_choice":"Ignored","damage_taken":0,"max_hp_gain":0,"max_hp_loss":0,"event_name":"Liars Game","floor":8,"gold_loss":0},{"damage_healed":0,"gold_gain":0,"player_choice":"Donut","damage_taken":0,"max_hp_gain":5,"max_hp_loss":0,"event_name":"Big Fish","floor":13,"gold_loss":0},{"damage_healed":0,"gold_gain":99,"player_choice":"Stole From Cult","damage_taken":0,"max_hp_gain":0,"max_hp_loss":0,"event_name":"Nest","floor":19,"gold_loss":0},{"damage_healed":0,"gold_gain":0,"player_choice":"Opened","damage_taken":0,"relics_obtained":["Turnip"],"max_hp_gain":0,"max_hp_loss":0,"event_name":"The Mausoleum","floor":20,"gold_loss":0}],"is_beta":false,"boss_relics":[{"not_picked":["Runic Dome","Velvet Choker"],"picked":"Empty Cage"}],"items_purged_floors":[10],"is_endless":false,"potions_floor_spawned":[1,11,16,18,22],"killed_by":"Gremlin Leader","ascension_level":0}}