{"host":"t7mx8yfj1no5p62f","time":1612052232,"event":{"mods":["BaseMod","Colored Map","Colored Powertips","Minty Spire (QoL Compilation)","Relic Stats","StSLib"],"gold_per_floor":[215,215,235,252,252,252,8,8,33,67,80,114,126,150,162,248,260,292,0,0,0,14,48,48,80,126,26,45,45,45],"floor_reached":29,"language":"ENG","playtime":948,"items_purged":["Strike_G","Strike_G"],"score":542,"play_id":"9fc303f9-5d85-4bf9-aaad-e08e937849cd","local_time":"20210130191712","is_ascension_mode":true,"campfire_choices":[{"data":"Blade Dance","floor":6,"key":"SMITH"},{"data":"Masterful Stab","floor":8,"key":"SMITH"},{"data":"Glass Knife","floor":15,"key":"SMITH"},{"data":"Phantasmal Killer","floor":24,"key":"SMITH"}],"circlet_count":0,"master_deck":["AscendersBane","Defend_G","Defend_G","Defend_G","Defend_G","Survivor","Neutralize","Poisoned Stab","Adrenaline","Blade Dance+1","Masterful Stab+1","Crippling Poison","PiercingWail","Glass Knife+1","Backflip","Phantasmal Killer+1","Blade Dance+1","Well Laid Plans","Accuracy","Noxious Fumes","Regret","Prepared+1","Crippling Poison"],"relics":["Ring of the Snake","TwistedFunnel","Orichalcum","InkBottle","MawBank","SlaversCollar","Vajra","Oddly Smooth Stone","Thread and Needle","Bronze Scales"],"acts_visited":["Exordium","TheCity"],"potions_floor_usage":[16,22,29],"damage_taken":[{"damage":14,"enemies":"Jaw Worm","floor":1,"turns":7},{"damage":0,"enemies":"2 Louse","floor":3,"turns":2},{"damage":0,"enemies":"Cultist","floor":4,"turns":3},{"damage":10,"enemies":"Lagavulin","floor":10,"turns":4},{"damage":0,"enemies":"2 Fungi Beasts","floor":11,"turns":2},{"damage":2,"enemies":"Gremlin Nob","floor":12,"turns":3},{"damage":0,"enemies":"Lots of Slimes","floor":14,"turns":2},{"damage":11,"enemies":"The Guardian","floor":16,"turns":11},{"damage":3,"enemies":"Spheric Guardian","floor":18,"turns":3},{"damage":8,"enemies":"Shell Parasite","floor":22,"turns":3},{"damage":12,"enemies":"Slavers","floor":23,"turns":4},{"damage":9,"enemies":"Book of Stabbing","floor":25,"turns":3},{"damage":5,"enemies":"3 Cultists","floor":28,"turns":4},{"damage":18,"enemies":"Gremlin Leader","floor":29,"turns":3}],"seed_played":"5845494518776934114","potions_obtained":[{"floor":1,"key":"BlessingOfTheForge"},{"floor":3,"key":"SkillPotion"},{"floor":4,"key":"Swift Potion"},{"floor":11,"key":"PowerPotion"},{"floor":23,"key":"SpeedPotion"}],"is_trial":false,"path_per_floor":["M","?","M","M","?","R","$","R","T","E","M","E","?","M","R","B",null,"M","$","?","?","M","E","R","E","T","$","M","E"],"character_chosen":"THE_SILENT","items_purchased":["TwistedFunnel","Well Laid Plans","Vajra","SkillPotion"],"campfire_rested":0,"item_purchase_floors":[7,19,19,19],"current_hp_per_floor":[45,45,45,45,45,45,45,45,45,35,35,33,33,33,33,22,55,52,52,52,52,44,32,32,23,23,23,18,0,0],"gold":45,"neow_bonus":"HUNDRED_GOLD","is_daily":false,"chose_seed":false,"campfire_upgraded":4,"win_rate":0.0,"timestamp":1612052232,"path_taken":["M","?","M","M","?","R","$","R","T","E","?","E","?","M","R","BOSS","M","?","?","?","?","E","R","E","T","?","M","E"],"items_purchased_type":["Relic","Card","Relic","Potion"],"build_version":"2020-12-22","purchased_purges":2,"victory":false,"max_hp_per_floor":[66,66,66,66,66,66,66,66,66,66,66,66,66,66,66,66,66,66,66,66,66,66,66,66,66,66,66,66,66,66],"relic_stats":{"counters":[14,54],"Bronze Scales":[18],"Orichalcum":[78],"MawBank":84,"obtain_stats":[{"TwistedFunnel":7,"SlaversCollar":17,"Bronze Scales":26,"Vajra":19,"Oddly Smooth Stone":23,"Thread and Needle":25,"Orichalcum":9,"MawBank":12,"InkBottle":10,"Ring of the Snake":0},{"TwistedFunnel":3,"SlaversCollar":8,"Bronze Scales":12,"Vajra":9,"Oddly Smooth Stone":11,"Thread and Needle":12,"Orichalcum":3,"MawBank":6,"InkBottle":4,"Ring of the Snake":0},{"TwistedFunnel":12,"SlaversCollar":34,"Bronze Scales":47,"Vajra":37,"Oddly Smooth Stone":44,"Thread and Needle":47,"Orichalcum":12,"MawBank":21,"InkBottle":16,"Ring of the Snake":0}],"InkBottle":[20],"Ring of the Snake":[28]},"card_choices":[{"not_picked":["Blade Dance","Leg Sweep"],"picked":"Poisoned Stab","floor":1},{"not_picked":["Underhanded Strike","Blur"],"picked":"Blade Dance","floor":3},{"not_picked":["Quick Slash","Accuracy"],"picked":"Masterful Stab","floor":4},{"not_picked":["Blade Dance","Caltrops"],"picked":"Crippling Poison","floor":10},{"not_picked":["Cloak And Dagger","Dagger Throw"],"picked":"PiercingWail","floor":11},{"not_picked":["Flying Knee","Slice"],"picked":"Glass Knife","floor":12},{"not_picked":["Prepared","Cloak And Dagger","Caltrops"],"picked":"SKIP","floor":14},{"not_picked":["A Thousand Cuts","Unload"],"picked":"Phantasmal Killer","floor":16},{"not_picked":["Cloak And Dagger","Outmaneuver"],"picked":"Blade Dance+1","floor":18},{"not_picked":["Tactician","PiercingWail"],"picked":"Prepared+1","floor":22},{"not_picked":["Setup","Dagger Throw","Endless Agony"],"picked":"SKIP","floor":23},{"not_picked":["Skewer","Distraction"],"picked":"Crippling Poison","floor":25},{"not_picked":["Underhanded Strike+1","Cloak And Dagger","Dagger Spray"],"picked":"SKIP","floor":28}],"player_experience":1893999,"relics_obtained":[{"floor":9,"key":"Orichalcum"},{"floor":10,"key":"InkBottle"},{"floor":12,"key":"MawBank"},{"floor":23,"key":"Oddly Smooth Stone"},{"floor":25,"key":"Thread and Needle"},{"floor":26,"key":"Bronze Scales"}],"event_choices":[{"damage_healed":0,"gold_gain":0,"cards_transformed":["Strike_G"],"player_choice":"Change","damage_taken":0,"max_hp_gain":0,"max_hp_loss":0,"event_name":"Living Wall","floor":2,"gold_loss":0,"cards_obtained":["Adrenaline"]},{"damage_healed":0,"gold_gain":0,"player_choice":"0 cards matched","damage_taken":0,"max_hp_gain":0,"max_hp_loss":0,"event_name":"Match and Keep!","floor":5,"gold_loss":0,"cards_obtained":[]},{"damage_healed":0,"gold_gain":0,"cards_transformed":["Strike_G"],"player_choice":"Transformed","damage_taken":0,"max_hp_gain":0,"max_hp_loss":0,"event_name":"Transmorgrifier","floor":13,"gold_loss":0,"cards_obtained":["Backflip"]},{"damage_healed":0,"gold_gain":0,"cards_transformed":["Defend_G","Strike_G"],"player_choice":"Became Test Subject","damage_taken":0,"max_hp_gain":0,"max_hp_loss":0,"event_name":"Drug Dealer","floor":20,"gold_loss":0,"cards_obtained":["Accuracy","Noxious Fumes"]},{"damage_healed":0,"gold_gain":0,"player_choice":"1 cards matched","damage_taken":0,"max_hp_gain":0,"max_hp_loss":0,"event_name":"Match and Keep!","floor":21,"gold_loss":0,"cards_obtained":["Regret"]}],"is_beta":false,"boss_relics":[{"not_picked":["Sozu","Busted Crown"],"picked":"SlaversCollar"}],"items_purged_floors":[7,27],"is_endless":false,"potions_floor_spawned":[1,3,4,11,23],"killed_by":"Gremlin Leader","ascension_level":20}}