{"host":"9n9nzkokhxe59gmc","time":1612086978,"event":{"mods":["Act Like it!","BaseMod","Elementarium","Hallownest","Hermit","Hubris","Infinite Spire","Menagerie","Minty Spire (QoL Compilation)","Replay The Spire","Shade Mod","StSLib","The Marked","The Servant 0.9.4"],"gold_per_floor":[365,141,156,244,244,269,269,282,282,282,313,324,202,202,202,300,300,318,203,220,73,73,102,118,118,118,40,40,70,87,105,105,210,260,275,275,275,275,275,275],"floor_reached":39,"language":"ENG","playtime":1333,"items_purged":[],"score":450,"play_id":"c810afc9-1206-4f3f-b8d9-226ab8323ec3","local_time":"20210131015618","is_ascension_mode":false,"campfire_choices":[{"floor":7.0,"key":"REST"},{"data":"Shade:RavenousHorde","floor":10.0,"key":"SMITH"},{"floor":15.0,"key":"REST"},{"floor":25.0,"key":"REST"},{"floor":28.0,"key":"REST"},{"floor":32.0,"key":"REST"}],"circlet_count":0,"master_deck":["Shade:Strike_Shade+1","Shade:Strike_Shade","Shade:Strike_Shade+1","Shade:Strike_Shade","Shade:Defend_Shade","Shade:Defend_Shade","Shade:Defend_Shade","Shade:Defend_Shade","Shade:AnimateDead","Shade:CarefulCut","Defend_B","hubris:Strike_Merchant","Shade:DangerousRitual","Shade:BoneShards","Shade:Premonition","Shade:SanguineRitual","Shade:Frenzy","Shade:RavenousHorde+1","Shade:SkeletonArmy","Shade:Premonition","Shade:Frenzy","Shade:OfferingToTheBeyond","Shade:OfferingToTheBeyond","Shade:Consume+1","Shade:FuneraryJewels","Shade:CommandSoldier+1","Shade:Bonestorm","Shade:StitchTogether+1","Shade:Premonition","Shade:Premonition","Shade:AuraOfUnlife","Shade:LichForm","Shade:FuneraryJewels"],"relics":["Shade:YorickPolishedSkull","Vajra","Akabeko","infinitespire:FocusingShard","Letter Opener","Blue Doll","Elementarium:HuntersBracer","Sling","StrikeDummy","Bag of Marbles","Replay:Wax Seal","Tiny Chest","Elementarium:ElementariumTrophy","Tiny House","hubris:Towel","Hallownest:KingsIdolRelic"],"acts_visited":["Exordium","Menagerie:Menagerie","Elementarium:Elementarium"],"potions_floor_usage":[],"damage_taken":[{"damage":1.0,"enemies":"Menagerie:StygianBoar","floor":1.0,"turns":4.0},{"damage":0.0,"enemies":"Menagerie:2_RABBITS","floor":3.0,"turns":3.0},{"damage":7.0,"enemies":"Menagerie:Hydra","floor":6.0,"turns":5.0},{"damage":2.0,"enemies":"Menagerie:MonstrousExperiment","floor":8.0,"turns":2.0},{"damage":10.0,"enemies":"Menagerie:VoidReaper","floor":11.0,"turns":6.0},{"damage":4.0,"enemies":"Menagerie:MeltingSalamander","floor":12.0,"turns":3.0},{"damage":12.0,"enemies":"Menagerie:Chimera","floor":16.0,"turns":10.0},{"damage":4.0,"enemies":"Elementarium:VoidCorruption","floor":18.0,"turns":5.0},{"damage":2.0,"enemies":"Elementarium:2_ELEMENTALS","floor":20.0,"turns":2.0},{"damage":22.0,"enemies":"Nightmare","floor":23.0,"turns":4.0},{"damage":14.0,"enemies":"Elementarium:Hydrostalker","floor":24.0,"turns":6.0},{"damage":7.0,"enemies":"Elementarium:WarGolem","floor":29.0,"turns":3.0},{"damage":26.0,"enemies":"Elementarium:VOID_CORRUPTION_AND_ORB_OF_FIRE","floor":30.0,"turns":7.0},{"damage":18.0,"enemies":"Elementarium:CYCLONE_AND_ORB_OF_FIRE","floor":31.0,"turns":4.0},{"damage":47.0,"enemies":"Elementarium:GoldenDragon","floor":33.0,"turns":9.0},{"damage":35,"enemies":"Hallownest:2_Littles","floor":35,"turns":5},{"damage":41,"enemies":"Hallownest:3_Siblings","floor":39,"turns":5}],"seed_played":"-8977968348509928996","potions_obtained":[{"floor":8.0,"key":"Elixir"},{"floor":11.0,"key":"Adrenaline Potion"},{"floor":12.0,"key":"Cursed Concoction"},{"floor":18.0,"key":"PowerPotion"},{"floor":20.0,"key":"SteroidPotion"},{"floor":31.0,"key":"DuplicationPotion"},{"floor":34.0,"key":"Venom Potion"},{"floor":35,"key":"Fire Potion"}],"is_trial":false,"path_per_floor":["M","$","M","?","?","E","R","M","T","R","E","M","$","?","R","B",null,"M","?","M","$","?","NM","M","R","T","$","R","E","M","M","R","B",null,"M","?","?","AVR","M"],"character_chosen":"SHADE","items_purchased":["Vajra","DuplicationPotion","Shade:Frenzy","Shade:OfferingToTheBeyond","Sling","Replay:Wax Seal"],"campfire_rested":5,"item_purchase_floors":[2,2,13,13,21,27],"current_hp_per_floor":[64,64,64,38,33,26,45,43,43,43,33,29,29,32,52,40,68,64,64,62,62,62,40,26,46,46,46,66,59,43,35,55,18,73,38,38,38,38,0,0],"gold":275,"neow_bonus":"TWO_FIFTY_GOLD","is_daily":false,"chose_seed":false,"campfire_upgraded":1,"win_rate":0.0,"timestamp":1612086978,"path_taken":["M","$","M","?","?","E","R","M","T","R","E","M","$","?","R","BOSS","M","?","?","$","?","NM","M","R","T","$","R","E","M","M","R","BOSS","M","?","?","AVR","?"],"items_purchased_type":["Relic","Potion","Card","Card","Relic","Relic"],"build_version":"2020-12-22","purchased_purges":0,"victory":false,"max_hp_per_floor":[65,65,65,65,65,65,65,65,65,65,65,65,65,68,68,68,68,68,68,68,68,68,68,68,68,68,68,68,68,68,68,68,68,73,73,73,73,73,73,73],"card_choices":[{"not_picked":["Shade:Brains","Shade:Doomsay"],"picked":"Shade:DangerousRitual","floor":1.0},{"not_picked":["Shade:SpontaneousRitual","Shade:FreshBones"],"picked":"Shade:BoneShards","floor":3.0},{"not_picked":["Shade:Excise","Shade:PressTheAttack"],"picked":"Shade:Premonition","floor":4.0},{"not_picked":["Shade:WallOfFlesh","Shade:ClawBack"],"picked":"Shade:SanguineRitual","floor":4.0},{"not_picked":["Shade:Asphyxiate","Shade:CommandSoldier"],"picked":"Shade:Frenzy","floor":6.0},{"not_picked":["Shade:FleshOffering","Shade:AblativeArmor"],"picked":"Shade:RavenousHorde","floor":8.0},{"not_picked":["Shade:CoffinDance","Shade:MadHubris"],"picked":"Shade:SkeletonArmy","floor":11.0},{"not_picked":["Shade:FleshToFlesh","Shade:Brains"],"picked":"Shade:Premonition","floor":12.0},{"not_picked":["Shade:LoseControl","Shade:DarkOfNight"],"picked":"Shade:Consume","floor":16.0},{"not_picked":["Shade:FleshOffering","Shade:FuneraryArmor"],"picked":"Shade:FuneraryJewels","floor":18.0},{"not_picked":["Shade:SkeletonHug","Shade:DangerousRitual"],"picked":"Shade:CommandSoldier+1","floor":20.0},{"not_picked":["Shade:RitualOffering","Shade:FleshToFlesh"],"picked":"Shade:Bonestorm","floor":23.0},{"not_picked":["Shade:GreyBargain+1","Shade:WallOfFlesh"],"picked":"Shade:StitchTogether+1","floor":24.0},{"not_picked":["Shade:CoffinDance","Shade:Consume"],"picked":"Shade:Premonition","floor":29.0},{"not_picked":["Shade:RavenousHorde","Shade:ClawBack"],"picked":"Shade:Premonition","floor":30.0},{"not_picked":["Shade:PoundOfFlesh+1","Shade:AncientSpear+1"],"picked":"Shade:AuraOfUnlife","floor":31.0},{"not_picked":["Shade:Consume","Shade:SelfBurial"],"picked":"Shade:LichForm","floor":33.0},{"not_picked":["Shade:FeralStrike","Shade:Patience"],"picked":"Shade:FuneraryJewels","floor":34.0},{"not_picked":["Shade:ExtraLimbs","Shade:PressTheAttack","Shade:Haruspicy+1"],"picked":"SKIP","floor":35}],"player_experience":737828,"relics_obtained":[{"floor":4.0,"key":"Akabeko"},{"floor":6.0,"key":"infinitespire:FocusingShard"},{"floor":9.0,"key":"Letter Opener"},{"floor":11.0,"key":"Blue Doll"},{"floor":23.0,"key":"StrikeDummy"},{"floor":26.0,"key":"Bag of Marbles"},{"floor":29.0,"key":"Tiny Chest"}],"event_choices":[{"damage_healed":0.0,"max_hp_gain":0.0,"max_hp_loss":5.0,"gold_gain":0.0,"event_name":"Menagerie:HarrowingRitual","player_choice":"Accept","floor":5.0,"gold_loss":0.0,"damage_taken":0.0,"cards_upgraded":["Shade:Strike_Shade"]},{"damage_healed":0.0,"max_hp_gain":0.0,"max_hp_loss":0.0,"gold_gain":0.0,"event_name":"Elementarium:BigGameHunter","player_choice":"Sling","floor":19.0,"gold_loss":115.0,"damage_taken":0.0,"relics_obtained":["Elementarium:HuntersBracer"]},{"damage_healed":0.0,"max_hp_gain":0.0,"max_hp_loss":0.0,"gold_gain":0.0,"event_name":"Elementarium:SculptureGarden","player_choice":"Meditate","floor":22.0,"gold_loss":0.0,"damage_taken":0.0,"cards_upgraded":["Shade:Consume"]}],"is_beta":false,"boss_relics":[{"not_picked":["Replay:Grab Bag","Philosopher\u0027s Stone"],"picked":"Shade:YorickPolishedSkull"},{"not_picked":["hubris:TerracottaHorce","ReplayTheSpireMod:DimensionalGlitch"],"picked":"Tiny House"}],"items_purged_floors":[],"is_endless":true,"potions_floor_spawned":[8,11,12,18,20,31,33,35],"killed_by":"Hallownest:3_Siblings","ascension_level":0}}