{"host":"mys00ehszg9tpx2w","time":1612074363,"event":{"mods":["Act Like it!","BaseMod","Better Vampires","CapriCore","Chen","Colored Powertips","Energized Spire","Gensokyo","Highlight Path","Koishi","KomeijiMod","Marisa（F雨　魔理沙）","Minty Spire (QoL Compilation)","Reimu（博丽灵梦）","Relic Stats","Remilia（蕾米莉亚）","RumiaBox-露米娅的神秘盒子","Shop Mod","Spicy Shops","StSLib","The Administrix","The Immortal","The Servant 0.9.4","Yakumo Yukari mod","Youmu（魂魄妖梦）","Yuyuko","noobMod","【功能Mod】聪明的最终Boss","篝火指南"],"gold_per_floor":[111,19,19,19,19,19,19],"floor_reached":6,"language":"ZHS","playtime":2638,"items_purged":[],"score":57,"play_id":"da3787be-1187-4411-82f4-d5b974d454b0","local_time":"20210131142603","is_ascension_mode":false,"campfire_choices":[],"circlet_count":0,"master_deck":["Strike_S","Strike_S","Strike_S","Strike_S","Defend_S","Defend_S","Defend_S","Defend_S","KidneyShot","Exchange","Gensokyo:ScrapIron","Gensokyo:Shovel","Pain"],"relics":["ice","MysterySword","Baka","Happy Flower","Gensokyo:LunaticRedEyes","Pear"],"acts_visited":["Gensokyo:Gensokyo"],"potions_floor_usage":[],"damage_taken":[{"damage":115,"enemies":"Gensokyo:Gryphon","floor":1,"turns":12},{"damage":99,"enemies":"Gensokyo:Cirno","floor":6,"turns":6}],"seed_played":"-4233914885848974937","potions_obtained":[],"is_trial":false,"path_per_floor":["M","COS","?","?","?","E"],"character_chosen":"THE_SERVANT","items_purchased":[],"campfire_rested":0,"item_purchase_floors":[],"current_hp_per_floor":[70,70,70,70,65,0,0],"gold":19,"neow_bonus":"BOSS_RELIC","is_daily":false,"chose_seed":false,"campfire_upgraded":0,"win_rate":0.0,"timestamp":1612074363,"path_taken":["M","COS","?","?","?","E"],"items_purchased_type":[],"build_version":"2020-12-22","purchased_purges":0,"victory":false,"max_hp_per_floor":[70,70,70,70,80,93,93],"relic_stats":{"Happy Flower":[2],"counters":[2,18],"obtain_stats":[{"Pear":5,"Happy Flower":3,"MysterySword":0,"Uniform":0,"ice":0,"Baka":1,"Gensokyo:LunaticRedEyes":4},{"Pear":1,"Happy Flower":1,"MysterySword":0,"Uniform":0,"ice":0,"Baka":1,"Gensokyo:LunaticRedEyes":1},{"Pear":12,"Happy Flower":12,"MysterySword":0,"Uniform":0,"ice":0,"Baka":12,"Gensokyo:LunaticRedEyes":12}]},"card_choices":[{"not_picked":["Starlight","Foresight"],"picked":"Sabotage","floor":1}],"player_experience":74617,"relics_obtained":[{"floor":1,"key":"Baka"}],"event_choices":[],"is_beta":false,"boss_relics":[],"items_purged_floors":[],"is_endless":false,"potions_floor_spawned":[],"killed_by":"Gensokyo:Cirno","ascension_level":0}}