{"host":"aw6ta4ll26ap9lu8","time":1612067122,"event":{"mods":["AchievementEnabler","AlwaysNeverKeys","BaseMod","Bestiary","Better Altar","Better Match","Better Note","Better Sensory Stone","Better Skull","Better Third Choice","Colored Map","Colored Powertips","Curses Come First","DeckTracker","Downfall","Filter the Spire","Highlight Path","Minty Spire (QoL Compilation)","Permanent Neow","Quick Restart","Random Character Button","Rare Cards Sparkle","Relic Sorter","Relic Stats","StSLib","Synergy Search","Weighted Paths"],"gold_per_floor":[14,0,0,0,17,17,35,35,60,97,129,176,188,230,242,351,363,390,508,532,564,10,10,45,45,70,86,86,104,104,115,115,219,219,237,249,249,249,263,263,294,294,294,323,338,38,38,65,65,65,65,65,20,51,51,51],"floor_reached":55,"language":"ENG","playtime":3090,"items_purged":["Strike_P"],"score":1395,"play_id":"a10cfbfe-4c39-4dd6-9b33-fbce50644011","local_time":"20210130232522","is_ascension_mode":true,"campfire_choices":[{"data":"Eruption","floor":6.0,"key":"SMITH"},{"data":"Prostrate","floor":8.0,"key":"SMITH"},{"data":"BattleHymn","floor":13.0,"key":"SMITH"},{"data":"Vigilance","floor":15.0,"key":"SMITH"},{"floor":23.0,"key":"REST"},{"floor":25.0,"key":"REST"},{"data":"Adaptation","floor":30.0,"key":"SMITH"},{"data":"Scrawl","floor":32.0,"key":"SMITH"},{"floor":40.0,"key":"REST"},{"floor":42.0,"key":"REST"},{"floor":49.0,"key":"REST"},{"floor":52.0,"key":"REST"}],"circlet_count":0,"master_deck":["AscendersBane","Strike_P+1","Strike_P+1","Defend_P+1","Defend_P+1","Defend_P+1","Defend_P+1","Eruption+1","Vigilance+1","BattleHymn+1","FlyingSleeves+1","Prostrate+1","FearNoEvil+1","CutThroughFate+1","CutThroughFate+1","Adaptation+1","Scrawl+1","CutThroughFate+1","FollowUp+1","Evaluate+1","Vault+1","FlurryOfBlows+1","Crescendo+1","CrushJoints+1","Evaluate+1","Deep Breath"],"relics":["PureWater","Incense Burner","betterThird:SlimedRelic","MawBank","Omamori","GoldenEye","Ginger","Busted Crown","Blood Vial","Regal Pillow","Melange","Prayer Wheel","Anchor","Calling Bell","Centennial Puzzle","Gremlin Horn","StoneCalendar","Mark of the Bloom","HornCleat","Question Card","Pen Nib","Membership Card","Mango","Potion Belt","CloakClasp"],"acts_visited":["Exordium","TheCity","TheBeyond","TheEnding"],"potions_floor_usage":[54,55],"damage_taken":[{"damage":0.0,"enemies":"Jaw Worm","floor":1.0,"turns":3.0},{"damage":0.0,"enemies":"Cultist","floor":5.0,"turns":4.0},{"damage":6.0,"enemies":"2 Louse","floor":7.0,"turns":2.0},{"damage":18.0,"enemies":"3 Sentries","floor":10.0,"turns":8.0},{"damage":0.0,"enemies":"Red Slaver","floor":11.0,"turns":2.0},{"damage":2.0,"enemies":"Lagavulin","floor":12.0,"turns":7.0},{"damage":0.0,"enemies":"Gremlin Nob","floor":14.0,"turns":2.0},{"damage":10.0,"enemies":"Hexaghost","floor":16.0,"turns":7.0},{"damage":1.0,"enemies":"Spheric Guardian","floor":18.0,"turns":3.0},{"damage":0.0,"enemies":"Chosen","floor":20.0,"turns":2.0},{"damage":0.0,"enemies":"Snake Plant","floor":21.0,"turns":3.0},{"damage":29.0,"enemies":"Gremlin Leader","floor":24.0,"turns":6.0},{"damage":4.0,"enemies":"Centurion and Healer","floor":27.0,"turns":3.0},{"damage":1.0,"enemies":"Sentry and Sphere","floor":29.0,"turns":3.0},{"damage":2.0,"enemies":"Snake Plant","floor":31.0,"turns":2.0},{"damage":47.0,"enemies":"Collector","floor":33.0,"turns":6.0},{"damage":0.0,"enemies":"3 Shapes","floor":35.0,"turns":2.0},{"damage":0.0,"enemies":"3 Darklings","floor":36.0,"turns":4.0},{"damage":0.0,"enemies":"Transient","floor":39.0,"turns":6.0},{"damage":0.0,"enemies":"Reptomancer","floor":41.0,"turns":3.0},{"damage":0.0,"enemies":"Giant Head","floor":44.0,"turns":4.0},{"damage":22.0,"enemies":"Writhing Mass","floor":45.0,"turns":3.0},{"damage":0.0,"enemies":"Reptomancer","floor":48.0,"turns":3.0},{"damage":30.0,"enemies":"Time Eater","floor":50.0,"turns":9.0},{"damage":0,"enemies":"Shield and Spear","floor":54,"turns":4},{"damage":49,"enemies":"The Heart","floor":55,"turns":4}],"seed_played":"3633030230336905631","potions_obtained":[{"floor":1.0,"key":"Energy Potion"},{"floor":10.0,"key":"Weak Potion"},{"floor":12.0,"key":"FearPotion"},{"floor":14.0,"key":"SkillPotion"},{"floor":20.0,"key":"StancePotion"},{"floor":27.0,"key":"SkillPotion"},{"floor":28.0,"key":"SkillPotion"},{"floor":39.0,"key":"FearPotion"},{"floor":41.0,"key":"Fire Potion"},{"floor":54,"key":"PowerPotion"}],"is_trial":false,"path_per_floor":["M","?","?","$","M","R","M","R","T","E","M","E","R","E","R","B",null,"M","?","M","M","$","R","E","R","T","M","?","M","R","M","R","B",null,"M","M","?","?","M","R","E","R","T","E","M","$","?","E","R","B",null,"R","$","E","B"],"character_chosen":"WATCHER","items_purchased":["Blood Vial","Regal Pillow","CutThroughFate","Melange","Membership Card","Mango","Deep Breath"],"campfire_rested":6,"item_purchase_floors":[22,22,22,22,46,46,53],"current_hp_per_floor":[65,54,47,47,47,47,41,41,41,23,23,21,21,21,21,11,57,56,7,7,7,7,43,16,52,52,50,50,51,51,51,51,6,56,58,60,60,60,60,60,60,60,60,60,38,38,38,38,38,8,8,8,8,8,0,0],"gold":51,"neow_bonus":"ONE_RARE_RELIC","is_daily":false,"chose_seed":false,"campfire_upgraded":6,"win_rate":0.0,"timestamp":1612067122,"path_taken":["M","?","?","?","?","R","M","R","T","E","M","E","R","E","R","BOSS","M","?","M","M","$","R","E","R","T","M","?","?","R","M","R","BOSS","M","M","?","?","?","R","E","R","T","E","M","$","?","E","R","BOSS","R","$","E","BOSS"],"items_purchased_type":["Relic","Relic","Card","Relic","Relic","Relic","Card"],"build_version":"2020-12-22","purchased_purges":1,"victory":false,"max_hp_per_floor":[72,72,72,72,72,72,72,72,72,72,72,72,72,72,72,72,72,72,72,72,72,72,72,72,72,72,72,72,72,72,72,72,72,72,72,72,72,72,72,72,72,72,72,72,72,86,82,82,82,82,82,82,82,82,82,82],"relic_stats":{"Regal Pillow":60,"Mark of the Bloom":236,"Gremlin Horn":[11,11],"counters":[26,105],"Melange":[121],"StoneCalendar":[52],"Pen Nib":[10],"CloakClasp":[14],"Ginger":[12],"MawBank":156,"GoldenEye":[204],"Question Card":5,"Blood Vial":14,"Centennial Puzzle":[9],"Busted Crown":48,"Prayer Wheel":7,"obtain_stats":[{"Regal Pillow":22,"Mark of the Bloom":37,"Gremlin Horn":34,"Melange":22,"StoneCalendar":34,"Mango":46,"Incense Burner":0,"CloakClasp":54,"Ginger":14,"Blood Vial":22,"Centennial Puzzle":34,"HornCleat":41,"Prayer Wheel":24,"Potion Belt":48,"Pen Nib":44,"Omamori":10,"MawBank":9,"GoldenEye":12,"Question Card":43,"Calling Bell":34,"Anchor":26,"Busted Crown":17,"betterThird:SlimedRelic":2,"Membership Card":46,"PureWater":0},{"Regal Pillow":11,"Mark of the Bloom":18,"Gremlin Horn":16,"Melange":11,"StoneCalendar":16,"Mango":22,"Incense Burner":0,"CloakClasp":25,"Ginger":7,"Blood Vial":11,"Centennial Puzzle":16,"HornCleat":20,"Prayer Wheel":12,"Potion Belt":23,"Pen Nib":21,"Omamori":4,"MawBank":3,"GoldenEye":6,"Question Card":20,"Calling Bell":16,"Anchor":12,"Busted Crown":8,"betterThird:SlimedRelic":1,"Membership Card":22,"PureWater":0},{"Regal Pillow":43,"Mark of the Bloom":69,"Gremlin Horn":63,"Melange":43,"StoneCalendar":63,"Mango":85,"Incense Burner":0,"CloakClasp":101,"Ginger":28,"Blood Vial":43,"Centennial Puzzle":63,"HornCleat":78,"Prayer Wheel":49,"Potion Belt":88,"Pen Nib":82,"Omamori":17,"MawBank":9,"GoldenEye":26,"Question Card":78,"Calling Bell":63,"Anchor":49,"Busted Crown":35,"betterThird:SlimedRelic":3,"Membership Card":85,"PureWater":0}]},"card_choices":[{"not_picked":["FlurryOfBlows","BowlingBash"],"picked":"BattleHymn","floor":1.0},{"not_picked":["SashWhip","Consecrate"],"picked":"FlyingSleeves","floor":5.0},{"not_picked":["PathToVictory","ThirdEye"],"picked":"Prostrate","floor":7.0},{"not_picked":["FlyingSleeves","EmptyBody"],"picked":"FearNoEvil","floor":10.0},{"not_picked":["Conclude","Crescendo"],"picked":"CutThroughFate","floor":11.0},{"not_picked":["Protect","JustLucky"],"picked":"CutThroughFate","floor":12.0},{"not_picked":["Prostrate","Worship"],"picked":"Adaptation","floor":14.0},{"not_picked":["Blasphemy","MasterReality"],"picked":"Scrawl","floor":16.0},{"not_picked":["Study"],"picked":"SKIP","floor":18.0},{"not_picked":["Protect"],"picked":"SKIP","floor":20.0},{"not_picked":["ThirdEye"],"picked":"SKIP","floor":21.0},{"not_picked":["FlurryOfBlows"],"picked":"SKIP","floor":24.0},{"not_picked":["Protect+1"],"picked":"SKIP","floor":27.0},{"not_picked":["CrushJoints"],"picked":"SKIP","floor":27.0},{"not_picked":[],"picked":"FollowUp","floor":29.0},{"not_picked":[],"picked":"Evaluate","floor":29.0},{"not_picked":["Tantrum"],"picked":"SKIP","floor":31.0},{"not_picked":["InnerPeace"],"picked":"SKIP","floor":31.0},{"not_picked":[],"picked":"Vault","floor":33.0},{"not_picked":["MentalFortress"],"picked":"SKIP","floor":35.0},{"not_picked":["FlyingSleeves+1"],"picked":"SKIP","floor":35.0},{"not_picked":["ThirdEye"],"picked":"SKIP","floor":36.0},{"not_picked":["FlurryOfBlows+1"],"picked":"SKIP","floor":36.0},{"not_picked":[],"picked":"FlurryOfBlows+1","floor":36.0},{"not_picked":["ThirdEye"],"picked":"SKIP","floor":36.0},{"not_picked":[],"picked":"Crescendo+1","floor":39.0},{"not_picked":[],"picked":"CrushJoints+1","floor":39.0},{"not_picked":["SashWhip"],"picked":"SKIP","floor":41.0},{"not_picked":["FlurryOfBlows","SashWhip+1"],"picked":"SKIP","floor":44.0},{"not_picked":["Swivel","FollowUp+1"],"picked":"SKIP","floor":45.0},{"not_picked":["SignatureMove","PathToVictory"],"picked":"SKIP","floor":45.0},{"not_picked":["Perseverance"],"picked":"Evaluate+1","floor":48.0},{"not_picked":["CutThroughFate+1","Consecrate"],"picked":"SKIP","floor":54}],"player_experience":623788,"relics_obtained":[{"floor":9.0,"key":"MawBank"},{"floor":10.0,"key":"Omamori"},{"floor":12.0,"key":"GoldenEye"},{"floor":14.0,"key":"Ginger"},{"floor":24.0,"key":"Prayer Wheel"},{"floor":26.0,"key":"Anchor"},{"floor":34.0,"key":"Centennial Puzzle"},{"floor":34.0,"key":"Gremlin Horn"},{"floor":34.0,"key":"StoneCalendar"},{"floor":41.0,"key":"HornCleat"},{"floor":43.0,"key":"Question Card"},{"floor":44.0,"key":"Pen Nib"},{"floor":48.0,"key":"Potion Belt"},{"floor":54,"key":"CloakClasp"}],"event_choices":[{"damage_healed":0.0,"max_hp_gain":0.0,"max_hp_loss":0.0,"gold_gain":0.0,"event_name":"betterThird:BetterGoop","player_choice":"Slimed","floor":2.0,"gold_loss":14.0,"damage_taken":11.0},{"cards_removed":["Strike_P"],"damage_healed":0.0,"max_hp_gain":0.0,"max_hp_loss":0.0,"gold_gain":0.0,"event_name":"Golden Wing","player_choice":"Card Removal","floor":3.0,"gold_loss":0.0,"damage_taken":7.0},{"damage_healed":0.0,"max_hp_gain":0.0,"max_hp_loss":0.0,"gold_gain":106.0,"event_name":"betterSkull:BetterSkull","player_choice":"UP UP UP GO ","floor":19.0,"gold_loss":0.0,"damage_taken":56.0,"cards_upgraded":["Strike_P","Strike_P","CutThroughFate"],"relics_obtained":[]},{"damage_healed":0.0,"max_hp_gain":0.0,"max_hp_loss":0.0,"gold_gain":0.0,"event_name":"Lab","player_choice":"Got Potions","floor":28.0,"gold_loss":0.0,"damage_taken":0.0},{"damage_healed":0.0,"max_hp_gain":0.0,"max_hp_loss":0.0,"gold_gain":0.0,"event_name":"MindBloom","player_choice":"Upgrade","floor":37.0,"gold_loss":0.0,"damage_taken":0.0,"cards_upgraded":["Defend_P","Defend_P","Defend_P","Defend_P","FlyingSleeves","FearNoEvil","CutThroughFate","CutThroughFate","FollowUp","Evaluate","Vault"],"relics_obtained":["Mark of the Bloom"]},{"damage_healed":0.0,"max_hp_gain":0.0,"max_hp_loss":0.0,"gold_gain":0.0,"event_name":"Tomb of Lord Red Mask","player_choice":"Ignored","floor":38.0,"gold_loss":0.0,"damage_taken":0.0},{"damage_healed":0.0,"max_hp_gain":0.0,"max_hp_loss":4.0,"gold_gain":0.0,"event_name":"Winding Halls","player_choice":"Max HP","floor":47.0,"gold_loss":0.0,"damage_taken":0.0}],"is_beta":false,"boss_relics":[{"not_picked":["Runic Pyramid","bronze:MakeshiftBattery"],"picked":"Busted Crown"},{"not_picked":["Cursed Key","Velvet Choker"],"picked":"Calling Bell"}],"items_purged_floors":[22],"is_endless":false,"potions_floor_spawned":[1,10,12,14,20,27,29,39,41,44,54],"killed_by":"The Heart","ascension_level":11}}