{"host":"tetq3wi5anb97imq","time":1612058221,"event":{"mods":["BaseMod","Block Reminder","Minty Spire (QoL Compilation)","Quick Restart","StSLib","SuperFastMode"],"gold_per_floor":[117,128,278,278,278,278,313,313,313,313,350,9,9,30,30,110,110,137,146,172,195,215,215,252,252,252,252,292,292,331,358,358,438,447,467,467,490,490,27,27,66,66,66,106,118,158,205,255,267,279,279],"floor_reached":50,"language":"ENG","playtime":2339,"items_purged":["Strike_G"],"score":1198,"play_id":"0b4995bf-14fc-4e18-b958-28ee39dcb7d2","local_time":"20210130235701","is_ascension_mode":true,"campfire_choices":[{"data":"Glass Knife","floor":6,"key":"SMITH"},{"data":"Leg Sweep","floor":8,"key":"SMITH"},{"data":"Deadly Poison","floor":10,"key":"SMITH"},{"data":"Noxious Fumes","floor":13,"key":"SMITH"},{"data":"Die Die Die","floor":15,"key":"SMITH"},{"data":"Burst","floor":23,"key":"SMITH"},{"data":"Dash","floor":25,"key":"SMITH"},{"data":"Neutralize","floor":27,"key":"SMITH"},{"data":"Dodge and Roll","floor":29,"key":"SMITH"},{"data":"Poisoned Stab","floor":32,"key":"SMITH"},{"data":"Adrenaline","floor":40,"key":"SMITH"},{"data":"Blur","floor":42,"key":"SMITH"},{"data":"Backflip","floor":45,"key":"SMITH"},{"floor":49,"key":"RECALL"}],"circlet_count":0,"master_deck":["AscendersBane","Strike_G","Strike_G","Strike_G","Strike_G","Defend_G","Defend_G","Defend_G","Defend_G+1","Defend_G","Survivor+1","Neutralize+1","Glass Knife+1","Deadly Poison+1","Leg Sweep+1","Adrenaline+1","Die Die Die+1","Noxious Fumes+1","PiercingWail","Burst+1","Dash+1","Glass Knife+1","Deadly Poison+1","Backstab","Footwork+1","Dodge and Roll+1","After Image","Poisoned Stab+1","After Image","CurseOfTheBell","PiercingWail+1","Deadly Poison","Blur+1","PiercingWail","Backflip+1","Dagger Throw","Endless Agony+1","Parasite","Dash"],"relics":["Ring of the Snake","Happy Flower","CeramicFish","Meat on the Bone","Orichalcum","Eternal Feather","Sozu","Snake Skull","Ninja Scroll","Smiling Mask","Red Mask","Calling Bell","Bronze Scales","Matryoshka","Ginger","War Paint","Nunchaku","Pear","Bag of Marbles","MawBank","Darkstone Periapt"],"acts_visited":["Exordium","TheCity","TheBeyond"],"potions_floor_usage":[16,20],"damage_taken":[{"damage":1,"enemies":"Cultist","floor":1,"turns":3},{"damage":0,"enemies":"Small Slimes","floor":2,"turns":2},{"damage":20,"enemies":"3 Sentries","floor":7,"turns":9},{"damage":13,"enemies":"Lagavulin","floor":11,"turns":7},{"damage":0,"enemies":"Jaw Worm","floor":14,"turns":2},{"damage":45,"enemies":"Slime Boss","floor":16,"turns":8},{"damage":17,"enemies":"Shell Parasite","floor":18,"turns":4},{"damage":1,"enemies":"2 Thieves","floor":20,"turns":4},{"damage":12,"enemies":"Snake Plant","floor":21,"turns":4},{"damage":12,"enemies":"Chosen and Byrds","floor":22,"turns":7},{"damage":16,"enemies":"Book of Stabbing","floor":24,"turns":6},{"damage":41,"enemies":"Gremlin Leader","floor":28,"turns":7},{"damage":0,"enemies":"Masked Bandits","floor":30,"turns":2},{"damage":12,"enemies":"Snecko","floor":31,"turns":4},{"damage":55,"enemies":"Champ","floor":33,"turns":11},{"damage":15,"enemies":"3 Darklings","floor":35,"turns":5},{"damage":3,"enemies":"3 Shapes","floor":37,"turns":4},{"damage":11,"enemies":"Nemesis","floor":41,"turns":11},{"damage":39,"enemies":"Giant Head","floor":44,"turns":7},{"damage":27,"enemies":"Transient","floor":46,"turns":6},{"damage":24,"enemies":"Reptomancer","floor":47,"turns":7},{"damage":12,"enemies":"Writhing Mass","floor":48,"turns":7},{"damage":69,"enemies":"Time Eater","floor":50,"turns":10}],"seed_played":"-4073878133164784209","potions_obtained":[{"floor":14,"key":"CultistPotion"},{"floor":16,"key":"EssenceOfSteel"}],"is_trial":false,"path_per_floor":["M","M","?","?","?","R","E","R","T","R","E","$","R","M","R","B",null,"M","?","M","M","M","R","E","R","T","R","E","R","?","M","R","B",null,"M","?","M","?","$","R","E","R","T","E","R","M","E","M","R","B"],"character_chosen":"THE_SILENT","items_purchased":["Eternal Feather","Noxious Fumes","Blur","War Paint","Nunchaku"],"campfire_rested":0,"item_purchase_floors":[12,12,39,39,39],"current_hp_per_floor":[58,58,58,53,46,46,26,26,26,26,25,25,34,34,46,13,53,36,36,35,35,35,50,34,49,49,64,35,50,50,38,56,13,53,38,38,35,35,35,53,52,70,70,43,64,49,37,43,64,0,0],"gold":279,"neow_bonus":"ONE_RANDOM_RARE_CARD","is_daily":false,"chose_seed":false,"campfire_upgraded":13,"win_rate":0.0,"timestamp":1612058221,"path_taken":["M","M","?","?","?","R","E","R","T","R","E","?","R","M","R","BOSS","M","?","M","?","M","R","E","R","T","R","E","R","?","M","R","BOSS","M","?","M","?","$","R","E","R","T","E","R","?","E","M","R","BOSS"],"items_purchased_type":["Relic","Card","Card","Relic","Relic"],"build_version":"2020-12-22","purchased_purges":1,"victory":false,"max_hp_per_floor":[66,66,66,66,66,66,66,66,66,66,66,66,66,66,66,66,66,66,66,66,66,66,66,66,66,66,66,66,66,66,66,66,66,66,66,66,66,66,66,66,76,76,76,76,76,76,76,82,82,82,82],"card_choices":[{"not_picked":["Acrobatics","Deflect"],"picked":"Deadly Poison","floor":1},{"not_picked":["Calculated Gamble","Backflip"],"picked":"Leg Sweep","floor":2},{"not_picked":["Caltrops","Underhanded Strike"],"picked":"Adrenaline","floor":7},{"not_picked":["Masterful Stab","Accuracy"],"picked":"Die Die Die","floor":11},{"not_picked":["Sucker Punch","Expertise"],"picked":"PiercingWail","floor":14},{"not_picked":["Glass Knife","Night Terror"],"picked":"Burst","floor":16},{"not_picked":["Underhanded Strike","Infinite Blades+1"],"picked":"Dash","floor":18},{"not_picked":["Backflip","Dagger Throw"],"picked":"Deadly Poison+1","floor":20},{"not_picked":["Sucker Punch","Escape Plan"],"picked":"Backstab","floor":21},{"not_picked":["Backflip","Skewer"],"picked":"Footwork+1","floor":22},{"not_picked":["Skewer","Cloak And Dagger"],"picked":"Dodge and Roll","floor":24},{"not_picked":["Distraction+1","Deadly Poison"],"picked":"After Image","floor":28},{"not_picked":["Blade Dance+1","Well Laid Plans"],"picked":"Poisoned Stab","floor":30},{"not_picked":["PiercingWail","Riddle With Holes"],"picked":"Dash","floor":31},{"not_picked":["Storm of Steel","Glass Knife"],"picked":"After Image","floor":33},{"not_picked":["Blade Dance","Riddle With Holes"],"picked":"PiercingWail+1","floor":35},{"not_picked":["Prepared","Poisoned Stab"],"picked":"Deadly Poison","floor":37},{"not_picked":["Calculated Gamble+1","Masterful Stab"],"picked":"PiercingWail","floor":41},{"not_picked":["Infinite Blades","Corpse Explosion"],"picked":"Backflip","floor":44},{"not_picked":["Underhanded Strike+1","Backflip"],"picked":"Dagger Throw","floor":46},{"not_picked":["Prepared","Phantasmal Killer"],"picked":"Endless Agony+1","floor":47},{"not_picked":["Acrobatics","Prepared"],"picked":"Dash","floor":48}],"player_experience":1637357,"relics_obtained":[{"floor":7,"key":"CeramicFish"},{"floor":9,"key":"Meat on the Bone"},{"floor":11,"key":"Orichalcum"},{"floor":24,"key":"Snake Skull"},{"floor":26,"key":"Ninja Scroll"},{"floor":28,"key":"Smiling Mask"},{"floor":30,"key":"Red Mask"},{"floor":34,"key":"Bronze Scales"},{"floor":34,"key":"Matryoshka"},{"floor":34,"key":"Ginger"},{"floor":41,"key":"Pear"},{"floor":43,"key":"Bag of Marbles"},{"floor":44,"key":"MawBank"},{"floor":47,"key":"Darkstone Periapt"}],"event_choices":[{"damage_healed":0,"gold_gain":150,"player_choice":"AGREE","damage_taken":0,"max_hp_gain":0,"max_hp_loss":0,"event_name":"Liars Game","floor":3,"gold_loss":0,"cards_obtained":["Doubt"]},{"damage_healed":0,"gold_gain":0,"player_choice":"Success","damage_taken":5,"relics_obtained":["Happy Flower"],"max_hp_gain":0,"max_hp_loss":0,"event_name":"Scrap Ooze","floor":4,"gold_loss":0},{"cards_removed":["Doubt"],"damage_healed":0,"gold_gain":0,"player_choice":"Card Removal","damage_taken":7,"max_hp_gain":0,"max_hp_loss":0,"event_name":"Golden Wing","floor":5,"gold_loss":0},{"damage_healed":0,"gold_gain":0,"player_choice":"Copied","damage_taken":0,"max_hp_gain":0,"max_hp_loss":0,"event_name":"Duplicator","floor":19,"gold_loss":0,"cards_obtained":["Glass Knife"]},{"damage_healed":0,"gold_gain":0,"player_choice":"Fought Bandits","damage_taken":0,"max_hp_gain":0,"max_hp_loss":0,"event_name":"Masked Bandits","floor":30,"gold_loss":0},{"cards_removed":["Dash"],"damage_healed":0,"gold_gain":0,"player_choice":"Removed Attack","damage_taken":0,"max_hp_gain":0,"max_hp_loss":0,"event_name":"Falling","floor":36,"gold_loss":0},{"damage_healed":0,"gold_gain":0,"player_choice":"0 cards matched","damage_taken":0,"max_hp_gain":0,"max_hp_loss":0,"event_name":"Match and Keep!","floor":38,"gold_loss":0,"cards_obtained":[]}],"is_beta":false,"boss_relics":[{"not_picked":["Coffee Dripper","Black Star"],"picked":"Sozu"},{"not_picked":["Snecko Eye","Busted Crown"],"picked":"Calling Bell"}],"items_purged_floors":[39],"is_endless":false,"potions_floor_spawned":[14,16,21,22,31,33,37,44,48],"killed_by":"Time Eater","ascension_level":20}}