{"host":"n23juj4d9qam5hh1","time":1612133010,"event":{"mods":["BaseMod","Better Note","BetterRewards","Displayed Cursed Tome","Infinite Spire","Minty Spire (QoL Compilation)","Relic Stats","StSLib","Thieving Mod"],"gold_per_floor":[210,107,117,117,129,142,153,153,177,191,202,202,219,229,229,324,324,335,535,320,340,340,340,340,340,340,340,380,280,295,309,309,323,323],"floor_reached":33,"language":"ENG","playtime":1265,"items_purged":["Strike_R","Defend_R"],"score":313,"play_id":"7caa7262-6e14-4292-9915-cbcc7cf2b09f","local_time":"20210131174330","is_ascension_mode":true,"campfire_choices":[{"data":"Whirlwind","floor":15,"key":"SMITH"},{"data":"Spot Weakness","floor":23,"key":"SMITH"},{"data":"Spot Weakness","floor":27,"key":"SMITH"},{"floor":32,"key":"REST"}],"circlet_count":0,"master_deck":["Strike_R","Strike_R","Strike_R","Defend_R","Defend_R","Defend_R","Bash","Battle Trance","Spot Weakness+1","Anger","Shrug It Off","Flame Barrier","Shockwave","Sword Boomerang","Whirlwind+1","Shrug It Off","Double Tap","Spot Weakness+1","Metallicize","Uppercut","Power Through","Feel No Pain","Inflame"],"relics":["Black Blood","Vajra","MutagenicStrength","infinitespire:Midas Blood","Boot"],"acts_visited":["Exordium","TheCity"],"potions_floor_usage":[16,21,28,30,30,33],"damage_taken":[{"damage":7,"enemies":"Small Slimes","floor":1,"turns":4},{"damage":10,"enemies":"2 Louse","floor":3,"turns":3},{"damage":2,"enemies":"Cultist","floor":5,"turns":4},{"damage":2,"enemies":"2 Fungi Beasts","floor":6,"turns":5},{"damage":13,"enemies":"3 Louse","floor":7,"turns":3},{"damage":11,"enemies":"Exordium Thugs","floor":10,"turns":3},{"damage":1,"enemies":"2 Fungi Beasts","floor":11,"turns":4},{"damage":1,"enemies":"Looter","floor":13,"turns":3},{"damage":1,"enemies":"Blue Slaver","floor":14,"turns":3},{"damage":49,"enemies":"Hexaghost","floor":16,"turns":10},{"damage":2,"enemies":"Chosen","floor":18,"turns":5},{"damage":8,"enemies":"2 Thieves","floor":21,"turns":2},{"damage":28,"enemies":"Slavers","floor":28,"turns":4},{"damage":34,"enemies":"Cultist and Chosen","floor":30,"turns":7},{"damage":3,"enemies":"Chosen and Byrds","floor":31,"turns":7},{"damage":96,"enemies":"Collector","floor":33,"turns":7}],"seed_played":"1025884611679653042","potions_obtained":[{"floor":1,"key":"Regen Potion"},{"floor":7,"key":"DuplicationPotion"},{"floor":11,"key":"AttackPotion"},{"floor":14,"key":"DistilledChaos"},{"floor":18,"key":"Fire Potion"},{"floor":28,"key":"SkillPotion"},{"floor":31,"key":"Energy Potion"}],"is_trial":false,"path_per_floor":["M","$","M","?","M","M","M","?","T","M","M","$","M","M","R","B",null,"M","?","$","M","?","R","?","?","T","R","E","$","M","M","R","B"],"character_chosen":"IRONCLAD","items_purchased":["Spot Weakness","Anger","Metallicize","Uppercut"],"campfire_rested":1,"item_purchase_floors":[2,2,20,20],"current_hp_per_floor":[79,79,75,75,79,80,73,73,73,68,73,73,78,80,80,52,80,80,80,80,80,80,80,80,80,80,80,64,64,42,51,75,0,0],"gold":323,"neow_bonus":"HUNDRED_GOLD","is_daily":false,"chose_seed":false,"campfire_upgraded":3,"win_rate":0.0,"timestamp":1612133010,"path_taken":["M","$","M","?","M","M","M","?","T","M","M","$","M","M","R","BOSS","M","?","?","M","?","R","?","?","T","R","E","$","M","M","R","BOSS"],"items_purchased_type":["Card","Card","Card","Card"],"build_version":"2020-12-22","purchased_purges":2,"victory":false,"max_hp_per_floor":[80,80,80,80,80,80,80,80,80,80,80,80,80,80,80,80,80,80,80,80,80,80,80,80,80,80,80,80,80,80,80,80,80,80],"relic_stats":{"counters":[16,74],"Black Blood":100,"Boot":[8],"obtain_stats":[{"MutagenicStrength":22,"Vajra":9,"Black Blood":17,"Boot":28,"Burning Blood":0,"infinitespire:Midas Blood":26},{"MutagenicStrength":12,"Vajra":5,"Black Blood":10,"Boot":13,"Burning Blood":0,"infinitespire:Midas Blood":12},{"MutagenicStrength":49,"Vajra":19,"Black Blood":42,"Boot":53,"Burning Blood":0,"infinitespire:Midas Blood":49}]},"card_choices":[{"not_picked":["Dropkick","Feel No Pain"],"picked":"Battle Trance","floor":1},{"not_picked":["Havoc","Clash"],"picked":"Shrug It Off","floor":3},{"not_picked":["Twin Strike","Headbutt"],"picked":"Flame Barrier","floor":5},{"not_picked":["Perfected Strike","Wild Strike"],"picked":"Shockwave","floor":6},{"not_picked":["Hemokinesis","Pommel Strike"],"picked":"Sword Boomerang","floor":7},{"not_picked":["Flex","Offering","Anger"],"picked":"SKIP","floor":10},{"not_picked":["Anger","Warcry","True Grit"],"picked":"SKIP","floor":11},{"not_picked":["Flex","Clothesline"],"picked":"Whirlwind","floor":13},{"not_picked":["Dropkick","Rampage"],"picked":"Shrug It Off","floor":14},{"not_picked":["Bludgeon","Fiend Fire"],"picked":"Double Tap","floor":16},{"not_picked":["Headbutt","Dropkick"],"picked":"Spot Weakness","floor":18},{"not_picked":["Infernal Blade","True Grit"],"picked":"Power Through","floor":21},{"not_picked":["Rage+1","Dual Wield+1"],"picked":"Feel No Pain","floor":28},{"not_picked":["Iron Wave+1","Dropkick","Havoc+1"],"picked":"SKIP","floor":30},{"not_picked":["Clothesline+1","Clash"],"picked":"Inflame","floor":31}],"player_experience":271981,"relics_obtained":[{"floor":9,"key":"Vajra"},{"floor":26,"key":"infinitespire:Midas Blood"},{"floor":28,"key":"Boot"}],"event_choices":[{"damage_healed":0,"gold_gain":0,"player_choice":"Leave","damage_taken":0,"max_hp_gain":0,"max_hp_loss":0,"event_name":"The Cleric","floor":8,"gold_loss":0},{"damage_healed":0,"gold_gain":200,"player_choice":"Gold","damage_taken":0,"max_hp_gain":0,"max_hp_loss":0,"event_name":"Wheel of Change","floor":19,"gold_loss":0},{"damage_healed":0,"gold_gain":0,"player_choice":"Inject Mutagens","damage_taken":0,"relics_obtained":["MutagenicStrength"],"max_hp_gain":0,"max_hp_loss":0,"event_name":"Drug Dealer","floor":22,"gold_loss":0},{"cards_removed":["Strike_R"],"damage_healed":0,"gold_gain":0,"player_choice":"Elegance","damage_taken":0,"max_hp_gain":0,"max_hp_loss":0,"event_name":"Back to Basics","floor":24,"gold_loss":0},{"damage_healed":0,"gold_gain":0,"player_choice":"Ignored","damage_taken":0,"max_hp_gain":0,"max_hp_loss":0,"event_name":"Ghosts","floor":25,"gold_loss":0}],"is_beta":false,"boss_relics":[{"not_picked":["Tiny House","Coffee Dripper"],"picked":"Black Blood"}],"items_purged_floors":[20,29],"is_endless":false,"potions_floor_spawned":[1,7,11,14,18,28,31],"killed_by":"Collector","ascension_level":4}}