{"host":"zsnmfqgcm92hlreo","time":1612052104,"event":{"mods":["AchievementEnabler","BaseMod","Bestiary","Block Reminder","Colored Powertips","Minty Spire (QoL Compilation)","Permanent Neow","Quick Restart","Relic Stats","Weighted Paths"],"gold_per_floor":[368,518,518,530,216,216,216,251,327,365,365,386,409,409,409,505,505,525,10,60,60,35,71,71,71,71,86,124,142,56,56,56,56,56],"floor_reached":33,"language":"ENG","playtime":1565,"items_purged":["Pain"],"score":682,"play_id":"e8319cc8-eadd-43be-bd46-1ea7b1c15566","local_time":"20210130181504","is_ascension_mode":true,"campfire_choices":[{"data":"Dagger Spray","floor":7.0,"key":"SMITH"},{"floor":11.0,"key":"REST"},{"data":"Sucker Punch","floor":15.0,"key":"SMITH"},{"data":"Neutralize","floor":25.0,"key":"SMITH"},{"data":"Skewer","floor":32,"key":"SMITH"}],"circlet_count":0,"master_deck":["AscendersBane","Strike_G","Strike_G","Strike_G","Strike_G","Strike_G","Defend_G","Defend_G","Defend_G","Defend_G","Defend_G","Survivor","Neutralize+1","Dagger Throw","Doubt","Regret","Dagger Spray+1","Dash","Injury","Skewer+1","Sucker Punch+1","Tools of the Trade","PiercingWail","After Image","Cloak And Dagger","Writhe","Backflip+1","Backflip","Injury","Blur","Blade Dance","Caltrops","Shame"],"relics":["Ring of the Snake","Lantern","Blue Candle","Golden Idol","Paper Crane","Singing Bowl","Ornamental Fan","WarpedTongs","Cursed Key","Chemical X","Meat on the Bone","MealTicket","Dream Catcher","Tough Bandages","Ninja Scroll","Eternal Feather"],"acts_visited":["Exordium","TheCity"],"potions_floor_usage":[28,28],"damage_taken":[{"damage":0.0,"enemies":"Small Slimes","floor":1.0,"turns":4.0},{"damage":2.0,"enemies":"Jaw Worm","floor":4.0,"turns":4.0},{"damage":20.0,"enemies":"3 Sentries","floor":8.0,"turns":10.0},{"damage":25.0,"enemies":"Gremlin Nob","floor":10.0,"turns":4.0},{"damage":3.0,"enemies":"2 Louse","floor":12.0,"turns":2.0},{"damage":3.0,"enemies":"Red Slaver","floor":13.0,"turns":3.0},{"damage":16.0,"enemies":"The Guardian","floor":16.0,"turns":16.0},{"damage":15.0,"enemies":"Shell Parasite","floor":18.0,"turns":7.0},{"damage":3.0,"enemies":"2 Thieves","floor":22.0,"turns":4.0},{"damage":21.0,"enemies":"Slavers","floor":23.0,"turns":8.0},{"damage":4.0,"enemies":"Snake Plant","floor":27.0,"turns":5.0},{"damage":8,"enemies":"Gremlin Leader","floor":28,"turns":7},{"damage":13,"enemies":"3 Cultists","floor":29,"turns":6},{"damage":72,"enemies":"Collector","floor":33,"turns":9}],"seed_played":"-2393026747138421360","potions_obtained":[{"floor":4.0,"key":"AttackPotion"},{"floor":12.0,"key":"SpeedPotion"},{"floor":13.0,"key":"SneckoOil"},{"floor":16.0,"key":"FearPotion"},{"floor":28,"key":"FearPotion"}],"is_trial":false,"path_per_floor":["M","?","?","M","$","?","R","E","T","E","R","M","M","?","R","B",null,"M","$","?","?","M","E","$","R","T","M","E","M","$","?","R","B"],"character_chosen":"THE_SILENT","items_purchased":["Blue Candle","Dash","Chemical X","Meat on the Bone","Caltrops"],"campfire_rested":1,"item_purchase_floors":[5,5,19,19,30],"current_hp_per_floor":[59,59,59,57,57,57,57,37,37,12,30,27,24,24,24,8,47,32,32,32,32,41,32,47,47,47,45,37,36,51,51,62,0,0],"gold":56,"neow_bonus":"TWO_FIFTY_GOLD","is_daily":false,"chose_seed":false,"campfire_upgraded":4,"win_rate":0.0,"timestamp":1612052104,"path_taken":["M","?","?","M","$","?","R","E","T","E","R","M","M","?","R","BOSS","M","?","?","?","M","E","?","R","T","M","E","?","$","?","R","BOSS"],"items_purchased_type":["Relic","Card","Relic","Relic","Card"],"build_version":"2020-12-22","purchased_purges":1,"victory":false,"max_hp_per_floor":[60,60,60,60,60,60,60,60,60,60,60,60,60,60,60,60,60,60,60,60,60,60,60,60,60,60,62,62,62,62,62,62,62,62],"relic_stats":{"Singing Bowl":2,"counters":[14,89],"Golden Idol":72,"Blue Candle":[31],"Eternal Feather":11,"Cursed Key":1,"WarpedTongs":[59],"Dream Catcher":0,"Tough Bandages":[69],"Ornamental Fan":[108],"MealTicket":30,"Chemical X":[13],"obtain_stats":[{"Lantern":3,"Singing Bowl":9,"Golden Idol":6,"Blue Candle":5,"Eternal Feather":31,"Paper Crane":8,"Cursed Key":17,"WarpedTongs":14,"Dream Catcher":23,"Tough Bandages":26,"Ornamental Fan":10,"Ninja Scroll":28,"MealTicket":21,"Chemical X":19,"Ring of the Snake":0,"Meat on the Bone":19},{"Lantern":1,"Singing Bowl":3,"Golden Idol":2,"Blue Candle":2,"Eternal Feather":13,"Paper Crane":3,"Cursed Key":7,"WarpedTongs":6,"Dream Catcher":10,"Tough Bandages":10,"Ornamental Fan":4,"Ninja Scroll":12,"MealTicket":8,"Chemical X":8,"Ring of the Snake":0,"Meat on the Bone":8},{"Lantern":4,"Singing Bowl":18,"Golden Idol":8,"Blue Candle":8,"Eternal Feather":80,"Paper Crane":18,"Cursed Key":43,"WarpedTongs":27,"Dream Catcher":62,"Tough Bandages":62,"Ornamental Fan":22,"Ninja Scroll":74,"MealTicket":50,"Chemical X":50,"Ring of the Snake":0,"Meat on the Bone":50}],"Ring of the Snake":[28],"Meat on the Bone":36},"card_choices":[{"not_picked":["Quick Slash","Well Laid Plans"],"picked":"Dagger Throw","floor":1.0},{"not_picked":["Catalyst","Bane"],"picked":"Dagger Spray","floor":4.0},{"not_picked":["Terror","Crippling Poison"],"picked":"Skewer","floor":8.0},{"not_picked":["Flying Knee","Distraction"],"picked":"Sucker Punch","floor":10.0},{"not_picked":["Distraction","Dodge and Roll"],"picked":"Tools of the Trade","floor":12.0},{"not_picked":["Riddle With Holes","Bane"],"picked":"PiercingWail","floor":13.0},{"not_picked":["Night Terror","Envenom"],"picked":"After Image","floor":16.0},{"not_picked":["Masterful Stab","Dagger Throw+1"],"picked":"Cloak And Dagger","floor":18.0},{"not_picked":["Acrobatics","PiercingWail+1"],"picked":"Backflip+1","floor":22.0},{"not_picked":["Flechettes","Catalyst"],"picked":"Backflip","floor":23.0},{"not_picked":["Escape Plan","Outmaneuver","Bane+1"],"picked":"Singing Bowl","floor":27.0},{"not_picked":["Burst","Dodge and Roll"],"picked":"Blur","floor":28},{"not_picked":["Expertise+1","Backflip"],"picked":"Blade Dance","floor":29}],"player_experience":959783,"relics_obtained":[{"floor":8.0,"key":"Paper Crane"},{"floor":9.0,"key":"Singing Bowl"},{"floor":10.0,"key":"Ornamental Fan"},{"floor":23.0,"key":"Dream Catcher"},{"floor":26.0,"key":"Tough Bandages"},{"floor":28,"key":"Ninja Scroll"}],"event_choices":[{"damage_healed":0.0,"max_hp_gain":0.0,"max_hp_loss":0.0,"gold_gain":150.0,"event_name":"Liars Game","player_choice":"AGREE","floor":2.0,"gold_loss":0.0,"damage_taken":0.0,"cards_obtained":["Doubt"]},{"damage_healed":0.0,"max_hp_gain":0.0,"max_hp_loss":0.0,"gold_gain":0.0,"event_name":"Big Fish","player_choice":"Box","floor":3.0,"gold_loss":0.0,"damage_taken":0.0,"relics_obtained":["Lantern"],"cards_obtained":["Regret"]},{"damage_healed":0.0,"max_hp_gain":0.0,"max_hp_loss":0.0,"gold_gain":0.0,"event_name":"Golden Idol","player_choice":"Take Wound","floor":6.0,"gold_loss":0.0,"damage_taken":0.0,"relics_obtained":["Golden Idol"],"cards_obtained":["Injury"]},{"damage_healed":0.0,"max_hp_gain":0.0,"max_hp_loss":0.0,"gold_gain":0.0,"event_name":"Accursed Blacksmith","player_choice":"Rummage","floor":14.0,"gold_loss":0.0,"damage_taken":0.0,"relics_obtained":["WarpedTongs"],"cards_obtained":["Pain"]},{"damage_healed":0.0,"max_hp_gain":0.0,"max_hp_loss":0.0,"gold_gain":50.0,"event_name":"Nest","player_choice":"Stole From Cult","floor":20.0,"gold_loss":0.0,"damage_taken":0.0},{"damage_healed":0.0,"max_hp_gain":0.0,"max_hp_loss":0.0,"gold_gain":0.0,"event_name":"The Mausoleum","player_choice":"Opened","floor":21.0,"gold_loss":0.0,"damage_taken":0.0,"relics_obtained":["MealTicket"],"cards_obtained":["Writhe"]},{"damage_healed":0,"gold_gain":0,"player_choice":"Stole Relic","damage_taken":0,"relics_obtained":["Eternal Feather"],"max_hp_gain":0,"max_hp_loss":0,"event_name":"Addict","floor":31,"gold_loss":0,"cards_obtained":["Shame"]}],"is_beta":false,"boss_relics":[{"not_picked":["SlaversCollar","Velvet Choker"],"picked":"Cursed Key"}],"items_purged_floors":[19],"is_endless":false,"potions_floor_spawned":[4,12,13,16,18,23,28],"killed_by":"Collector","ascension_level":20}}