{"host":"tq99ucv8ezzqzioe","time":1612060301,"event":{"mods":["BaseMod","Colored Map","Downfall","Highlight Path","Minty Spire (QoL Compilation)","StSLib"],"gold_per_floor":[13,27,27,43,97,97,122,47,47,96,96,112,112,131,131,235,235,246,246,246,264,130,159,159,179,227,244,244,244,244],"floor_reached":29,"language":"ENG","playtime":2742,"items_purged":["Strike_R","downfall:Bewildered"],"score":342,"play_id":"5478171c-6913-4e02-b7d6-a99f63dc335b","local_time":"20210130213141","is_ascension_mode":true,"campfire_choices":[{"data":"Magnetism","floor":6,"key":"SMITH"},{"data":"Fire Breathing","floor":11,"key":"SMITH"},{"data":"Pommel Strike","floor":15,"key":"SMITH"},{"floor":24,"key":"REST"},{"data":"Barricade","floor":28,"key":"SMITH"}],"circlet_count":0,"master_deck":["Strike_R","Strike_R","Strike_R","Defend_R","Defend_R","Defend_R","Defend_R","Magnetism+1","Reckless Charge","Disarm","Sword Boomerang","Pommel Strike+1","Wild Strike","Fire Breathing+1","Ghostly Armor","Reckless Charge","Pommel Strike","Wild Strike","Demon Form","Inflame+1","Ghostly Armor","Inflame+1","Pommel Strike+1","Inflame","Heavy Blade+1","Spot Weakness+1","Barricade+1","Wild Strike"],"relics":["Burning Blood","Prayer Wheel","Gremlin Horn","Shuriken","Black Star","sneckomod:BabySnecko","Nunchaku","Paper Frog","Letter Opener","Lantern"],"acts_visited":["Exordium","TheCity"],"potions_floor_usage":[16,18,23,23,25,29],"damage_taken":[{"damage":3,"enemies":"Small Slimes","floor":1,"turns":7},{"damage":7,"enemies":"Jaw Worm","floor":2,"turns":4},{"damage":0,"enemies":"2 Louse","floor":4,"turns":2},{"damage":11,"enemies":"Lagavulin","floor":7,"turns":6},{"damage":20,"enemies":"3 Sentries","floor":10,"turns":6},{"damage":20,"enemies":"Exordium Wildlife","floor":12,"turns":3},{"damage":7,"enemies":"2 Fungi Beasts","floor":14,"turns":3},{"damage":10,"enemies":"Hexaghost","floor":16,"turns":7},{"damage":31,"enemies":"2 Thieves","floor":18,"turns":4},{"damage":2,"enemies":"Chosen","floor":21,"turns":4},{"damage":44,"enemies":"Book of Stabbing","floor":23,"turns":4},{"damage":33,"enemies":"Snake Plant","floor":25,"turns":4},{"damage":5,"enemies":"Chosen and Byrds","floor":27,"turns":6},{"damage":29,"enemies":"Colosseum Slavers","floor":29,"turns":2}],"seed_played":"1279702285276819453","potions_obtained":[{"floor":2,"key":"PowerPotion"},{"floor":10,"key":"SpeedPotion"},{"floor":12,"key":"bronze:BurnAndBuffPotion"},{"floor":16,"key":"PowerPotion"},{"floor":21,"key":"Swift Potion"},{"floor":23,"key":"BloodPotion"},{"floor":27,"key":"sneckomod:MuddlingPotion"}],"is_trial":false,"path_per_floor":["M","M","?","M","T","R","E","$","T","E","R","M","?","M","R","B",null,"M","?","?","M","$","E","R","M","T","M","R","?"],"character_chosen":"IRONCLAD","items_purchased":["Inflame"],"campfire_rested":1,"item_purchase_floors":[22],"current_hp_per_floor":[75,74,74,80,80,80,75,75,75,61,61,47,40,39,39,35,69,44,44,44,48,48,10,34,23,23,24,24,0,0],"gold":244,"neow_bonus":"RANDOM_COLORLESS_2","is_daily":false,"chose_seed":false,"campfire_upgraded":4,"win_rate":0.0,"timestamp":1612060301,"path_taken":["M","M","?","M","?","R","E","$","T","E","R","M","?","M","R","BOSS","M","?","?","M","$","E","R","M","T","M","R","?"],"items_purchased_type":["Card"],"build_version":"2020-12-22","purchased_purges":2,"victory":false,"max_hp_per_floor":[80,80,80,80,80,80,80,80,80,80,80,80,80,80,80,80,80,80,80,80,80,80,80,80,80,80,80,80,80,80],"card_choices":[{"not_picked":["Sadistic Nature","Transmutation"],"picked":"Magnetism","floor":0},{"not_picked":["Armaments","Thunderclap"],"picked":"Reckless Charge","floor":1},{"not_picked":["Thunderclap","Heavy Blade"],"picked":"Disarm","floor":2},{"not_picked":["Combust","Evolve"],"picked":"Pommel Strike","floor":4},{"not_picked":["Combust","Dark Embrace"],"picked":"Wild Strike","floor":7},{"not_picked":["Anger","Carnage"],"picked":"Fire Breathing","floor":10},{"not_picked":["Entrench","Second Wind"],"picked":"Ghostly Armor","floor":12},{"not_picked":["Shockwave","Brutality"],"picked":"Reckless Charge","floor":12},{"not_picked":["Body Slam","Dark Embrace"],"picked":"Pommel Strike","floor":14},{"not_picked":["True Grit","Rage"],"picked":"Wild Strike","floor":14},{"not_picked":["Corruption","Berserk"],"picked":"Demon Form","floor":16},{"not_picked":["Body Slam","Pummel+1"],"picked":"Inflame+1","floor":18},{"not_picked":["Burning Pact","Armaments+1"],"picked":"Ghostly Armor","floor":18},{"not_picked":["True Grit","Flex+1"],"picked":"Inflame+1","floor":21},{"not_picked":["Cleave+1","Disarm"],"picked":"Pommel Strike+1","floor":21},{"not_picked":["Combust","Iron Wave"],"picked":"Heavy Blade+1","floor":23},{"not_picked":["Seeing Red","Body Slam"],"picked":"Spot Weakness+1","floor":25},{"not_picked":["Body Slam","Shockwave","Anger"],"picked":"SKIP","floor":25},{"not_picked":["Battle Trance","Armaments"],"picked":"Barricade","floor":27},{"not_picked":["Disarm","Havoc"],"picked":"Wild Strike","floor":27}],"player_experience":831988,"relics_obtained":[{"floor":7,"key":"Prayer Wheel"},{"floor":9,"key":"Gremlin Horn"},{"floor":10,"key":"Shuriken"},{"floor":23,"key":"Paper Frog"},{"floor":23,"key":"Letter Opener"},{"floor":26,"key":"Lantern"}],"event_choices":[{"damage_healed":0,"gold_gain":0,"cards_transformed":["Bash"],"player_choice":"Change","damage_taken":0,"max_hp_gain":0,"max_hp_loss":0,"event_name":"Living Wall","floor":3,"gold_loss":0,"cards_obtained":["Sword Boomerang"]},{"cards_removed":["Strike_R"],"damage_healed":0,"gold_gain":0,"player_choice":"Card Removal","damage_taken":7,"max_hp_gain":0,"max_hp_loss":0,"event_name":"Golden Wing","floor":13,"gold_loss":0},{"damage_healed":0,"gold_gain":0,"player_choice":"Opened","damage_taken":0,"relics_obtained":["Nunchaku"],"max_hp_gain":0,"max_hp_loss":0,"event_name":"The Mausoleum","floor":20,"gold_loss":0},{"damage_healed":0,"gold_gain":0,"player_choice":"Fight","damage_taken":0,"max_hp_gain":0,"max_hp_loss":0,"event_name":"Colosseum","floor":29,"gold_loss":0}],"is_beta":false,"boss_relics":[{"not_picked":["Runic Dome","Empty Cage"],"picked":"Black Star"}],"items_purged_floors":[8,22],"is_endless":false,"potions_floor_spawned":[2,10,12,16,21,23,27],"killed_by":"Colosseum Slavers","ascension_level":7}}