{"host":"d2y4rmbezebiv8aj","time":1612063678,"event":{"mods":["AchievementEnabler","BaseMod","Bestiary","BetterRewards","Colored Map","Colored Powertips","Custom Start","Highlight Path","Minty Spire (QoL Compilation)","Quick Restart","Rare Cards Sparkle","Relic Sorter","Relic Stats","Shop Mod","Slay-I","StSLib","SuperFastMode"],"gold_per_floor":[112,123,133,150,168,203,203,111,135,155,155,175,175,205,205,310,310,320,320,419,432,612,612,622,475,521,535,34,64,64,64,64,167,167,179,179,192,192,292,319,319,333,358,376,376,133,145,158,158,158],"floor_reached":51,"language":"DEU","playtime":2109,"items_purged":[],"score":1377,"play_id":"d909bf58-631c-4f6e-a1d7-7e549c79686b","local_time":"20210131042758","is_ascension_mode":true,"campfire_choices":[{"floor":7.0,"key":"REST"},{"floor":11.0,"key":"REST"},{"floor":15.0,"key":"REST"},{"floor":23.0,"key":"REST"},{"data":"Distraction","floor":30.0,"key":"SMITH"},{"floor":32.0,"key":"REST"},{"floor":41.0,"key":"REST"},{"data":"Envenom","floor":45.0,"key":"SMITH"},{"floor":49.0,"key":"REST"}],"circlet_count":0,"master_deck":["AscendersBane","Strike_G","Strike_G","Strike_G","Strike_G","Defend_G","Defend_G","Defend_G","Defend_G","Defend_G","Survivor","Neutralize","Finisher","Bane","Cloak And Dagger","Noxious Fumes","Blade Dance","Crippling Poison","Blade Dance","Backflip","Accuracy+1","Deflect","Dagger Spray","Dagger Throw","Die Die Die","J.A.X.","Noxious Fumes","Accuracy+1","Distraction+1","Endless Agony","Envenom+1","Backstab","Backstab","Blade Dance+1","Bandage Up"],"relics":["Ring of the Serpent","Dead Branch","InkBottle","Omamori","Calling Bell","Oddly Smooth Stone","Gremlin Horn","The Specimen","DollysMirror","Dream Catcher","Mummified Hand","Meat on the Bone","PreservedInsect","Regal Pillow","Vajra","Lantern"],"acts_visited":["Exordium","TheCity","TheBeyond"],"potions_floor_usage":[50,50,50],"damage_taken":[{"damage":0.0,"enemies":"Cultist","floor":1.0,"turns":3.0},{"damage":0.0,"enemies":"Jaw Worm","floor":2.0,"turns":4.0},{"damage":1.0,"enemies":"Small Slimes","floor":3.0,"turns":4.0},{"damage":11.0,"enemies":"3 Louse","floor":4.0,"turns":4.0},{"damage":0.0,"enemies":"Exordium Thugs","floor":5.0,"turns":4.0},{"damage":26.0,"enemies":"Lagavulin","floor":6.0,"turns":7.0},{"damage":0.0,"enemies":"Looter","floor":10.0,"turns":3.0},{"damage":0.0,"enemies":"Blue Slaver","floor":12.0,"turns":3.0},{"damage":19.0,"enemies":"The Guardian","floor":16.0,"turns":12.0},{"damage":0.0,"enemies":"Chosen","floor":18.0,"turns":6.0},{"damage":11.0,"enemies":"Spheric Guardian","floor":21.0,"turns":3.0},{"damage":6.0,"enemies":"Centurion and Healer","floor":24.0,"turns":5.0},{"damage":0.0,"enemies":"3 Cultists","floor":27.0,"turns":2.0},{"damage":1.0,"enemies":"Gremlin Leader","floor":29.0,"turns":3.0},{"damage":42.0,"enemies":"Automaton","floor":33.0,"turns":8.0},{"damage":5.0,"enemies":"3 Shapes","floor":35.0,"turns":2.0},{"damage":0.0,"enemies":"Orb Walker","floor":37.0,"turns":3.0},{"damage":3.0,"enemies":"Transient","floor":38.0,"turns":2.0},{"damage":21.0,"enemies":"Nemesis","floor":40.0,"turns":5.0},{"damage":7.0,"enemies":"3 Darklings","floor":42.0,"turns":5.0},{"damage":3.0,"enemies":"Jaw Worm Horde","floor":44.0,"turns":2.0},{"damage":19.0,"enemies":"Spire Growth","floor":47.0,"turns":3.0},{"damage":1.0,"enemies":"4 Shapes","floor":48.0,"turns":3.0},{"damage":64,"enemies":"Awakened One","floor":50,"turns":9}],"seed_played":"-7094505002803533123","potions_obtained":[{"floor":1.0,"key":"LiquidMemories"},{"floor":6.0,"key":"Dexterity Potion"},{"floor":12.0,"key":"SmokeBomb"},{"floor":16.0,"key":"Swift Potion"},{"floor":21.0,"key":"DuplicationPotion"},{"floor":42.0,"key":"DuplicationPotion"},{"floor":44.0,"key":"EssenceOfSteel"},{"floor":47.0,"key":"GhostInAJar"},{"floor":48.0,"key":"CultistPotion"}],"is_trial":false,"path_per_floor":["M","M","M","M","M","E","R","$","T","M","R","M","?","?","R","B",null,"M","?","?","M","?","R","M","$","T","M","$","E","R","$","R","B",null,"M","?","M","M","?","E","R","M","T","M","R","$","M","M","R","B",null],"character_chosen":"THE_SILENT","items_purchased":["Dead Branch","Finisher","Bane","Accuracy","Deflect","DollysMirror","Mummified Hand","Meat on the Bone","Lantern","Bandage Up"],"campfire_rested":7,"item_purchase_floors":[0,0,0,8,8,25,28,28,46,46],"current_hp_per_floor":[43,43,42,31,31,5,26,26,26,26,47,47,47,47,68,49,65,65,65,65,54,35,56,50,50,50,50,50,49,49,49,70,40,63,58,58,58,55,55,46,70,63,63,60,60,60,41,44,70,22],"gold":158,"neow_bonus":"","is_daily":false,"chose_seed":false,"campfire_upgraded":2,"win_rate":0.0,"timestamp":1612063678,"path_taken":["M","M","M","M","?","E","R","$","T","M","R","M","?","?","R","BOSS","M","?","?","?","?","R","M","$","T","M","?","E","R","$","R","BOSS","M","?","?","M","?","E","R","M","T","?","R","?","M","M","R","BOSS"],"items_purchased_type":["Relic","Card","Card","Card","Card","Relic","Relic","Relic","Relic","Card"],"build_version":"2020-12-22","purchased_purges":0,"victory":true,"max_hp_per_floor":[70,70,70,70,70,70,70,70,70,70,70,70,70,70,70,70,70,70,70,70,70,70,70,70,70,70,70,70,70,70,70,70,70,70,70,70,70,70,70,70,70,70,70,70,70,70,70,70,70,70],"relic_stats":{"Dream Catcher":3,"Regal Pillow":31,"Gremlin Horn":[22,21],"counters":[43,188],"Mummified Hand":[41],"Dead Branch":[279],"PreservedInsect":50,"obtain_stats":[{"Regal Pillow":21,"Lantern":46,"Gremlin Horn":17,"Vajra":43,"Juzu Bracelet":23,"Smiling Mask":19,"Nunchaku":27,"Dream Catcher":26,"DollysMirror":25,"Mummified Hand":28,"Philosopher\u0027s Stone":17,"Tiny Chest":26,"InkBottle":6,"Ring of the Snake":0,"NeowsBlessing":0,"The Specimen":17,"Dead Branch":0,"Oddly Smooth Stone":17,"PreservedInsect":29,"Omamori":9,"Orichalcum":9,"Calling Bell":17,"SlaversCollar":34,"Ornamental Fan":11,"Ring of the Serpent":34,"Meat on the Bone":28},{"Regal Pillow":10,"Lantern":40,"Gremlin Horn":28,"Vajra":39,"Juzu Bracelet":12,"Smiling Mask":10,"Nunchaku":14,"Dream Catcher":31,"DollysMirror":31,"Mummified Hand":32,"Philosopher\u0027s Stone":9,"Tiny Chest":13,"InkBottle":25,"Ring of the Snake":0,"NeowsBlessing":0,"The Specimen":28,"Dead Branch":19,"Oddly Smooth Stone":28,"PreservedInsect":33,"Omamori":25,"Orichalcum":7,"Calling Bell":28,"SlaversCollar":17,"Ornamental Fan":7,"Ring of the Serpent":34,"Meat on the Bone":32},{"Regal Pillow":27,"Lantern":173,"Gremlin Horn":127,"Vajra":171,"Juzu Bracelet":36,"Smiling Mask":27,"Nunchaku":47,"Dream Catcher":141,"DollysMirror":141,"Mummified Hand":143,"Philosopher\u0027s Stone":26,"Tiny Chest":41,"InkBottle":109,"Ring of the Snake":0,"NeowsBlessing":0,"The Specimen":127,"Dead Branch":83,"Oddly Smooth Stone":127,"PreservedInsect":146,"Omamori":109,"Orichalcum":15,"Calling Bell":127,"SlaversCollar":67,"Ornamental Fan":15,"Ring of the Serpent":154,"Meat on the Bone":143}],"InkBottle":[50],"Meat on the Bone":36},"card_choices":[{"not_picked":["Slice","Deadly Poison"],"picked":"Cloak And Dagger","floor":1.0},{"not_picked":["Catalyst","PiercingWail"],"picked":"Noxious Fumes","floor":2.0},{"not_picked":["Deflect","Wraith Form v2"],"picked":"Blade Dance","floor":3.0},{"not_picked":["Heel Hook","Deflect"],"picked":"Crippling Poison","floor":4.0},{"not_picked":["Poisoned Stab","Blur"],"picked":"Blade Dance","floor":5.0},{"not_picked":["Bane","Quick Slash"],"picked":"Backflip","floor":6.0},{"not_picked":["Slice","Dodge and Roll"],"picked":"Dagger Spray","floor":10.0},{"not_picked":["Crippling Poison","Doppelganger"],"picked":"Dagger Throw","floor":12.0},{"not_picked":["Unload","Bullet Time"],"picked":"Die Die Die","floor":16.0},{"not_picked":["Underhanded Strike+1","Flying Knee","Tactician"],"picked":"SKIP","floor":18.0},{"not_picked":["Slice+1","Dash+1"],"picked":"Noxious Fumes","floor":21.0},{"not_picked":["Caltrops+1","Bane","Backflip"],"picked":"SKIP","floor":24.0},{"not_picked":["Slice","Underhanded Strike"],"picked":"Distraction","floor":27.0},{"not_picked":["Caltrops","Blade Dance+1"],"picked":"Endless Agony","floor":29.0},{"not_picked":["A Thousand Cuts","Bullet Time"],"picked":"Envenom","floor":33.0},{"not_picked":["Dagger Throw+1","Bouncing Flask+1","Eviscerate"],"picked":"SKIP","floor":35.0},{"not_picked":["Catalyst","Dash"],"picked":"Backstab","floor":37.0},{"not_picked":["Dash+1","Setup+1"],"picked":"Backstab","floor":40.0},{"not_picked":["Blur+1","Masterful Stab+1","Concentrate+1"],"picked":"SKIP","floor":42.0},{"not_picked":["Predator","Heel Hook"],"picked":"Blade Dance+1","floor":44.0},{"not_picked":["Flying Knee","Deadly Poison+1","Outmaneuver+1"],"picked":"SKIP","floor":47.0},{"not_picked":["Dagger Spray","Cloak And Dagger+1","Deadly Poison+1"],"picked":"SKIP","floor":48.0}],"player_experience":391205,"relics_obtained":[{"floor":6.0,"key":"InkBottle"},{"floor":9.0,"key":"Omamori"},{"floor":17.0,"key":"Oddly Smooth Stone"},{"floor":17.0,"key":"Gremlin Horn"},{"floor":17.0,"key":"The Specimen"},{"floor":26.0,"key":"Dream Catcher"},{"floor":29.0,"key":"PreservedInsect"},{"floor":40.0,"key":"Regal Pillow"},{"floor":43.0,"key":"Vajra"}],"event_choices":[{"damage_healed":0.0,"max_hp_gain":0.0,"max_hp_loss":0.0,"gold_gain":0.0,"event_name":"Living Wall","player_choice":"Grow","floor":13.0,"gold_loss":0.0,"damage_taken":0.0,"cards_upgraded":["Accuracy"]},{"damage_healed":0.0,"max_hp_gain":0.0,"max_hp_loss":0.0,"gold_gain":30.0,"event_name":"Dead Adventurer","player_choice":"Searched \u00272\u0027 times","floor":14.0,"gold_loss":0.0,"damage_taken":0.0},{"damage_healed":0.0,"max_hp_gain":0.0,"max_hp_loss":0.0,"gold_gain":0.0,"event_name":"Drug Dealer","player_choice":"Obtain J.A.X.","floor":19.0,"gold_loss":0.0,"damage_taken":0.0,"cards_obtained":["J.A.X."]},{"damage_healed":0.0,"max_hp_gain":0.0,"max_hp_loss":0.0,"gold_gain":99.0,"event_name":"Nest","player_choice":"Stole From Cult","floor":20.0,"gold_loss":0.0,"damage_taken":0.0},{"damage_healed":0.0,"max_hp_gain":0.0,"max_hp_loss":0.0,"gold_gain":180.0,"event_name":"Knowing Skull","player_choice":"GOLD GOLD ","floor":22.0,"potions_obtained":[],"gold_loss":0.0,"damage_taken":19.0,"cards_obtained":[]},{"cards_removed":["Strike_G"],"damage_healed":0.0,"max_hp_gain":0.0,"max_hp_loss":0.0,"gold_gain":0.0,"event_name":"Bonfire Elementals","player_choice":"Offered Basic","floor":36.0,"gold_loss":0.0,"damage_taken":0.0},{"damage_healed":0.0,"max_hp_gain":0.0,"max_hp_loss":0.0,"gold_gain":100.0,"event_name":"Golden Shrine","player_choice":"Pray","floor":39.0,"gold_loss":0.0,"damage_taken":0.0}],"is_beta":false,"boss_relics":[{"not_picked":["Empty Cage","Coffee Dripper"],"picked":"Calling Bell"},{"not_picked":["Runic Dome","Snecko Eye"],"picked":"Ring of the Serpent"}],"items_purged_floors":[],"is_endless":false,"potions_floor_spawned":[1,6,12,16,18,21,38,42,44,47,48],"ascension_level":10}}