{"host":"vyrim7c8c6ucsmzk","time":1612123826,"event":{"mods":["BaseMod","Colored Map","Downfall","Minty Spire (QoL Compilation)","StSLib"],"gold_per_floor":[99,113,113,127,145,145,145,156,56,67,83,112,129,164,182,286,286,86,99,118,128,142,172,172,212,244,282,294,306,333,345,368,475,487,499,530,562,335,347,359,383,408,408,419,419,434,449,449,467,467,467,494,48,48,48,48,48,48],"floor_reached":56,"language":"ENG","playtime":8914,"items_purged":["champ:Defend","champ:Strike"],"score":836,"play_id":"a3d6831c-a9ed-4ef1-88e1-cdf8d9ca6d49","local_time":"20210131151026","is_ascension_mode":false,"campfire_choices":[{"data":"champ:Taunt","floor":1.0,"key":"SMITH"},{"floor":6.0,"key":"RECALL"},{"data":"champ:TornadoPunch","floor":9.0,"key":"SMITH"},{"data":"champ:UltimateStance","floor":18.0,"key":"SMITH"},{"data":"champ:Improvising","floor":29.0,"key":"SMITH"},{"data":"champ:Circumvent","floor":35.0,"key":"SMITH"},{"data":"champ:Backstep","floor":43.0,"key":"SMITH"},{"floor":54,"key":"REST"}],"circlet_count":0,"master_deck":["champ:Strike+1","champ:Defend","champ:Defend","champ:Execute","champ:Taunt+1","champ:DefensiveShout+1","champ:AdrenalArmor","champ:TornadoPunch+1","champ:Haymaker","champ:Backstep+1","champ:Improvising+1","champ:PreciseThrust+1","champ:UltimateStance+1","champ:AdrenalArmor+1","champ:ShieldWall+1","champ:EnGarde+1","champ:Circumvent+1","champ:ShieldThrow","champ:PreciseThrust+1","champ:BringItOn","champ:BringItOn","champ:Endure+1","champ:DeathBlow+1","champ:BladeFlurry+1","champ:Backstep+1","champ:Lariat+1","champ:GutPunch","champ:Improvising+1","champ:BerserkersShout+1","champ:PreciseThrust","champ:Backstep","champ:Haymaker+1","champ:DefensiveShout"],"relics":["champ:ChampionCrownUpgraded","downfall:HeartBlessingRed","Meat on the Bone","Blue Candle","downfall:HeartBlessingGreen","downfall:HeartBlessingBlue","Mummified Hand","MawBank","Orichalcum","Happy Flower","Whetstone","Gremlin Horn","Astrolabe","Nunchaku","PreservedInsect","Potion Belt","Bottled Tornado","Pen Nib"],"acts_visited":["Exordium","TheCity","TheBeyond","TheEnding"],"potions_floor_usage":[50,56,56,56,56,56],"damage_taken":[{"damage":10.0,"enemies":"Jaw Worm","floor":2.0,"turns":4.0},{"damage":24.0,"enemies":"Cultist","floor":4.0,"turns":3.0},{"damage":0.0,"enemies":"Small Slimes","floor":5.0,"turns":4.0},{"damage":11.0,"enemies":"Red Slaver","floor":8.0,"turns":5.0},{"damage":12.0,"enemies":"Blue Slaver","floor":10.0,"turns":3.0},{"damage":17.0,"enemies":"Exordium Thugs","floor":11.0,"turns":3.0},{"damage":33.0,"enemies":"Lagavulin","floor":12.0,"turns":8.0},{"damage":0.0,"enemies":"2 Fungi Beasts","floor":13.0,"turns":3.0},{"damage":30.0,"enemies":"3 Sentries","floor":14.0,"turns":4.0},{"damage":7.0,"enemies":"Blue Slaver","floor":15.0,"turns":2.0},{"damage":52.0,"enemies":"DF_ARCHETYPE_STREAMLINE","floor":16.0,"turns":12.0},{"damage":10.0,"enemies":"Shell Parasite","floor":19.0,"turns":7.0},{"damage":40.0,"enemies":"3 Cultists","floor":20.0,"turns":6.0},{"damage":45.0,"enemies":"Snecko","floor":21.0,"turns":5.0},{"damage":30.0,"enemies":"Centurion and Healer","floor":22.0,"turns":6.0},{"damage":60.0,"enemies":"Book of Stabbing","floor":23.0,"turns":6.0},{"damage":23.0,"enemies":"Slavers","floor":25.0,"turns":7.0},{"damage":24.0,"enemies":"Sentry and Sphere","floor":26.0,"turns":5.0},{"damage":12.0,"enemies":"Book of Stabbing","floor":27.0,"turns":5.0},{"damage":17.0,"enemies":"Shelled Parasite and Fungi","floor":30.0,"turns":5.0},{"damage":17.0,"enemies":"Centurion and Healer","floor":32.0,"turns":5.0},{"damage":56.0,"enemies":"SI_MIRROR_ARCHETYPE","floor":33.0,"turns":8.0},{"damage":30.0,"enemies":"3 Darklings","floor":36.0,"turns":5.0},{"damage":37.0,"enemies":"3 Shapes","floor":37.0,"turns":4.0},{"damage":20.0,"enemies":"downfall:FleeingMerchant","floor":38.0,"turns":4.0},{"damage":41.0,"enemies":"Maw","floor":39.0,"turns":8.0},{"damage":25.0,"enemies":"Jaw Worm Horde","floor":40.0,"turns":4.0},{"damage":65.0,"enemies":"Reptomancer","floor":42.0,"turns":4.0},{"damage":5.0,"enemies":"Spire Growth","floor":44.0,"turns":3.0},{"damage":53.0,"enemies":"Transient","floor":46.0,"turns":5.0},{"damage":60.0,"enemies":"Sphere and 2 Shapes","floor":47.0,"turns":4.0},{"damage":25.0,"enemies":"Writhing Mass","floor":49.0,"turns":4.0},{"damage":80,"enemies":"WA_ARCHETYPE_DIVINITY","floor":50,"turns":15},{"damage":95,"enemies":"downfall:CharBossMerchant","floor":52,"turns":9},{"damage":118,"enemies":"downfall:NeowBoss","floor":55,"turns":20},{"damage":196,"enemies":"downfall:NeowBossFinal","floor":56,"turns":11}],"seed_played":"-5909749826848488873","potions_obtained":[{"floor":4.0,"key":"Regen Potion"},{"floor":8.0,"key":"Fire Potion"},{"floor":10.0,"key":"Dexterity Potion"},{"floor":15.0,"key":"SteroidPotion"},{"floor":16.0,"key":"PowerPotion"},{"floor":22.0,"key":"Fruit Juice"},{"floor":23.0,"key":"Fire Potion"},{"floor":26.0,"key":"EssenceOfSteel"},{"floor":27.0,"key":"ColorlessPotion"},{"floor":30.0,"key":"ColorlessPotion"},{"floor":33.0,"key":"hexamod:SoulburnPotion"},{"floor":40.0,"key":"Fire Potion"},{"floor":42.0,"key":"champ:UltimateStancePotion"},{"floor":49.0,"key":"SkillPotion"},{"floor":52,"key":"SpeedPotion"}],"is_trial":false,"path_per_floor":["R","M","?","M","M","R","T","M","R","M","M","E","M","E","M","B",null,"R","M","M","M","M","E","T","E","M","E","T","R","M","T","M","B",null,"R","M","M","$","M","M","T","E","R","M","?","M","M","?","M","B",null,"E","$","R","B","B"],"character_chosen":"THE_CHAMP","items_purchased":["Nunchaku","champ:DefensiveShout","Pen Nib","Swift Potion","Weak Potion","SpeedPotion"],"campfire_rested":1,"item_purchase_floors":[38,53,53,53,53,53],"current_hp_per_floor":[99,99,99,90,90,90,90,89,89,87,80,67,67,67,60,55,99,109,109,89,79,81,78,78,77,75,63,63,63,73,73,71,65,114,114,114,112,112,96,96,96,96,96,96,96,78,78,78,90,87,114,61,61,95,74,0,0,0],"gold":48,"neow_bonus":"TEN_PERCENT_HP_BONUS","is_daily":false,"chose_seed":false,"campfire_upgraded":6,"win_rate":0.0,"timestamp":1612123826,"path_taken":["R","M","?","M","?","R","T","M","R","M","?","E","M","E","M","BOSS","R","M","?","M","M","E","T","E","M","E","?","R","M","?","M","BOSS","R","M","M","$","M","M","T","E","R","M","?","?","M","?","M","BOSS","E","$","R","BOSS","BOSS"],"items_purchased_type":["Relic","Card","Relic","Potion","Potion","Potion"],"build_version":"2020-12-22","purchased_purges":2,"victory":false,"max_hp_per_floor":[99,99,99,99,99,99,99,99,99,99,99,99,99,99,99,99,99,109,109,109,109,109,114,114,114,114,114,114,114,114,114,114,114,114,114,114,114,114,114,114,114,114,114,114,114,114,114,114,114,114,114,114,114,114,114,114,114,114],"card_choices":[{"not_picked":["champ:CrownThrow","champ:FanOfKnives"],"picked":"champ:DefensiveShout","floor":2.0},{"not_picked":["champ:BladeFlurry","champ:DefensiveShout","champ:BerserkersShout"],"picked":"SKIP","floor":4.0},{"not_picked":["champ:BerserkersShout","champ:SkillfulDodge"],"picked":"champ:AdrenalArmor","floor":5.0},{"not_picked":["champ:GutPunch","champ:StanceDance"],"picked":"champ:TornadoPunch","floor":8.0},{"not_picked":["champ:GladiatorForm","champ:RecklessLeap"],"picked":"champ:Haymaker","floor":10.0},{"not_picked":["champ:Circumvent","champ:HeartStrike"],"picked":"champ:Backstep","floor":11.0},{"not_picked":["champ:SetATrap","champ:ShieldWall"],"picked":"champ:Improvising","floor":12.0},{"not_picked":["champ:PreemptiveStrike","champ:Circumvent","champ:PerfectedStrike"],"picked":"SKIP","floor":13.0},{"not_picked":["champ:SwordThrow","champ:FanOfKnives"],"picked":"champ:PreciseThrust","floor":14.0},{"not_picked":["champ:BladeFlurry","champ:FlashCut","champ:PreciseThrust"],"picked":"SKIP","floor":15.0},{"not_picked":["champ:DancingMaster","champ:GladiatorForm"],"picked":"champ:UltimateStance","floor":16.0},{"not_picked":["champ:CrookedStrike","champ:StanceDance"],"picked":"champ:AdrenalArmor+1","floor":19.0},{"not_picked":["champ:EnGarde","champ:BladeFlurry+1"],"picked":"champ:ShieldWall+1","floor":20.0},{"not_picked":["champ:BerserkersShout","champ:FocusedDefense"],"picked":"champ:EnGarde+1","floor":21.0},{"not_picked":["champ:FanOfKnives","champ:StanceDance+1"],"picked":"champ:Circumvent","floor":22.0},{"not_picked":["champ:EnragedBash","champ:Shatter"],"picked":"champ:ShieldThrow","floor":23.0},{"not_picked":["champ:DancingMaster","champ:DefensiveShout"],"picked":"champ:PreciseThrust+1","floor":25.0},{"not_picked":["champ:Duel+1","champ:Circumvent+1"],"picked":"champ:BringItOn","floor":26.0},{"not_picked":["champ:GutPunch","champ:FlashCut+1","champ:AdrenalArmor+1"],"picked":"SKIP","floor":27.0},{"not_picked":["champ:PerfectedStrike+1","champ:Parry"],"picked":"champ:BringItOn","floor":30.0},{"not_picked":["champ:Lariat+1","champ:Circumvent+1"],"picked":"champ:GutPunch","floor":32.0},{"not_picked":["champ:ShieldWall","champ:Encircle","champ:SkillfulDodge+1"],"picked":"SKIP","floor":36.0},{"not_picked":["champ:CrownThrow+1","champ:GutPunch+1"],"picked":"champ:Backstep+1","floor":37.0},{"not_picked":["champ:Parry+1","champ:BringItOn"],"picked":"champ:Lariat+1","floor":38.0},{"not_picked":["champ:PreciseThrust","champ:EnragedBash","champ:AdrenalArmor"],"picked":"SKIP","floor":39.0},{"not_picked":["champ:PerfectedStrike","champ:FocusedBerserking+1","champ:FanOfKnives"],"picked":"SKIP","floor":40.0},{"not_picked":["champ:FancyFootwork","champ:Shatter+1","champ:FlashCut"],"picked":"SKIP","floor":42.0},{"not_picked":["champ:FocusedDefense","champ:FocusedBerserking+1"],"picked":"champ:GutPunch","floor":44.0},{"not_picked":["champ:Duel","champ:Haymaker+1"],"picked":"champ:BerserkersShout+1","floor":46.0},{"not_picked":["champ:ArenaPreparation+1","champ:Haymaker+1"],"picked":"champ:PreciseThrust","floor":47.0},{"not_picked":["champ:SwordThrow","champ:IronFortress+1"],"picked":"champ:Backstep","floor":49.0},{"not_picked":["champ:HeavySlash","champ:GladiatorForm"],"picked":"champ:Haymaker+1","floor":52}],"player_experience":1329190,"relics_obtained":[{"floor":12.0,"key":"Meat on the Bone"},{"floor":14.0,"key":"Blue Candle"},{"floor":23.0,"key":"Mummified Hand"},{"floor":24.0,"key":"MawBank"},{"floor":25.0,"key":"Orichalcum"},{"floor":27.0,"key":"Happy Flower"},{"floor":28.0,"key":"Whetstone"},{"floor":31.0,"key":"Gremlin Horn"},{"floor":41.0,"key":"PreservedInsect"},{"floor":42.0,"key":"Potion Belt"},{"floor":52,"key":"Bottled Tornado"}],"event_choices":[{"cards_removed":["champ:GutPunch"],"damage_healed":0.0,"max_hp_gain":0.0,"max_hp_loss":0.0,"gold_gain":0.0,"event_name":"Falling","player_choice":"Removed Attack","floor":48.0,"gold_loss":0.0,"damage_taken":0.0}],"is_beta":false,"boss_relics":[{"not_picked":["Philosopher\u0027s Stone","bronze:MakeshiftBattery"],"picked":"champ:ChampionCrownUpgraded"},{"not_picked":["Tiny House","Sozu"],"picked":"Astrolabe"}],"items_purged_floors":[38,53],"is_endless":false,"potions_floor_spawned":[4,8,10,15,16,22,23,26,27,30,33,40,42,49,52],"killed_by":"downfall:NeowBossFinal","ascension_level":0}}