{"host":"kh6fvhxn285ncg0o","time":1612095643,"event":{"mods":["Act Like it!","BaseMod","Colored Map","Friendly Minions","Keyboard Shortcuts","Minty Spire (QoL Compilation)","Quick Restart","Relic Stats","StSLib","SuperFastMode","UnlockEverythingMod"],"gold_per_floor":[114,114,133,152,172,172,172,172,198,217,16,49,63,79,79,79,79],"floor_reached":16,"language":"KOR","playtime":355,"items_purged":[],"score":208,"play_id":"dd334cd4-0bab-43b8-920a-6f8aaa60133a","local_time":"20210131212043","is_ascension_mode":true,"campfire_choices":[{"data":"Uppercut","floor":6,"key":"SMITH"},{"floor":8,"key":"REST"},{"floor":15,"key":"REST"}],"circlet_count":0,"master_deck":["AscendersBane","Strike_R","Strike_R","Strike_R","Defend_R","Defend_R","Defend_R","Defend_R","Bash","Pommel Strike","Shrug It Off","Uppercut+1","Barricade","Flame Barrier","Entrench","Infernal Blade","Battle Trance"],"relics":["Empty Cage","WarpedTongs","Lantern","ClockworkSouvenir","MealTicket"],"acts_visited":["Exordium"],"potions_floor_usage":[12,16],"damage_taken":[{"damage":16,"enemies":"Jaw Worm","floor":1,"turns":7},{"damage":8,"enemies":"Cultist","floor":3,"turns":4},{"damage":5,"enemies":"2 Louse","floor":4,"turns":3},{"damage":13,"enemies":"Exordium Thugs","floor":5,"turns":4},{"damage":5,"enemies":"Large Slime","floor":10,"turns":5},{"damage":24,"enemies":"Gremlin Nob","floor":12,"turns":5},{"damage":6,"enemies":"Lots of Slimes","floor":13,"turns":6},{"damage":0,"enemies":"Looter","floor":14,"turns":3},{"damage":41,"enemies":"Slime Boss","floor":16,"turns":9}],"seed_played":"-1761286144813379702","potions_obtained":[{"floor":1,"key":"Swift Potion"},{"floor":3,"key":"Swift Potion"},{"floor":5,"key":"Weak Potion"}],"is_trial":false,"path_per_floor":["M","?","M","M","M","R","?","R","T","M","$","E","M","M","R","B"],"character_chosen":"IRONCLAD","items_purchased":["Entrench","ClockworkSouvenir"],"campfire_rested":2,"item_purchase_floors":[11,11],"current_hp_per_floor":[52,52,44,39,26,26,26,48,48,43,43,19,13,13,35,0,0],"gold":79,"neow_bonus":"BOSS_RELIC","is_daily":false,"chose_seed":false,"campfire_upgraded":1,"win_rate":0.0,"timestamp":1612095643,"path_taken":["M","?","M","M","?","R","?","R","T","M","?","E","M","M","R","BOSS"],"items_purchased_type":["Card","Relic"],"build_version":"2020-12-22","purchased_purges":0,"victory":false,"max_hp_per_floor":[75,75,75,75,75,75,75,75,75,75,75,75,75,75,75,75,75],"relic_stats":{"counters":[9,46],"MealTicket":0,"obtain_stats":[{"Lantern":9,"MealTicket":12,"Empty Cage":0,"Burning Blood":0,"WarpedTongs":2,"ClockworkSouvenir":11},{"Lantern":4,"MealTicket":6,"Empty Cage":0,"Burning Blood":0,"WarpedTongs":1,"ClockworkSouvenir":5},{"Lantern":18,"MealTicket":28,"Empty Cage":0,"Burning Blood":0,"WarpedTongs":7,"ClockworkSouvenir":23}],"WarpedTongs":[39]},"card_choices":[{"not_picked":["Shrug It Off","Twin Strike"],"picked":"Pommel Strike","floor":1},{"not_picked":["Dark Embrace","Metallicize"],"picked":"Shrug It Off","floor":3},{"not_picked":["True Grit","Pummel"],"picked":"Uppercut","floor":4},{"not_picked":["Entrench","Havoc"],"picked":"Barricade","floor":5},{"not_picked":["Twin Strike","Iron Wave"],"picked":"Flame Barrier","floor":10},{"not_picked":["Cleave","Infernal Blade","Wild Strike"],"picked":"SKIP","floor":12},{"not_picked":["Flex","Dark Embrace"],"picked":"Infernal Blade","floor":13},{"not_picked":["Hemokinesis","Anger"],"picked":"Battle Trance","floor":14}],"player_experience":1310161,"relics_obtained":[{"floor":9,"key":"Lantern"},{"floor":12,"key":"MealTicket"}],"event_choices":[{"damage_healed":0,"gold_gain":0,"player_choice":"Rummage","damage_taken":0,"relics_obtained":["WarpedTongs"],"max_hp_gain":0,"max_hp_loss":0,"event_name":"Accursed Blacksmith","floor":2,"gold_loss":0,"cards_obtained":["Pain"]},{"cards_removed":["Pain"],"damage_healed":0,"gold_gain":0,"player_choice":"Purged","damage_taken":0,"max_hp_gain":0,"max_hp_loss":0,"event_name":"Purifier","floor":7,"gold_loss":0}],"is_beta":false,"boss_relics":[],"items_purged_floors":[],"is_endless":false,"potions_floor_spawned":[1,3,5],"killed_by":"Slime Boss","ascension_level":20}}