{"host":"qmnyg5dk1o6rw6mz","time":1612077545,"event":{"mods":["100% Spire Juice","2.2 Compatiblity","AchievementEnabler","Act Like it!","Aspiration","Astrologer","BaseMod","Beaked The Cultist","Better Altar","Better Match","Better Note","Better Sensory Stone","Better Skull","Better Third Choice","Better Vampires","Block Reminder","CCEM2","CapriCore","Challenge The Spire","ChefMod","Colored Map","Colored Powertips","Conspire","DeckTracker","Defuse TimeMaze Blight","Disable Question Mark Monsters","Displayed Cursed Tome","Downfall","Energized Spire","Friendly Minions","Gensokyo","GifTheSpireLib","Hermit","Highlight Path","HornydragonMod","Hubris","Infinite Spire","Jedi Mod","Koishi","KomeijiMod","Lobotomy","Mari Mod (Legacy)","Mari\u0027s V1 Patch","Marisa¡]Ãú«B¡@Å]²z¨F¡^","Marked Mod","Minty Spire (QoL Compilation)","Monster B Gone","Pale of the Ancients","Permanent Neow","Prisma Mod","Quick Restart","Reimu¡]³Õ???¡^","Relic Filter","Relic Sorter","Reliquary","Replay The Spire","SIMod","StSLib","Synergy Search","The Alterego","The Bug Knight","The Construct","The Cursed","The Dragon Tamer","The Gatherer","The Hayseed","The Immortal","The Poker Player","The Problem Sleuth","The Runesmith","The Showman","Unceasing Turn Reminder","Wide Potions","Yuri Mod","thorton"],"gold_per_floor":[110,128,128,140,160,192,212,212,239,314,325,356,356,386,386,491,491,510,510,510,510,524,524,535,565,565,578,578,578,592,618,618,761,761,830,902,931,1004,1086,1187,1187,1274,1298,1298,1393,1511,1511,921,921,1081,1081,1159,1237,916,985,985,1067,1118,1199,1223,1320,1320,1410,1103,1103,1103,1253,1253,1347,1347,1425,1425,1507,1609,1609,1720,1720,1846,1806,1912,1912,2035,2035,2015,2015,2015],"floor_reached":84,"language":"ENG","playtime":4097,"items_purged":["PokerPlayerMod:Club1","PokerPlayerMod:Spade2","PokerPlayerMod:Spade2","PokerPlayerMod:Heart1"],"score":1868,"play_id":"b7c45889-826b-44ec-a0ab-75b2e06f0c9f","local_time":"20210131151905","is_ascension_mode":true,"metric_token":4818,"campfire_choices":[{"data":"PokerPlayerMod:Mulligan","floor":8,"key":"SMITH"},{"data":"Pot Of Greed","floor":32,"key":"SMITH"},{"data":"PokerPlayerMod:TheDieIsCast","floor":44,"key":"SMITH"},{"data":"PokerPlayerMod:SecretDealer","floor":47,"key":"SMITH"},{"data":"infinitespire:NeuralNetwork","floor":49,"key":"SMITH"},{"data":"Pot Of Greed","floor":62,"key":"SMITH"},{"data":"beaked:AwakenedForm","floor":66,"key":"SMITH"},{"data":"Pot Of Greed","floor":75,"key":"SMITH"},{"data":"PokerPlayerMod:Spade9","floor":81,"key":"SMITH"},{"data":"PokerPlayerMod:Club8","floor":83,"key":"SMITH"}],"circlet_count":0,"master_deck":["PokerPlayerMod:Diamond2","PokerPlayerMod:Diamond3","PokerPlayerMod:Diamond4","PokerPlayerMod:Diamond5","PokerPlayerMod:Spade3","PokerPlayerMod:Spade4","PokerPlayerMod:Club3","PokerPlayerMod:Heart2","PokerPlayerMod:TrumpStrike","PokerPlayerMod:BadJoker+1","PokerPlayerMod:Mulligan+1","PokerPlayerMod:Heart3","PokerPlayerMod:SpadeStrike+1","PokerPlayerMod:Club9","PokerPlayerMod:Spade8","PokerPlayerMod:RoyalStrike","PokerPlayerMod:Heart10+","PokerPlayerMod:Diamond4","PokerPlayerMod:Diamond4","Pot Of Greed+1","Pot Of Greed+1","PokerPlayerMod:SecretDealer+1","infinitespire:NeuralNetwork+1","Pot Of Greed+1","PokerPlayerMod:Diamond4","PokerPlayerMod:Spade10+","PokerPlayerMod:Diamond5","PokerPlayerMod:Promotion","PokerPlayerMod:TheDieIsCast+1","PokerPlayerMod:WasteCollection","PokerPlayerMod:Club10+","PokerPlayerMod:Club10+","PokerPlayerMod:Spade8","PokerPlayerMod:DamnStraight","PokerPlayerMod:Promotion","PokerPlayerMod:Spade6","Pot Of Greed","PokerPlayerMod:Heart9","PokerPlayerMod:Diamond6","beaked:AwakenedForm+1","PokerPlayerMod:Spade10+","PokerPlayerMod:Diamond10+","PokerPlayerMod:Club10+","Burn","PokerPlayerMod:Spade8","PokerPlayerMod:WildCard","beaked:MachineSpirit+1","PokerPlayerMod:Diamond10+","Pot Of Greed","PokerPlayerMod:Club8"],"relics":["PokerPlayerMod:DeckCase","Bag of Preparation","reliquary:Buckler","Replay:WaspNest","betterThird:SlimedRelic","aspiration:SecretTechniqueScroll","CCEMRelics:ChainBlade","Grinning Jar","aspiration:HummingbirdHeart","Nloth\u0027s Gift","conspire:DeflatedDodgeball","infinitespire:EvilPickle","reliquary:WritOfMandamus","conspire:GlowingRock","Blue Doll","jedi:shrinkray","Omamori","Lizard Tail","aspiration:BeakedSkillbook","ClockworkSouvenir","hubris:Zylophone","conspire:TopHat","conspire:Dentures","Calling Bell","CCEMRelics:Barrel","reliquary:BallBearing","CCEMRelics:LagavulinClaw","CCEMRelics:SoftDrink","Replay:Ringing Soul","CrazyTorch:ReiMu"],"acts_visited":["Exordium","TheCity","TheBeyond","Exordium","Gensokyo:Gensokyoer"],"potions_floor_usage":[12,12,16,25,57],"damage_taken":[{"damage":0,"enemies":"2 Louse","floor":1,"turns":1},{"damage":2,"enemies":"Cultist","floor":2,"turns":3},{"damage":0,"enemies":"Small Slimes","floor":4,"turns":2},{"damage":0,"enemies":"2 Fungi Beasts","floor":5,"turns":2},{"damage":9,"enemies":"3 Sentries","floor":6,"turns":4},{"damage":0,"enemies":"Large Slime","floor":7,"turns":3},{"damage":0,"enemies":"Lots of Slimes","floor":11,"turns":1},{"damage":20,"enemies":"Gremlin Nob","floor":12,"turns":4},{"damage":18,"enemies":"Lagavulin","floor":14,"turns":3},{"damage":0,"enemies":"Fading Forest","floor":16,"turns":11},{"damage":0,"enemies":"Spheric Guardian","floor":18,"turns":3},{"damage":0,"enemies":"2 Thieves","floor":22,"turns":3},{"damage":0,"enemies":"Snake Plant","floor":24,"turns":2},{"damage":0,"enemies":"Slavers","floor":25,"turns":2},{"damage":0,"enemies":"Cultist and Chosen","floor":27,"turns":4},{"damage":0,"enemies":"Sentry and Sphere","floor":30,"turns":2},{"damage":17,"enemies":"Nightmare","floor":31,"turns":4},{"damage":8,"enemies":"Pondfish","floor":33,"turns":6},{"damage":0,"enemies":"3 Shapes","floor":35,"turns":3},{"damage":0,"enemies":"Orb Walker","floor":36,"turns":2},{"damage":22,"enemies":"conspire:MimicChest","floor":37,"turns":6},{"damage":0,"enemies":"Spire Growth","floor":38,"turns":3},{"damage":0,"enemies":"Writhing Mass","floor":39,"turns":3},{"damage":2,"enemies":"Nemesis","floor":40,"turns":4},{"damage":5,"enemies":"4 Shapes","floor":42,"turns":3},{"damage":0,"enemies":"Transient","floor":45,"turns":5},{"damage":4,"enemies":"Reptomancer","floor":46,"turns":4},{"damage":101,"enemies":"conspire:OrnateMirror","floor":50,"turns":6},{"damage":0,"enemies":"Small Slimes","floor":52,"turns":1},{"damage":0,"enemies":"2 Louse","floor":53,"turns":2},{"damage":0,"enemies":"Cultist","floor":55,"turns":2},{"damage":0,"enemies":"Gremlin Nob","floor":57,"turns":3},{"damage":0,"enemies":"Blue Slaver","floor":58,"turns":1},{"damage":0,"enemies":"Looter","floor":59,"turns":1},{"damage":9,"enemies":"3 Sentries","floor":61,"turns":3},{"damage":6,"enemies":"2 Fungi Beasts","floor":63,"turns":2},{"damage":38,"enemies":"The Guardian","floor":67,"turns":6},{"damage":0,"enemies":"Gensokyo:3_Dogs","floor":69,"turns":1},{"damage":0,"enemies":"Gensokyo:2_Gloops","floor":71,"turns":3},{"damage":0,"enemies":"Gensokyo:Slime_Group","floor":73,"turns":2},{"damage":9,"enemies":"Gensokyo:Reisen","floor":74,"turns":3},{"damage":0,"enemies":"Gensokyo:Mirror_and_Dog","floor":76,"turns":3},{"damage":3,"enemies":"Gensokyo:Tenshi","floor":78,"turns":3},{"damage":0,"enemies":"Gensokyo:Monolith_and_Dog","floor":80,"turns":1},{"damage":0,"enemies":"Gensokyo:Slime_Group","floor":82,"turns":3},{"damage":62,"enemies":"Gensokyo:Eternal_Rivals","floor":84,"turns":4}],"seed_played":"4148789773882770300","potions_obtained":[{"floor":4,"key":"Death Potion"},{"floor":5,"key":"ColorlessPotion"},{"floor":7,"key":"Swift Potion"},{"floor":11,"key":"SkillPotion"},{"floor":14,"key":"Toxic Potion"},{"floor":16,"key":"Milkshake"},{"floor":18,"key":"Elixir"},{"floor":24,"key":"SpeedPotion"},{"floor":25,"key":"CalmPotion"},{"floor":33,"key":"LiquidBronze"},{"floor":37,"key":"Adrenaline Potion"},{"floor":40,"key":"SkillPotion"},{"floor":46,"key":"DistilledChaos"},{"floor":57,"key":"jedi:StrikingPotion"}],"is_trial":false,"path_per_floor":["M","M","?","M","M","E","M","R","T","?","M","E","?","E","R","B",null,"M","AVR","?","?","M","R","M","E","T","M","?","?","M","NM","R","B",null,"M","M","?","M","M","E","?","M","T","R","M","E","R","$","R","B",null,"M","M","$","M","?","E","M","M","T","E","R","M","$","?","R","B",null,"M","?","M","?","M","E","R","M","T","E","?","M","R","M","R","B"],"character_chosen":"THE_POKER_PLAYER","items_purchased":["Lizard Tail","PokerPlayerMod:Club10+","PokerPlayerMod:Spade8","PokerPlayerMod:DamnStraight","PokerPlayerMod:Heart9","ClockworkSouvenir","PokerPlayerMod:Club10+"],"campfire_rested":0,"item_purchase_floors":[48,48,48,48,54,54,64],"current_hp_per_floor":[52,52,52,52,52,49,52,52,52,47,50,32,21,9,9,27,52,52,52,52,52,52,52,52,52,52,52,52,52,52,35,35,44,52,52,52,46,52,52,52,52,47,47,47,52,52,52,52,52,40,52,52,52,52,52,52,52,52,52,52,43,43,47,47,47,47,41,52,52,47,47,47,47,47,47,47,47,50,50,50,50,53,53,0,0,0],"gold":2015,"neow_bonus":"UPGRADE_CARD","is_daily":false,"chose_seed":false,"campfire_upgraded":10,"win_rate":0.0,"timestamp":1612077545,"path_taken":["M","M","?","M","?","E","M","R","T","?","?","E","?","E","R","BOSS","M","AVR","?","?","M","R","M","E","T","?","?","?","?","NM","R","BOSS","M","?","?","M","?","E","?","?","T","R","M","E","R","$","R","BOSS","M","M","$","M","?","E","M","M","T","E","R","?","$","?","R","BOSS","M","?","M","?","?","E","R","M","T","E","?","M","R","M","R","BOSS"],"items_purchased_type":["Relic","Undefined","Card","Card","Card","Relic","Undefined"],"build_version":"2020-12-22","purchased_purges":4,"victory":false,"max_hp_per_floor":[52,52,52,52,52,52,52,52,52,52,52,52,52,52,52,52,52,52,52,52,52,52,52,52,52,52,52,52,52,52,52,52,52,52,52,52,52,52,52,52,52,52,52,52,52,52,52,52,52,52,52,52,52,52,52,52,52,52,52,52,52,52,52,52,52,52,52,52,52,47,47,47,47,47,47,47,47,50,50,50,50,53,53,53,53,53],"card_choices":[{"not_picked":["PokerPlayerMod:MagicTrick","PokerPlayerMod:SpadeStrike"],"picked":"PokerPlayerMod:Heart3","floor":1},{"not_picked":["PokerPlayerMod:DartThrow","PokerPlayerMod:Configure"],"picked":"PokerPlayerMod:SpadeStrike","floor":2},{"not_picked":["PokerPlayerMod:Raise","PokerPlayerMod:Spade3"],"picked":"PokerPlayerMod:Club8","floor":4},{"not_picked":["PokerPlayerMod:FlyingCard","PokerPlayerMod:DartThrow","PokerPlayerMod:SpadeStrike"],"picked":"SKIP","floor":5},{"not_picked":["PokerPlayerMod:Diamond1","PokerPlayerMod:FillThePot"],"picked":"PokerPlayerMod:Spade8","floor":6},{"not_picked":["PokerPlayerMod:Raise","PokerPlayerMod:Spade3","PokerPlayerMod:PoorCopy"],"picked":"SKIP","floor":7},{"not_picked":["PokerPlayerMod:CardBurn","PokerPlayerMod:Spade2","PokerPlayerMod:SecondChance"],"picked":"SKIP","floor":11},{"not_picked":["PokerPlayerMod:DiamondStrike","PokerPlayerMod:Heart2"],"picked":"PokerPlayerMod:RoyalStrike","floor":12},{"not_picked":["PokerPlayerMod:Spade2","PokerPlayerMod:RiskyBet","PokerPlayerMod:Fold"],"picked":"SKIP","floor":14},{"not_picked":["PokerPlayerMod:GamblerForm","PokerPlayerMod:TheDieIsCast"],"picked":"PokerPlayerMod:Heart10+","floor":16},{"not_picked":["PokerPlayerMod:Manipulation","PokerPlayerMod:ClubShade+1","PokerPlayerMod:Trickery"],"picked":"SKIP","floor":18},{"not_picked":["PokerPlayerMod:SpadeStrike","PokerPlayerMod:MagicTrick"],"picked":"PokerPlayerMod:Diamond4","floor":22},{"not_picked":["PokerPlayerMod:CardBurn","PokerPlayerMod:Diamond2"],"picked":"PokerPlayerMod:Diamond4","floor":24},{"not_picked":["PokerPlayerMod:Heart7","PokerPlayerMod:CardPrinter"],"picked":"PokerPlayerMod:SecretDealer","floor":25},{"not_picked":["PokerPlayerMod:Spade1","PokerPlayerMod:DiamondStrike","PokerPlayerMod:ClubShade"],"picked":"SKIP","floor":27},{"not_picked":["PokerPlayerMod:Manipulation","PokerPlayerMod:Raise","PokerPlayerMod:Diamond4"],"picked":"SKIP","floor":30},{"not_picked":["infinitespire:Execution","infinitespire:Punishment"],"picked":"infinitespire:NeuralNetwork","floor":31},{"not_picked":["PokerPlayerMod:Diamond2","PokerPlayerMod:SecondChance"],"picked":"PokerPlayerMod:Diamond4","floor":31},{"not_picked":["PokerPlayerMod:ChangeRules","PokerPlayerMod:FakeSymbols"],"picked":"PokerPlayerMod:Spade9","floor":33},{"not_picked":["PokerPlayerMod:Diamond1","PokerPlayerMod:Spade1"],"picked":"PokerPlayerMod:Diamond5","floor":35},{"not_picked":["PokerPlayerMod:Diamond2","PokerPlayerMod:Diamond3","PokerPlayerMod:ClubsClub"],"picked":"SKIP","floor":36},{"not_picked":["PokerPlayerMod:Diamond6","PokerPlayerMod:Extraction+1"],"picked":"PokerPlayerMod:Promotion","floor":38},{"not_picked":["PokerPlayerMod:SpadeStrike","PokerPlayerMod:Club4","PokerPlayerMod:RiskyBet"],"picked":"SKIP","floor":39},{"not_picked":["PokerPlayerMod:StackedDeck","PokerPlayerMod:Configure+1","PokerPlayerMod:ChangeRules"],"picked":"SKIP","floor":40},{"not_picked":["PokerPlayerMod:Raise","PokerPlayerMod:SecondChance+1"],"picked":"PokerPlayerMod:TheDieIsCast","floor":42},{"not_picked":["PokerPlayerMod:Diamond4","PokerPlayerMod:ClubDance+1","PokerPlayerMod:Diamond2"],"picked":"SKIP","floor":45},{"not_picked":["PokerPlayerMod:Raise","PokerPlayerMod:Configure"],"picked":"PokerPlayerMod:WasteCollection","floor":46},{"not_picked":["PokerPlayerMod:Spade8","PokerPlayerMod:Diamond10+"],"picked":"PokerPlayerMod:Promotion","floor":50},{"not_picked":["beaked:Cower","beaked:Daydream","PokerPlayerMod:Trickery","PokerPlayerMod:Spade2"],"picked":"SKIP","floor":52},{"not_picked":["beaked:HuntressSpirit","PokerPlayerMod:RoyalStrike","beaked:MimicHuntress"],"picked":"PokerPlayerMod:Spade6","floor":53},{"not_picked":["PokerPlayerMod:Spade1","PokerPlayerMod:Heart5","beaked:ScreechingChant"],"picked":"PokerPlayerMod:Diamond6","floor":55},{"not_picked":["PokerPlayerMod:Diamond5","PokerPlayerMod:DamnStraight","beaked:VigorBurst"],"picked":"beaked:AwakenedForm","floor":57},{"not_picked":["PokerPlayerMod:Diamond4","PokerPlayerMod:DartThrow","beaked:SurvivalInstinct"],"picked":"PokerPlayerMod:Spade10+","floor":58},{"not_picked":["beaked:WarriorSpirit","PokerPlayerMod:Spade7","PokerPlayerMod:MagicTrick","PokerPlayerMod:Fold"],"picked":"SKIP","floor":59},{"not_picked":["PokerPlayerMod:Configure","PokerPlayerMod:Diamond1","beaked:Resilience"],"picked":"PokerPlayerMod:Diamond10+","floor":61},{"not_picked":["PokerPlayerMod:Spade6","beaked:Molting","PokerPlayerMod:Raise","PokerPlayerMod:ClubDance"],"picked":"SKIP","floor":63},{"not_picked":["beaked:TuckingFeathers","PokerPlayerMod:Diamond2","beaked:Foresight","beaked:Pecker"],"picked":"SKIP","floor":69},{"not_picked":["PokerPlayerMod:Diamond1","PokerPlayerMod:FillThePot+1","PokerPlayerMod:Spade5"],"picked":"PokerPlayerMod:Spade8","floor":71},{"not_picked":["beaked:SurvivalInstinct+1","beaked:LiftOff","PokerPlayerMod:Spade1","beaked:Brace"],"picked":"SKIP","floor":73},{"not_picked":["beaked:Insight+1","beaked:Evade","PokerPlayerMod:RiskyBet"],"picked":"PokerPlayerMod:WildCard","floor":74},{"not_picked":["PokerPlayerMod:CloakAndDiamond+1","PokerPlayerMod:Spade1","PokerPlayerMod:Diamond10+"],"picked":"beaked:MachineSpirit+1","floor":76},{"not_picked":["PokerPlayerMod:Diamond7","beaked:Ceremony","ReplayTheSpireMod:Wings of Steel+1"],"picked":"PokerPlayerMod:Diamond9","floor":78},{"not_picked":["beaked:WindBringer","PokerPlayerMod:DiamondStrike+1","PokerPlayerMod:Diamond8","PokerPlayerMod:Club1"],"picked":"SKIP","floor":80},{"not_picked":["beaked:Poke","PokerPlayerMod:Diamond2","PokerPlayerMod:Diamond8"],"picked":"PokerPlayerMod:Club8","floor":82}],"player_experience":245360,"relics_obtained":[{"floor":6,"key":"Bag of Preparation"},{"floor":9,"key":"reliquary:Buckler"},{"floor":12,"key":"Replay:WaspNest"},{"floor":14,"key":"Art of War"},{"floor":25,"key":"Grinning Jar"},{"floor":26,"key":"aspiration:HummingbirdHeart"},{"floor":31,"key":"conspire:DeflatedDodgeball"},{"floor":37,"key":"conspire:GlowingRock"},{"floor":40,"key":"Blue Doll"},{"floor":43,"key":"jedi:shrinkray"},{"floor":46,"key":"Omamori"},{"floor":57,"key":"hubris:Zylophone"},{"floor":60,"key":"conspire:TopHat"},{"floor":61,"key":"conspire:Dentures"},{"floor":68,"key":"CCEMRelics:Barrel"},{"floor":68,"key":"reliquary:BallBearing"},{"floor":68,"key":"CCEMRelics:LagavulinClaw"},{"floor":74,"key":"CCEMRelics:SoftDrink"},{"floor":77,"key":"Replay:Ringing Soul"},{"floor":78,"key":"CrazyTorch:ReiMu"}],"event_choices":[{"damage_healed":0,"gold_gain":0,"player_choice":"Upgraded","damage_taken":0,"max_hp_gain":0,"max_hp_loss":0,"event_name":"Upgrade Shrine","floor":3,"gold_loss":0,"cards_upgraded":["PokerPlayerMod:SpadeStrike"]},{"damage_healed":0,"gold_gain":75,"player_choice":"Touch","damage_taken":5,"max_hp_gain":0,"max_hp_loss":0,"event_name":"FaceTrader","floor":10,"gold_loss":0},{"damage_healed":0,"gold_gain":0,"player_choice":"Slimed","damage_taken":11,"max_hp_gain":1,"max_hp_loss":0,"event_name":"betterThird:BetterGoop","floor":13,"gold_loss":0},{"damage_healed":0,"gold_gain":0,"player_choice":"Traded Relic","damage_taken":0,"relics_obtained":["Nloth\u0027s Gift"],"max_hp_gain":0,"max_hp_loss":0,"event_name":"N\u0027loth","floor":29,"relics_lost":["aspiration:ArtOfWarUpgrade"],"gold_loss":0},{"damage_healed":0,"gold_gain":0,"player_choice":"Upgraded","damage_taken":0,"max_hp_gain":0,"max_hp_loss":0,"event_name":"Upgrade Shrine","floor":41,"gold_loss":0,"cards_upgraded":["PokerPlayerMod:Spade2"]},{"damage_healed":0,"gold_gain":0,"cards_transformed":["PokerPlayerMod:Diamond2"],"player_choice":"Transformed","damage_taken":0,"max_hp_gain":0,"max_hp_loss":0,"event_name":"Transmorgrifier","floor":56,"gold_loss":0,"cards_obtained":["PokerPlayerMod:Heart1"]},{"damage_healed":47,"gold_gain":0,"player_choice":"Embrace Burn","damage_taken":0,"max_hp_gain":0,"max_hp_loss":52,"event_name":"betterThird:BetterShining","floor":65,"gold_loss":0}],"is_beta":false,"boss_relics":[{"not_picked":["Calling Bell","thethorton:GreedFountain"],"picked":"aspiration:SecretTechniqueScroll"},{"not_picked":["Runic Pyramid","aspiration:WatcherSkillbook"],"picked":"reliquary:WritOfMandamus"},{"not_picked":["energizedSpire:EnergizedDie","Fusion Hammer"],"picked":"aspiration:BeakedSkillbook"},{"not_picked":["PokerPlayerMod:AceCard","CCEMRelics:ReaperScythe"],"picked":"Calling Bell"}],"items_purged_floors":[19,48,54,64],"is_endless":true,"potions_floor_spawned":[4,5,7,11,14,16,18,24,25,33,37,38,40,45,46,57,58,63,67,69,74,76,80,82],"killed_by":"Gensokyo:Eternal_Rivals","ascension_level":1}}