{"host":"rn4c402gwd40h2z6","time":1612064848,"event":{"mods":["A Penny For Your Troubles","AchievementEnabler","Act Like it!","BaseMod","CapriCore","Card Forge","Challenge The Spire","DNKmod","Data Control","Downfall","Friendly Minions","Good Game Mod","HumanHunterMod(怪物杀人mod)","Minty Spire (QoL Compilation)","Pale of the Ancients","Quick Restart","Random Character Button","Relic Filter Mod","Reliquary","RumiaBox-露米娅的神秘盒子","StSLib","The Construct","The Jungle","[GremlinLeader]The Maniac","noobMod","【功能Mod】混沌之环修复补丁"],"gold_per_floor":[111,123,142,161,161,189,189,207,257,317,333,333,339,363,363,442,492,507,133,145,145,145,145,176,98,98,98,144,144,174,190,190,261,261,274,274,299,299,299],"floor_reached":38,"language":"ZHS","playtime":3016,"items_purged":[],"score":1623,"play_id":"e5ee0669-e6e5-4908-aed1-e6f3862b7372","local_time":"20210131114728","is_ascension_mode":true,"campfire_choices":[{"floor":12.0,"key":"RECALL"},{"floor":15.0,"key":"REST"},{"floor":23.0,"key":"REST"},{"floor":32,"key":"REST"}],"circlet_count":0,"master_deck":["Bash+1","Guardian:ExploitGems+1","Pommel Strike+1","Shrug It Off+1","Shrug It Off+1","Demon Form+1","Twin Strike+1","Cleave+1","Shrug It Off+1","Burning Pact+1","Shrug It Off+1","Pommel Strike+1","Twin Strike+1","Heavy Blade+1","Bludgeon+1","Uppercut+1","Dramatic Entrance+1","Pommel Strike+1","Shrug It Off+1"],"relics":["Burning Blood","Hammer of Thor","Seething Fire","Anvil of the Gods","REME:ComplimentaryCards","ice","NeowsBlessing","Baka2","Bag of Preparation","StrikeDummy","Oddly Smooth Stone","Tiny House","Dream Catcher","DollysMirror","Blue Candle","Tiny Chest","reliquary:RoseTintedGlasses","reliquary:PartyBalloon","Lizard Tail","Runic Pyramid"],"acts_visited":["Exordium","TheCity","TheBeyond"],"potions_floor_usage":[],"damage_taken":[{"damage":0.0,"enemies":"Cultist","floor":1.0,"turns":1.0},{"damage":0.0,"enemies":"Jaw Worm","floor":2.0,"turns":1.0},{"damage":0.0,"enemies":"Small Slimes","floor":3.0,"turns":2.0},{"damage":0.0,"enemies":"Exordium Thugs","floor":4.0,"turns":1.0},{"damage":0.0,"enemies":"Gremlin Nob","floor":6.0,"turns":1.0},{"damage":0.0,"enemies":"3 Louse","floor":8.0,"turns":1.0},{"damage":0.0,"enemies":"3 Sentries","floor":10.0,"turns":3.0},{"damage":0.0,"enemies":"Looter","floor":11.0,"turns":1.0},{"damage":0.0,"enemies":"Exordium Thugs","floor":13.0,"turns":1.0},{"damage":12.0,"enemies":"The Guardian","floor":16.0,"turns":2.0},{"damage":0.0,"enemies":"3 Byrds","floor":18.0,"turns":1.0},{"damage":0.0,"enemies":"2 Thieves","floor":20.0,"turns":1.0},{"damage":0.0,"enemies":"Book of Stabbing","floor":24.0,"turns":2.0},{"damage":0,"enemies":"Gremlin Leader","floor":28,"turns":2},{"damage":6,"enemies":"Chosen and Byrds","floor":30,"turns":1},{"damage":0,"enemies":"3 Cultists","floor":31,"turns":1},{"damage":0,"enemies":"Champ","floor":33,"turns":2},{"damage":0,"enemies":"3 Darklings","floor":35,"turns":1},{"damage":231,"enemies":"Awakened One","floor":37,"turns":5},{"damage":0,"enemies":"Donu and Deca","floor":38,"turns":2}],"seed_played":"3100206244792482564","potions_obtained":[{"floor":2.0,"key":"FairyPotion"},{"floor":3.0,"key":"Explosive Potion"}],"is_trial":false,"path_per_floor":["M","M","M","M","?","E","?","M","T","E","M","R","M","T","R","B",null,"M","$","M","?","?","R","E","$","T","?","E","T","M","M","R","B",null,"M","?","B","B"],"character_chosen":"IRONCLAD","items_purchased":["Shrug It Off","Dream Catcher","DollysMirror","Uppercut"],"campfire_rested":3,"item_purchase_floors":[19,19,19,25],"current_hp_per_floor":[1000,1000,1000,1000,1000,1000,1000,1000,1000,1000,1000,1000,1000,1000,1000,994,1004,1005,1005,1005,1005,1000,1005,1005,1005,1005,909,915,915,915,921,1005,1005,1005,1005,1005,780,780,780],"gold":299,"neow_bonus":"THREE_ENEMY_KILL","is_daily":false,"chose_seed":false,"campfire_upgraded":0,"win_rate":0.0,"timestamp":1612064848,"path_taken":["M","M","?","M","?","E","?","M","T","E","M","R","?","?","R","BOSS","M","$","M","?","?","R","E","$","T","?","E","?","M","M","R","BOSS","M","?","BOSS","BOSS"],"items_purchased_type":["Card","Relic","Relic","Card"],"build_version":"2020-12-22","purchased_purges":0,"victory":false,"max_hp_per_floor":[1000,1000,1000,1000,1000,1000,1000,1000,1000,1000,1000,1000,1000,1000,1000,1000,1005,1005,1005,1005,1005,1005,1005,1005,1005,1005,1005,1005,1005,1005,1005,1005,1005,1005,1005,1005,1005,1005,1005],"card_choices":[{"not_picked":["Burning Pact","Dropkick"],"picked":"Pommel Strike","floor":1.0},{"not_picked":["Twin Strike","Havoc"],"picked":"Carnage","floor":2.0},{"not_picked":["Shockwave","Clothesline"],"picked":"Shrug It Off","floor":3.0},{"not_picked":["Rage","Armaments"],"picked":"Shrug It Off","floor":4.0},{"not_picked":["Iron Wave","Entrench"],"picked":"Demon Form","floor":6.0},{"not_picked":["Body Slam","Perfected Strike"],"picked":"Twin Strike","floor":8.0},{"not_picked":["Clothesline","Exhume","Perfected Strike"],"picked":"SKIP","floor":10.0},{"not_picked":["Blood for Blood","Dark Embrace"],"picked":"Cleave","floor":11.0},{"not_picked":["Clothesline","Power Through"],"picked":"Shrug It Off","floor":13.0},{"not_picked":["Demon Form","Immolate"],"picked":"Corruption","floor":16.0},{"not_picked":["Wild Strike","Reckless Charge"],"picked":"Carnage","floor":17.0},{"not_picked":["Intimidate","Reckless Charge"],"picked":"Burning Pact","floor":18.0},{"not_picked":["Iron Wave","Dark Embrace"],"picked":"Twin Strike","floor":20.0},{"not_picked":["Havoc","Sentinel"],"picked":"Heavy Blade","floor":23.0},{"not_picked":["Power Through","Rupture"],"picked":"Bludgeon","floor":24.0},{"not_picked":["Second Wind","Cleave"],"picked":"Pommel Strike","floor":28},{"not_picked":["Perfected Strike","Sword Boomerang"],"picked":"Feed","floor":28},{"not_picked":["Evolve","Warcry","Impervious"],"picked":"SKIP","floor":28},{"not_picked":["Carnage","Entrench","Havoc"],"picked":"SKIP","floor":28},{"not_picked":["Twin Strike","Battle Trance","Flame Barrier"],"picked":"SKIP","floor":30},{"not_picked":["Sword Boomerang","Hemokinesis","Metallicize+1"],"picked":"SKIP","floor":31},{"not_picked":["Wild Strike","Rampage+1"],"picked":"Shrug It Off","floor":35}],"player_experience":90932,"relics_obtained":[{"floor":1.0,"key":"Baka"},{"floor":2.0,"key":"Baka2"},{"floor":6.0,"key":"Bag of Preparation"},{"floor":10.0,"key":"StrikeDummy"},{"floor":14.0,"key":"Oddly Smooth Stone"},{"floor":24.0,"key":"Tiny Chest"},{"floor":26.0,"key":"reliquary:RoseTintedGlasses"},{"floor":28,"key":"reliquary:PartyBalloon"},{"floor":29,"key":"Lizard Tail"}],"event_choices":[{"damage_healed":0.0,"max_hp_gain":0.0,"max_hp_loss":0.0,"gold_gain":0.0,"event_name":"Shining Light","player_choice":"Ignored","floor":5.0,"gold_loss":0.0,"damage_taken":0.0},{"damage_healed":0.0,"max_hp_gain":0.0,"max_hp_loss":0.0,"gold_gain":0.0,"event_name":"Transmorgrifier","player_choice":"Ignored","floor":7.0,"gold_loss":0.0,"damage_taken":0.0},{"damage_healed":0.0,"max_hp_gain":0.0,"max_hp_loss":0.0,"gold_gain":0.0,"event_name":"Forgotten Altar","player_choice":"Smashed Altar","floor":21.0,"gold_loss":0.0,"damage_taken":0.0,"cards_obtained":["Decay"]},{"damage_healed":0,"gold_gain":0,"player_choice":"CARD CARD CARD CARD CARD CARD CARD CARD CARD ","damage_taken":96,"max_hp_gain":0,"max_hp_loss":0,"event_name":"Knowing Skull","floor":27,"potions_obtained":[],"gold_loss":0,"cards_obtained":["Forethought","Dramatic Entrance","PanicButton","Forethought","Madness","Jack Of All Trades","Purity","Enlightenment","Purity"]},{"damage_healed":0,"gold_gain":0,"player_choice":"Took Portal","damage_taken":0,"max_hp_gain":0,"max_hp_loss":0,"event_name":"SecretPortal","floor":36,"gold_loss":0}],"is_beta":false,"boss_relics":[{"not_picked":["reliquary:Ember","bronze:MakeshiftBattery"],"picked":"Tiny House"},{"not_picked":["Runic Dome","reliquary:KinkedSpring"],"picked":"Runic Pyramid"}],"items_purged_floors":[],"is_endless":false,"potions_floor_spawned":[2,3,13,16,18,20,30,33,35],"killed_by":"Donu and Deca","ascension_level":20}}