{"host":"yqw1zpryoutrnocq","time":1612134902,"event":{"mods":["2.2 Compatiblity","AchievementEnabler","BaseMod","Colored Map","Custom Start","DeckTracker","Minty Spire (QoL Compilation)","StSLib","SuperFastMode"],"gold_per_floor":[364,314,327,8,25,53,1,1,1,1,44,72,96,96,96,205,214,234,234,159,188,28,28,71,71,371,371,442,25,41,76,76,184,184,210,234,184,234,249,289,309,328,328,92,122,46,73,114,114,114,114],"floor_reached":50,"language":"KOR","playtime":2230,"items_purged":["Strike_G","Strike_G","Strike_G","Strike_G"],"score":884,"play_id":"732dbcfa-cf31-48fe-83bc-00cd54b52e58","local_time":"20210131171502","is_ascension_mode":true,"campfire_choices":[{"data":"Apotheosis","floor":8.0,"key":"SMITH"},{"floor":10.0,"key":"REST"},{"floor":15.0,"key":"REST"},{"floor":23.0,"key":"REST"},{"floor":32,"key":"REST"},{"floor":49,"key":"RECALL"}],"circlet_count":0,"master_deck":["Defend_G","Defend_G","Defend_G","Defend_G","Defend_G","Survivor","Neutralize+1","Caltrops","PiercingWail","Apotheosis+1","Masterful Stab","Acrobatics","Poisoned Stab","Dagger Spray","Dodge and Roll","Crippling Poison","Quick Slash","Wraith Form v2","CurseOfTheBell","Backflip","Cloak And Dagger","Footwork","Cloak And Dagger+1","Noxious Fumes","Burst","Adrenaline","Blur+1","Deflect+1","Terror","Backflip+1","Venomology","Riddle With Holes","Catalyst+1"],"relics":["Ring of the Snake","Letter Opener","Matryoshka","Anchor","CeramicFish","Bag of Preparation","Calling Bell","Tiny Chest","Shuriken","Mango","Smiling Mask","Nilry\u0027s Codex","Paper Crane","Old Coin","Pear","ClockworkSouvenir","Juzu Bracelet","The Courier","Black Star","Gambling Chip","Thread and Needle","Kunai","Vajra","Strawberry","Tough Bandages","Orichalcum","Lantern","Omamori"],"acts_visited":["Exordium","TheCity","TheBeyond"],"potions_floor_usage":[31,31,33,38,40,45,45,47,47,48,48,48,48,48,50,50],"damage_taken":[{"damage":6.0,"enemies":"2 Louse","floor":1.0,"turns":3.0},{"damage":1.0,"enemies":"Small Slimes","floor":3.0,"turns":4.0},{"damage":0.0,"enemies":"Cultist","floor":5.0,"turns":3.0},{"damage":24.0,"enemies":"3 Sentries","floor":6.0,"turns":9.0},{"damage":47.0,"enemies":"Gremlin Nob","floor":11.0,"turns":5.0},{"damage":0.0,"enemies":"Large Slime","floor":12.0,"turns":6.0},{"damage":0.0,"enemies":"Red Slaver","floor":13.0,"turns":4.0},{"damage":14.0,"enemies":"The Guardian","floor":16.0,"turns":14.0},{"damage":4.0,"enemies":"Chosen","floor":18.0,"turns":5.0},{"damage":0.0,"enemies":"Shell Parasite","floor":21.0,"turns":7.0},{"damage":22.0,"enemies":"Slavers","floor":24.0,"turns":7.0},{"damage":0,"enemies":"Cultist and Chosen","floor":30,"turns":5},{"damage":0,"enemies":"Gremlin Leader","floor":31,"turns":8},{"damage":9,"enemies":"Champ","floor":33,"turns":13},{"damage":20,"enemies":"3 Shapes","floor":35,"turns":6},{"damage":6,"enemies":"Orb Walker","floor":36,"turns":4},{"damage":0,"enemies":"Mind Bloom Boss Battle","floor":38,"turns":8},{"damage":0,"enemies":"Spire Growth","floor":39,"turns":5},{"damage":13,"enemies":"Giant Head","floor":40,"turns":11},{"damage":12,"enemies":"4 Shapes","floor":41,"turns":4},{"damage":0,"enemies":"Jaw Worm Horde","floor":42,"turns":4},{"damage":3,"enemies":"Nemesis","floor":45,"turns":9},{"damage":0,"enemies":"Maw","floor":47,"turns":8},{"damage":25,"enemies":"Giant Head","floor":48,"turns":11},{"damage":22,"enemies":"Awakened One","floor":50,"turns":11}],"seed_played":"-7809404521334384378","potions_obtained":[{"floor":3.0,"key":"Strength Potion"},{"floor":11.0,"key":"SpeedPotion"},{"floor":12.0,"key":"CultistPotion"},{"floor":13.0,"key":"GamblersBrew"},{"floor":16.0,"key":"CunningPotion"},{"floor":27,"key":"Fire Potion"},{"floor":27,"key":"DistilledChaos"},{"floor":30,"key":"LiquidMemories"},{"floor":33,"key":"Weak Potion"},{"floor":35,"key":"Strength Potion"},{"floor":40,"key":"SteroidPotion"},{"floor":41,"key":"AttackPotion"},{"floor":45,"key":"EssenceOfSteel"},{"floor":48,"key":"PowerPotion"}],"is_trial":false,"path_per_floor":["M","?","M","$","M","E","?","R","T","R","E","M","M","?","R","B",null,"M","?","$","M","$","R","E","?","T","?","T","$","M","E","R","B",null,"M","M","$","?","M","E","M","M","T","$","E","$","M","E","R","B"],"character_chosen":"THE_SILENT","items_purchased":["Apotheosis","Masterful Stab","Acrobatics","Footwork","Noxious Fumes","ClockworkSouvenir","Juzu Bracelet","Vajra","Strawberry","EntropicBrew"],"campfire_rested":4,"item_purchase_floors":[4,4,4,22,29,29,29,44,44,46],"current_hp_per_floor":[57,57,56,56,56,32,32,32,32,50,3,3,3,3,21,7,63,59,59,59,59,59,77,55,39,39,39,49,49,49,49,75,66,82,62,56,56,56,56,43,31,31,31,38,35,35,35,10,10,0,0],"gold":114,"neow_bonus":"TWO_FIFTY_GOLD","is_daily":false,"chose_seed":false,"campfire_upgraded":1,"win_rate":0.0,"timestamp":1612134902,"path_taken":["M","?","M","$","M","E","?","R","T","R","E","M","?","?","R","BOSS","M","?","$","M","$","R","E","?","T","?","?","?","M","E","R","BOSS","M","M","$","?","M","E","M","M","T","$","E","$","M","E","R","BOSS"],"items_purchased_type":["Card","Card","Card","Card","Card","Relic","Relic","Relic","Relic","Potion"],"build_version":"2020-12-22","purchased_purges":4,"victory":false,"max_hp_per_floor":[63,63,63,63,63,63,63,63,63,63,63,63,63,63,63,63,77,77,77,77,77,77,77,77,77,77,77,87,87,87,87,87,87,87,87,87,87,87,87,87,87,87,87,94,94,94,94,94,94,94,94],"card_choices":[{"not_picked":["Flying Knee","Dodge and Roll"],"picked":"Caltrops","floor":1.0},{"not_picked":["Predator","Slice"],"picked":"PiercingWail","floor":3.0},{"not_picked":["Flying Knee","Choke"],"picked":"Poisoned Stab","floor":5.0},{"not_picked":["Bane","Cloak And Dagger"],"picked":"Dagger Spray","floor":6.0},{"not_picked":["Slice","Phantasmal Killer"],"picked":"Dodge and Roll","floor":11.0},{"not_picked":["Accuracy","Blade Dance"],"picked":"Crippling Poison","floor":12.0},{"not_picked":["Dash","Reflex"],"picked":"Quick Slash","floor":13.0},{"not_picked":["Tools of the Trade","Glass Knife"],"picked":"Wraith Form v2","floor":16.0},{"not_picked":["Slice","Backstab"],"picked":"Backflip","floor":18.0},{"not_picked":["Underhanded Strike+1","Crippling Poison+1"],"picked":"Cloak And Dagger","floor":21.0},{"not_picked":["Unload","Dagger Throw"],"picked":"Cloak And Dagger+1","floor":24.0},{"not_picked":["Deflect+1","Choke","Bane"],"picked":"SKIP","floor":30},{"not_picked":["Footwork","Caltrops+1"],"picked":"Burst","floor":31},{"not_picked":["Wraith Form v2","A Thousand Cuts"],"picked":"Adrenaline","floor":33},{"not_picked":["PiercingWail+1","Prepared"],"picked":"Blur+1","floor":35},{"not_picked":["Slice+1","Prepared+1"],"picked":"Deflect+1","floor":36},{"not_picked":["Quick Slash","Sucker Punch","Flechettes"],"picked":"SKIP","floor":39},{"not_picked":["Flying Knee+1","Heel Hook+1"],"picked":"Terror","floor":40},{"not_picked":["Prepared","Flying Knee"],"picked":"Backflip+1","floor":41},{"not_picked":["All Out Attack+1","Outmaneuver"],"picked":"Venomology","floor":42},{"not_picked":["Acrobatics+1","Eviscerate+1","Dodge and Roll"],"picked":"SKIP","floor":45},{"not_picked":["Concentrate","Well Laid Plans+1"],"picked":"Riddle With Holes","floor":47},{"not_picked":["Slice","Underhanded Strike"],"picked":"Catalyst+1","floor":48}],"player_experience":252753,"relics_obtained":[{"floor":6.0,"key":"Letter Opener"},{"floor":9.0,"key":"Anchor"},{"floor":9.0,"key":"CeramicFish"},{"floor":11.0,"key":"Bag of Preparation"},{"floor":17.0,"key":"Tiny Chest"},{"floor":17.0,"key":"Shuriken"},{"floor":17.0,"key":"Mango"},{"floor":24.0,"key":"Smiling Mask"},{"floor":25,"key":"Nilry\u0027s Codex"},{"floor":26,"key":"Paper Crane"},{"floor":26,"key":"Old Coin"},{"floor":28,"key":"Pear"},{"floor":31,"key":"The Courier"},{"floor":38,"key":"Gambling Chip"},{"floor":40,"key":"Thread and Needle"},{"floor":40,"key":"Kunai"},{"floor":45,"key":"Tough Bandages"},{"floor":45,"key":"Orichalcum"},{"floor":48,"key":"Lantern"},{"floor":48,"key":"Omamori"}],"event_choices":[{"cards_removed":["Strike_G"],"damage_healed":0.0,"max_hp_gain":0.0,"max_hp_loss":0.0,"gold_gain":0.0,"event_name":"The Cleric","player_choice":"Card Removal","floor":2.0,"gold_loss":50.0,"damage_taken":0.0},{"damage_healed":0.0,"max_hp_gain":0.0,"max_hp_loss":0.0,"gold_gain":0.0,"event_name":"WeMeetAgain","player_choice":"Paid Gold","floor":7.0,"gold_loss":52.0,"damage_taken":0.0,"relics_obtained":["Matryoshka"]},{"damage_healed":0.0,"max_hp_gain":0.0,"max_hp_loss":0.0,"gold_gain":0.0,"event_name":"Accursed Blacksmith","player_choice":"Forge","floor":14.0,"gold_loss":0.0,"damage_taken":0.0,"cards_upgraded":["Neutralize"]},{"damage_healed":0.0,"max_hp_gain":0.0,"max_hp_loss":0.0,"gold_gain":0.0,"event_name":"Vampires","player_choice":"Ignored","floor":19.0,"gold_loss":0.0,"damage_taken":0.0},{"damage_healed":0,"gold_gain":0,"player_choice":"Obtained Book","damage_taken":16,"max_hp_gain":0,"max_hp_loss":0,"event_name":"Cursed Tome","floor":25,"gold_loss":0},{"damage_healed":0,"gold_gain":0,"player_choice":"Got Potions","damage_taken":0,"max_hp_gain":0,"max_hp_loss":0,"event_name":"Lab","floor":27,"gold_loss":0},{"damage_healed":0,"gold_gain":0,"player_choice":"Fight","damage_taken":0,"max_hp_gain":0,"max_hp_loss":0,"event_name":"MindBloom","floor":38,"gold_loss":0}],"is_beta":false,"boss_relics":[{"not_picked":["Cursed Key","WristBlade"],"picked":"Calling Bell"},{"not_picked":["Empty Cage","Velvet Choker"],"picked":"Black Star"}],"items_purged_floors":[20,22,29,37],"is_endless":false,"potions_floor_spawned":[3,11,12,13,16,30,33,35,40,41,45,48],"killed_by":"Awakened One","ascension_level":6}}