{"host":"5kirneupyg4uzd3w","time":1612097464,"event":{"mods":["BaseMod","Colored Map","Custom Start","Minty Spire (QoL Compilation)","StSLib","SuperFastMode"],"gold_per_floor":[117,131,131,144,160,185,197,227,263,293,319,104,119,129,129,129,129],"floor_reached":16,"language":"KOR","playtime":478,"items_purged":["Strike_R"],"score":216,"play_id":"18595fe5-399c-4703-8091-c26c32137637","local_time":"20210131215104","is_ascension_mode":true,"campfire_choices":[{"data":"Wild Strike","floor":7.0,"key":"SMITH"},{"data":"Blood for Blood","floor":15.0,"key":"SMITH"}],"circlet_count":0,"master_deck":["AscendersBane","Strike_R","Strike_R","Strike_R","Strike_R","Defend_R","Defend_R","Defend_R","Defend_R","Bash","Mayhem","Dropkick","Headbutt","Iron Wave","Wild Strike+1","Reaper","Pummel","Pommel Strike","Flex","Power Through","Fire Breathing","Blood for Blood+1"],"relics":["Burning Blood","MawBank","MealTicket"],"acts_visited":["Exordium"],"potions_floor_usage":[16],"damage_taken":[{"damage":3.0,"enemies":"Small Slimes","floor":1.0,"turns":4.0},{"damage":7.0,"enemies":"Cultist","floor":2.0,"turns":4.0},{"damage":14.0,"enemies":"Jaw Worm","floor":4.0,"turns":4.0},{"damage":16.0,"enemies":"Red Slaver","floor":5.0,"turns":5.0},{"damage":3.0,"enemies":"Gremlin Nob","floor":6.0,"turns":3.0},{"damage":16.0,"enemies":"Looter","floor":8.0,"turns":4.0},{"damage":16.0,"enemies":"3 Louse","floor":10.0,"turns":5.0},{"damage":18.0,"enemies":"Lots of Slimes","floor":11.0,"turns":6.0},{"damage":16.0,"enemies":"Blue Slaver","floor":13.0,"turns":3.0},{"damage":7.0,"enemies":"2 Fungi Beasts","floor":14.0,"turns":4.0},{"damage":32,"enemies":"Hexaghost","floor":16,"turns":7}],"seed_played":"3273680217139799839","potions_obtained":[{"floor":2.0,"key":"Explosive Potion"},{"floor":5.0,"key":"ColorlessPotion"},{"floor":10.0,"key":"Energy Potion"},{"floor":11.0,"key":"FearPotion"}],"is_trial":false,"path_per_floor":["M","M","?","M","M","E","R","M","T","M","M","$","M","M","R","B"],"character_chosen":"IRONCLAD","items_purchased":["Power Through","Fire Breathing"],"campfire_rested":0,"item_purchase_floors":[12,12],"current_hp_per_floor":[53,52,48,40,30,33,33,23,23,22,16,31,21,28,28,0,0],"gold":129,"neow_bonus":"RANDOM_COLORLESS_2","is_daily":false,"chose_seed":false,"campfire_upgraded":2,"win_rate":0.0,"timestamp":1612097464,"path_taken":["M","M","?","M","?","E","R","?","T","M","M","$","M","M","R","BOSS"],"items_purchased_type":["Card","Card"],"build_version":"2020-12-22","purchased_purges":1,"victory":false,"max_hp_per_floor":[75,75,75,75,75,75,75,75,75,75,75,75,75,75,75,75,75],"card_choices":[{"not_picked":["Secret Technique","Thinking Ahead"],"picked":"Mayhem","floor":0.0},{"not_picked":["Armaments","Hemokinesis"],"picked":"Dropkick","floor":1.0},{"not_picked":["Entrench","Rage"],"picked":"Headbutt","floor":2.0},{"not_picked":["Sword Boomerang","Shockwave"],"picked":"Iron Wave","floor":4.0},{"not_picked":["Warcry","Twin Strike"],"picked":"Wild Strike","floor":5.0},{"not_picked":["Warcry","Iron Wave"],"picked":"Reaper","floor":6.0},{"not_picked":["Second Wind","Clash"],"picked":"Pummel","floor":8.0},{"not_picked":["Searing Blow","Fire Breathing"],"picked":"Pommel Strike","floor":10.0},{"not_picked":["Iron Wave","Rampage"],"picked":"Flex","floor":11.0},{"not_picked":["Metallicize","Sentinel","Thunderclap"],"picked":"SKIP","floor":13.0},{"not_picked":["Burning Pact","Sever Soul"],"picked":"Blood for Blood","floor":14.0}],"player_experience":297325,"relics_obtained":[{"floor":6.0,"key":"MawBank"},{"floor":9.0,"key":"MealTicket"}],"event_choices":[{"damage_healed":0.0,"max_hp_gain":0.0,"max_hp_loss":0.0,"gold_gain":0.0,"event_name":"The Woman in Blue","player_choice":"Bought 0 Potions","floor":3.0,"gold_loss":0.0,"damage_taken":0.0}],"is_beta":false,"boss_relics":[],"items_purged_floors":[12],"is_endless":false,"potions_floor_spawned":[2,5,10,11],"killed_by":"Hexaghost","ascension_level":20}}