{"host":"pfy6u49v5s5r680p","time":1612061425,"event":{"mods":["BaseMod","Colored Map","DeckTracker","Highlight Path","Keyboard Shortcuts","Minty Spire (QoL Compilation)","Permanent Neow","Quick Restart","StSLib","SuperFastMode","everything is the same but u backflip on backflip"],"gold_per_floor":[116,116,142,15,29,29,40,52,52,66,86,86,104,4,4,107,107,121,137,137,148,23,53,53,53,53,53,53,53,70,104,104,209,209,221,232,249,100,117,152,152,170,219,219,231,231,248,264,264,264],"floor_reached":51,"language":"KOR","playtime":3311,"items_purged":["Strike_G","Strike_G","Decay"],"score":693,"play_id":"16b096f4-3c37-44c4-84fb-1ff110c9552c","local_time":"20210131115025","is_ascension_mode":false,"campfire_choices":[{"data":"The Bomb","floor":6.0,"key":"SMITH"},{"floor":15.0,"key":"REST"},{"data":"Bullet Time","floor":24.0,"key":"SMITH"},{"data":"Backflip","floor":27.0,"key":"SMITH"},{"floor":32.0,"key":"REST"},{"floor":41,"key":"REST"},{"floor":44,"key":"REST"},{"data":"After Image","floor":46,"key":"SMITH"},{"data":"Blade Dance","floor":49,"key":"SMITH"}],"circlet_count":0,"master_deck":["Strike_G+1","Defend_G","Defend_G+1","Defend_G","Defend_G","Defend_G","Survivor","Neutralize","The Bomb+1","Acrobatics","Acrobatics","PiercingWail","Backflip+1","Backflip","Burst","CurseOfTheBell","Well Laid Plans","Bullet Time+1","Dagger Throw","Backflip+1","PiercingWail","Shame","Tactician+1","Reflex","After Image+1","Cloak And Dagger+1","Dodge and Roll+1","Blade Dance+1"],"relics":["Ring of the Snake","Regal Pillow","Oddly Smooth Stone","Calling Bell","MealTicket","Kunai","Dead Branch","Happy Flower","Strawberry","Molten Egg 2","Red Mask","Sozu","Medical Kit","Akabeko","Lantern"],"acts_visited":["Exordium","TheCity","TheBeyond"],"potions_floor_usage":[48,48],"damage_taken":[{"damage":2.0,"enemies":"Cultist","floor":1.0,"turns":4.0},{"damage":0.0,"enemies":"Jaw Worm","floor":5.0,"turns":4.0},{"damage":6.0,"enemies":"2 Louse","floor":7.0,"turns":3.0},{"damage":0.0,"enemies":"Lots of Slimes","floor":8.0,"turns":3.0},{"damage":8.0,"enemies":"3 Louse","floor":10.0,"turns":3.0},{"damage":7.0,"enemies":"Looter","floor":11.0,"turns":3.0},{"damage":0.0,"enemies":"2 Fungi Beasts","floor":13.0,"turns":4.0},{"damage":37.0,"enemies":"The Guardian","floor":16.0,"turns":13.0},{"damage":8.0,"enemies":"Chosen","floor":18.0,"turns":7.0},{"damage":24.0,"enemies":"Spheric Guardian","floor":19.0,"turns":6.0},{"damage":2.0,"enemies":"Chosen and Byrds","floor":21.0,"turns":4.0},{"damage":15.0,"enemies":"Book of Stabbing","floor":23.0,"turns":6.0},{"damage":26.0,"enemies":"Cultist and Chosen","floor":30.0,"turns":11.0},{"damage":25.0,"enemies":"Masked Bandits","floor":31.0,"turns":5.0},{"damage":36.0,"enemies":"Automaton","floor":33.0,"turns":10.0},{"damage":14.0,"enemies":"3 Darklings","floor":35.0,"turns":5.0},{"damage":7.0,"enemies":"Orb Walker","floor":36.0,"turns":4.0},{"damage":3.0,"enemies":"Jaw Worm Horde","floor":37.0,"turns":5.0},{"damage":41.0,"enemies":"Sphere and 2 Shapes","floor":39.0,"turns":6.0},{"damage":21,"enemies":"Reptomancer","floor":40,"turns":7},{"damage":20,"enemies":"Spire Growth","floor":42,"turns":5},{"damage":3,"enemies":"Jaw Worm Horde","floor":45,"turns":4},{"damage":9,"enemies":"Transient","floor":47,"turns":5},{"damage":0,"enemies":"4 Shapes","floor":48,"turns":4},{"damage":36,"enemies":"Awakened One","floor":50,"turns":16}],"seed_played":"2787296184010918043","potions_obtained":[{"floor":1.0,"key":"BlessingOfTheForge"},{"floor":5.0,"key":"SpeedPotion"},{"floor":12.0,"key":"Fire Potion"},{"floor":12.0,"key":"SneckoOil"},{"floor":12.0,"key":"EntropicBrew"},{"floor":31.0,"key":"CunningPotion"},{"floor":33.0,"key":"Strength Potion"}],"is_trial":false,"path_per_floor":["M","?","T","$","M","R","M","M","T","M","M","?","M","$","R","B",null,"M","M","?","M","$","E","R","?","T","R","?","$","M","?","R","B",null,"M","M","M","$","M","E","R","M","T","R","M","R","M","M","R","B",null],"character_chosen":"THE_SILENT","items_purchased":["Acrobatics","Medical Kit"],"campfire_rested":4,"item_purchase_floors":[4,38],"current_hp_per_floor":[68,54,54,54,54,54,48,48,48,40,33,33,33,33,69,32,70,62,38,38,36,51,36,36,43,43,43,43,58,32,7,45,9,77,63,56,53,68,27,6,44,24,24,62,59,59,50,50,50,14],"gold":264,"neow_bonus":"RANDOM_COLORLESS_2","is_daily":false,"chose_seed":false,"campfire_upgraded":5,"win_rate":0.0,"timestamp":1612061425,"path_taken":["M","?","?","$","M","R","M","M","T","?","M","?","M","$","R","BOSS","M","?","?","M","$","E","R","?","T","R","?","$","M","?","R","BOSS","M","M","M","$","M","E","R","M","T","R","M","R","M","M","R","BOSS"],"items_purchased_type":["Card","Relic"],"build_version":"2020-12-22","purchased_purges":3,"victory":true,"max_hp_per_floor":[70,70,70,70,70,70,70,70,70,70,70,70,70,70,70,70,70,70,70,70,70,70,70,70,77,77,77,77,77,77,77,77,77,77,77,77,77,77,77,77,77,77,77,77,77,77,77,77,77,77],"card_choices":[{"not_picked":["Apotheosis","Mayhem"],"picked":"The Bomb","floor":0.0},{"not_picked":["Outmaneuver","Prepared"],"picked":"Acrobatics","floor":1.0},{"not_picked":["Prepared","Bane"],"picked":"PiercingWail","floor":5.0},{"not_picked":["Deflect","Underhanded Strike"],"picked":"Backflip","floor":7.0},{"not_picked":["Glass Knife","Underhanded Strike","Cloak And Dagger"],"picked":"SKIP","floor":8.0},{"not_picked":["Expertise","Dash"],"picked":"Backflip","floor":10.0},{"not_picked":["Dagger Throw","Underhanded Strike","Accuracy"],"picked":"SKIP","floor":11.0},{"not_picked":["Quick Slash","Caltrops","Slice"],"picked":"SKIP","floor":13.0},{"not_picked":["Storm of Steel","Die Die Die"],"picked":"Burst","floor":16.0},{"not_picked":["Slice","Bouncing Flask"],"picked":"Well Laid Plans","floor":18.0},{"not_picked":["Terror","Acrobatics","Deadly Poison"],"picked":"SKIP","floor":19.0},{"not_picked":["Deflect+1","Dodge and Roll"],"picked":"Backflip+1","floor":21.0},{"not_picked":["Dodge and Roll","Burst"],"picked":"PiercingWail","floor":23.0},{"not_picked":["Underhanded Strike+1","Prepared"],"picked":"Tactician+1","floor":30.0},{"not_picked":["Sucker Punch+1","Flechettes+1"],"picked":"Reflex","floor":31.0},{"not_picked":["Die Die Die+1","A Thousand Cuts"],"picked":"After Image","floor":33.0},{"not_picked":["Dagger Spray+1","Outmaneuver","Bane+1"],"picked":"SKIP","floor":35.0},{"not_picked":["Dagger Spray+1","Dodge and Roll+1","PiercingWail"],"picked":"SKIP","floor":36.0},{"not_picked":["Slice+1","Deadly Poison+1","Outmaneuver+1"],"picked":"SKIP","floor":37.0},{"not_picked":["Dagger Spray+1","Deadly Poison+1","Underhanded Strike+1"],"picked":"SKIP","floor":39.0},{"not_picked":["Backflip","Tools of the Trade"],"picked":"Cloak And Dagger+1","floor":40},{"not_picked":["PiercingWail+1","Dagger Throw+1"],"picked":"Dodge and Roll+1","floor":42},{"not_picked":["Noxious Fumes","Deadly Poison","Catalyst"],"picked":"SKIP","floor":45},{"not_picked":["Poisoned Stab+1","Underhanded Strike+1","Dagger Throw+1"],"picked":"SKIP","floor":47},{"not_picked":["Flying Knee+1","Sucker Punch+1"],"picked":"Blade Dance","floor":48}],"player_experience":154637,"relics_obtained":[{"floor":3.0,"key":"Regal Pillow"},{"floor":9.0,"key":"Oddly Smooth Stone"},{"floor":17.0,"key":"MealTicket"},{"floor":17.0,"key":"Kunai"},{"floor":17.0,"key":"Dead Branch"},{"floor":23.0,"key":"Happy Flower"},{"floor":26.0,"key":"Molten Egg 2"},{"floor":31.0,"key":"Red Mask"},{"floor":40,"key":"Akabeko"},{"floor":43,"key":"Lantern"}],"event_choices":[{"damage_healed":0.0,"max_hp_gain":0.0,"max_hp_loss":0.0,"gold_gain":0.0,"event_name":"Shining Light","player_choice":"Entered Light","floor":2.0,"gold_loss":0.0,"damage_taken":14.0,"cards_upgraded":["Defend_G","Strike_G"]},{"damage_healed":0.0,"max_hp_gain":0.0,"max_hp_loss":0.0,"gold_gain":0.0,"event_name":"Lab","player_choice":"Got Potions","floor":12.0,"gold_loss":0.0,"damage_taken":0.0},{"damage_healed":0.0,"max_hp_gain":0.0,"max_hp_loss":0.0,"gold_gain":0.0,"cards_transformed":["Strike_G","Strike_G"],"event_name":"Drug Dealer","player_choice":"Became Test Subject","floor":20.0,"gold_loss":0.0,"damage_taken":0.0,"cards_obtained":["Bullet Time","Dagger Throw"]},{"damage_healed":0.0,"max_hp_gain":0.0,"max_hp_loss":0.0,"gold_gain":0.0,"event_name":"Addict","player_choice":"Stole Relic","floor":25.0,"gold_loss":0.0,"damage_taken":0.0,"relics_obtained":["Strawberry"],"cards_obtained":["Shame"]},{"damage_healed":0.0,"max_hp_gain":0.0,"max_hp_loss":0.0,"gold_gain":0.0,"event_name":"Vampires","player_choice":"Ignored","floor":28.0,"gold_loss":0.0,"damage_taken":0.0},{"damage_healed":0.0,"max_hp_gain":0.0,"max_hp_loss":0.0,"gold_gain":0.0,"event_name":"Masked Bandits","player_choice":"Fought Bandits","floor":31.0,"gold_loss":0.0,"damage_taken":0.0}],"is_beta":false,"boss_relics":[{"not_picked":["Ring of the Serpent","Cursed Key"],"picked":"Calling Bell"},{"not_picked":["Tiny House","Fusion Hammer"],"picked":"Sozu"}],"items_purged_floors":[4,14,22],"is_endless":false,"potions_floor_spawned":[1,5,13,16,19,30,31,33,35,36,39],"ascension_level":0}}