{"host":"cijhj3091wf4aho3","time":1612068019,"event":{"mods":["BaseMod","Colored Map","Colored Powertips","Downfall","Friendly Minions","GifTheSpireLib","Highlight Path","Minty Spire (QoL Compilation)","Permanent Neow","Random Character Button","Relic Sorter","Relic Stats","StSLib","everything is the same but u backflip on backflip","slay the spire mod where everything is the same but ironclad has a cowboy hat"],"gold_per_floor":[99,116,135,147,8,8,8,8,8,41,41,60,8,108,123,123,123,123],"floor_reached":16,"language":"ENG","playtime":753,"items_purged":["champ:Defend"],"score":165,"play_id":"3f19600a-9f6c-4296-a638-981048a980f0","local_time":"20210130204019","is_ascension_mode":true,"campfire_choices":[{"data":"champ:Taunt","floor":1.0,"key":"SMITH"},{"data":"champ:BladeFlurry","floor":6,"key":"SMITH"},{"floor":9,"key":"RECALL"}],"circlet_count":0,"master_deck":["AscendersBane","champ:Strike","champ:Strike","champ:Strike","champ:Strike","champ:Defend","champ:Defend","champ:Defend","champ:Execute+1","champ:Taunt+1","champ:HeartStrike","champ:BladeFlurry+1","champ:AdrenalArmor","champ:Shatter","champ:RageSigil+1","champ:Haymaker","champ:Duel","champ:FaceSlap","champ:AdrenalArmor+1"],"relics":["champ:ChampionCrown","Toxic Egg 2","Art of War","CloakClasp"],"acts_visited":["Exordium"],"potions_floor_usage":[13,16,16],"damage_taken":[{"damage":10.0,"enemies":"Cultist","floor":2.0,"turns":3.0},{"damage":10.0,"enemies":"Small Slimes","floor":3.0,"turns":3.0},{"damage":0.0,"enemies":"2 Louse","floor":4.0,"turns":2.0},{"damage":20.0,"enemies":"downfall:FleeingMerchant","floor":5.0,"turns":4.0},{"damage":50,"enemies":"Lagavulin","floor":10,"turns":6},{"damage":26,"enemies":"Exordium Wildlife","floor":12,"turns":5},{"damage":20,"enemies":"downfall:FleeingMerchant","floor":13,"turns":4},{"damage":25,"enemies":"downfall:FleeingMerchant","floor":14,"turns":6},{"damage":16,"enemies":"Red Slaver","floor":15,"turns":3},{"damage":69,"enemies":"SI_SHIV_ARCHETYPE","floor":16,"turns":8}],"seed_played":"8893928346729343070","potions_obtained":[{"floor":2.0,"key":"bronze:BurnAndBuffPotion"},{"floor":3.0,"key":"LiquidMemories"},{"floor":14,"key":"DuplicationPotion"},{"floor":15,"key":"Weak Potion"}],"is_trial":false,"path_per_floor":["R","M","M","M","$","R","T","?","R","E","?","M","$","?","M","B"],"character_chosen":"THE_CHAMP","items_purchased":["champ:Shatter","champ:FaceSlap"],"campfire_rested":0,"item_purchase_floors":[5,13],"current_hp_per_floor":[81,81,81,81,81,81,81,74,74,54,59,48,43,38,37,0,0,0],"gold":123,"neow_bonus":"UPGRADE_CARD","is_daily":false,"chose_seed":false,"campfire_upgraded":2,"win_rate":0.0,"timestamp":1612068019,"path_taken":["R","M","M","M","$","R","T","?","R","E","?","M","$","?","M","BOSS"],"items_purchased_type":["Card","Card"],"build_version":"2020-12-22","purchased_purges":1,"victory":false,"max_hp_per_floor":[90,90,90,90,90,90,90,90,90,90,95,95,95,95,95,95,95,95],"relic_stats":{"counters":[10,44],"Art of War":[1],"CloakClasp":[28],"obtain_stats":[{"champ:ChampionCrown":0,"Art of War":10,"CloakClasp":14,"Toxic Egg 2":8},{"champ:ChampionCrown":0,"Art of War":5,"CloakClasp":8,"Toxic Egg 2":4},{"champ:ChampionCrown":0,"Art of War":18,"CloakClasp":33,"Toxic Egg 2":12}]},"card_choices":[{"not_picked":["champ:EnGarde","champ:StanceDance"],"picked":"champ:HeartStrike","floor":2.0},{"not_picked":["champ:TornadoPunch","champ:StanceDance","champ:BringItOn"],"picked":"SKIP","floor":3.0},{"not_picked":["champ:PreemptiveStrike","champ:StanceDance"],"picked":"champ:BladeFlurry","floor":4.0},{"not_picked":["champ:StanceDance","champ:ShieldSigil"],"picked":"champ:AdrenalArmor","floor":5},{"not_picked":["champ:UltimateStance+1","champ:HeavySlash"],"picked":"champ:RageSigil+1","floor":10},{"not_picked":["champ:Backstep+1","champ:FancyFootwork+1"],"picked":"champ:Haymaker","floor":12},{"not_picked":["champ:EnchantSword+1","champ:IronFortress"],"picked":"champ:Duel","floor":13},{"not_picked":["champ:GladiatorStyle","champ:GutPunch"],"picked":"champ:AdrenalArmor+1","floor":14},{"not_picked":["champ:BringItOn+1","champ:ShieldSigil+1","champ:ShieldWall"],"picked":"SKIP","floor":15},{"not_picked":["champ:BringItOn+1","champ:ShieldSigil+1","champ:ShieldWall"],"picked":"SKIP","floor":15}],"player_experience":541371,"relics_obtained":[{"floor":10,"key":"Art of War"},{"floor":14,"key":"CloakClasp"}],"event_choices":[{"damage_healed":0,"gold_gain":0,"player_choice":"Success","damage_taken":7,"relics_obtained":["Toxic Egg 2"],"max_hp_gain":0,"max_hp_loss":0,"event_name":"Scrap Ooze","floor":8,"gold_loss":0},{"damage_healed":0,"gold_gain":0,"player_choice":"Donut","damage_taken":0,"max_hp_gain":5,"max_hp_loss":0,"event_name":"Big Fish","floor":11,"gold_loss":0}],"is_beta":false,"boss_relics":[],"items_purged_floors":[5],"is_endless":false,"potions_floor_spawned":[2,3,4,14,15],"killed_by":"SI_SHIV_ARCHETYPE","ascension_level":13}}