{"host":"5kirneupyg4uzd3w","time":1612096227,"event":{"mods":["BaseMod","Colored Map","Custom Start","Minty Spire (QoL Compilation)","StSLib","SuperFastMode"],"gold_per_floor":[111,28,28,28,28,61,61,96,96,96,122,132,159,177,177,256,256,276,81,99,118,118,118],"floor_reached":22,"language":"KOR","playtime":417,"items_purged":["Strike_R"],"score":524,"play_id":"e954a945-2988-455f-bfae-47e631c1208b","local_time":"20210131213027","is_ascension_mode":true,"campfire_choices":[{"data":"Uppercut","floor":10.0,"key":"SMITH"},{"data":"Blood for Blood","floor":15.0,"key":"SMITH"}],"circlet_count":0,"master_deck":["AscendersBane","Strike_R+1","Strike_R","Strike_R","Defend_R+1","Defend_R","Defend_R","Defend_R","Bash","Clothesline","Uppercut+1","Blood for Blood+1","Sword Boomerang","Ghostly Armor","Double Tap","CurseOfTheBell","Shrug It Off"],"relics":["Burning Blood","NeowsBlessing","Vajra","Red Skull","Mummified Hand","Blue Candle","The Courier","Letter Opener","Calling Bell","Nunchaku","Paper Frog","Bird Faced Urn","Toy Ornithopter"],"acts_visited":["Exordium","TheCity"],"potions_floor_usage":[22],"damage_taken":[{"damage":0.0,"enemies":"2 Louse","floor":1.0,"turns":1.0},{"damage":0.0,"enemies":"Lagavulin","floor":6.0,"turns":1.0},{"damage":0.0,"enemies":"Gremlin Nob","floor":8.0,"turns":1.0},{"damage":42.0,"enemies":"3 Sentries","floor":11.0,"turns":8.0},{"damage":4.0,"enemies":"Jaw Worm","floor":12.0,"turns":2.0},{"damage":6.0,"enemies":"Gremlin Nob","floor":13.0,"turns":3.0},{"damage":6.0,"enemies":"Small Slimes","floor":14.0,"turns":2.0},{"damage":13.0,"enemies":"Slime Boss","floor":16.0,"turns":7.0},{"damage":35.0,"enemies":"Shell Parasite","floor":18.0,"turns":6.0},{"damage":17.0,"enemies":"2 Thieves","floor":20.0,"turns":4.0},{"damage":5.0,"enemies":"Snake Plant","floor":21.0,"turns":2.0},{"damage":37,"enemies":"3 Cultists","floor":22,"turns":4}],"seed_played":"-8787677912174062262","potions_obtained":[{"floor":1.0,"key":"DuplicationPotion"},{"floor":8.0,"key":"DuplicationPotion"},{"floor":12.0,"key":"Strength Potion"},{"floor":18.0,"key":"SkillPotion"}],"is_trial":false,"path_per_floor":["M","$","?","?","?","E","?","E","T","R","E","M","E","M","R","B",null,"M","$","M","M","M"],"character_chosen":"IRONCLAD","items_purchased":["Uppercut","Toy Ornithopter"],"campfire_rested":0,"item_purchase_floors":[2,19],"current_hp_per_floor":[74,74,69,74,50,56,56,62,62,62,26,28,28,28,28,21,65,36,36,25,31,0,0],"gold":118,"neow_bonus":"THREE_ENEMY_KILL","is_daily":false,"chose_seed":false,"campfire_upgraded":2,"win_rate":0.0,"timestamp":1612096227,"path_taken":["M","$","?","?","?","E","?","E","T","R","E","?","E","M","R","BOSS","M","$","?","M","M"],"items_purchased_type":["Card","Relic"],"build_version":"2020-12-22","purchased_purges":1,"victory":false,"max_hp_per_floor":[75,75,75,80,80,80,80,80,80,80,80,80,80,80,80,80,80,80,80,80,80,80,80],"card_choices":[{"not_picked":["Infernal Blade","Headbutt"],"picked":"Clothesline","floor":1.0},{"not_picked":["Spot Weakness","Sever Soul","Havoc"],"picked":"SKIP","floor":6.0},{"not_picked":["Clothesline","Warcry","Havoc"],"picked":"SKIP","floor":8.0},{"not_picked":["Sword Boomerang","Heavy Blade"],"picked":"Blood for Blood","floor":11.0},{"not_picked":["Headbutt","Rage"],"picked":"Sword Boomerang","floor":12.0},{"not_picked":["Intimidate","Combust","Inflame"],"picked":"SKIP","floor":13.0},{"not_picked":["Flex","Clash"],"picked":"Ghostly Armor","floor":14.0},{"not_picked":["Fiend Fire","Bludgeon"],"picked":"Double Tap","floor":16.0},{"not_picked":["Sword Boomerang","Warcry"],"picked":"Shrug It Off","floor":18.0},{"not_picked":["Barricade","Heavy Blade+1","Anger"],"picked":"SKIP","floor":20.0},{"not_picked":["Sword Boomerang","Clash","Inflame"],"picked":"SKIP","floor":21.0}],"player_experience":296351,"relics_obtained":[{"floor":6.0,"key":"Red Skull"},{"floor":8.0,"key":"Mummified Hand"},{"floor":9.0,"key":"Blue Candle"},{"floor":11.0,"key":"The Courier"},{"floor":13.0,"key":"Letter Opener"},{"floor":17.0,"key":"Nunchaku"},{"floor":17.0,"key":"Paper Frog"},{"floor":17.0,"key":"Bird Faced Urn"}],"event_choices":[{"damage_healed":0.0,"max_hp_gain":0.0,"max_hp_loss":0.0,"gold_gain":0.0,"event_name":"Scrap Ooze","player_choice":"Success","floor":3.0,"gold_loss":0.0,"damage_taken":5.0,"relics_obtained":["Vajra"]},{"damage_healed":0.0,"max_hp_gain":5.0,"max_hp_loss":0.0,"gold_gain":0.0,"event_name":"Big Fish","player_choice":"Donut","floor":4.0,"gold_loss":0.0,"damage_taken":0.0},{"damage_healed":0.0,"max_hp_gain":0.0,"max_hp_loss":0.0,"gold_gain":0.0,"event_name":"Shining Light","player_choice":"Entered Light","floor":5.0,"gold_loss":0.0,"damage_taken":24.0,"cards_upgraded":["Defend_R","Strike_R"]},{"cards_removed":["Strike_R"],"damage_healed":0.0,"max_hp_gain":0.0,"max_hp_loss":0.0,"gold_gain":0.0,"event_name":"Purifier","player_choice":"Purged","floor":7.0,"gold_loss":0.0,"damage_taken":0.0}],"is_beta":false,"boss_relics":[{"not_picked":["Busted Crown","Ectoplasm"],"picked":"Calling Bell"}],"items_purged_floors":[19],"is_endless":false,"potions_floor_spawned":[1,8,12,18,20],"killed_by":"3 Cultists","ascension_level":20}}