{"host":"o7j6aatxjwpw1421","time":1612065837,"event":{"mods":["2.2 Compatiblity","AchievementEnabler","BaseMod","Colored Map","DeckTracker","Highlight Path","Keyboard Shortcuts","Minty Spire (QoL Compilation)","Permanent Neow","Quick Restart","StSLib","SuperFastMode","everything is the same but u backflip on backflip"],"gold_per_floor":[110,285,360,47,61,61,61,61,85,85,101,101,112,126,126,228,228,240,315,332,382,393,428,428,428,451,465,483,483,495,507,507,507,507],"floor_reached":33,"language":"KOR","playtime":1682,"items_purged":["Doubt"],"score":324,"play_id":"83395a0d-f76a-42dc-b132-0e55ce878312","local_time":"20210131130357","is_ascension_mode":true,"campfire_choices":[{"data":"Defragment","floor":6.0,"key":"SMITH"},{"data":"Seek","floor":8.0,"key":"SMITH"},{"data":"Gash","floor":12.0,"key":"SMITH"},{"floor":15.0,"key":"REST"},{"floor":24.0,"key":"REST"},{"floor":32.0,"key":"REST"}],"circlet_count":0,"master_deck":["Strike_B+1","Strike_B+1","Defend_B","Defend_B","Defend_B","Defend_B","Zap+1","Dualcast+1","Seek+1","Gash+1","Defragment+1","Gash","Rebound","Ball Lightning","Conserve Battery","Go for the Eyes","All For One","Leap","Beam Cell","Scrape","Coolheaded+1","Static Discharge","Zap","Reprogram+1","Steam+1","Sweeping Beam","Stack+1"],"relics":["Cracked Core","Tiny Chest","Whetstone","War Paint","Fusion Hammer","The Courier","Lantern","Bag of Preparation","Toy Ornithopter"],"acts_visited":["Exordium","TheCity"],"potions_floor_usage":[33],"damage_taken":[{"damage":4.0,"enemies":"Small Slimes","floor":1.0,"turns":3.0},{"damage":16.0,"enemies":"2 Louse","floor":5.0,"turns":2.0},{"damage":2.0,"enemies":"Jaw Worm","floor":11.0,"turns":3.0},{"damage":13.0,"enemies":"Exordium Wildlife","floor":13.0,"turns":2.0},{"damage":2.0,"enemies":"2 Fungi Beasts","floor":14.0,"turns":2.0},{"damage":20.0,"enemies":"The Guardian","floor":16.0,"turns":8.0},{"damage":9.0,"enemies":"2 Thieves","floor":18.0,"turns":3.0},{"damage":0.0,"enemies":"Spheric Guardian","floor":20.0,"turns":2.0},{"damage":7.0,"enemies":"Cultist and Chosen","floor":22.0,"turns":4.0},{"damage":27.0,"enemies":"Book of Stabbing","floor":23.0,"turns":4.0},{"damage":8.0,"enemies":"Centurion and Healer","floor":27.0,"turns":3.0},{"damage":11.0,"enemies":"Snake Plant","floor":28.0,"turns":3.0},{"damage":18.0,"enemies":"Shelled Parasite and Fungi","floor":30.0,"turns":3.0},{"damage":0.0,"enemies":"Chosen and Byrds","floor":31.0,"turns":3.0},{"damage":39,"enemies":"Automaton","floor":33,"turns":6}],"seed_played":"-6219677484652150991","potions_obtained":[{"floor":5.0,"key":"BlessingOfTheForge"},{"floor":13.0,"key":"Energy Potion"},{"floor":14.0,"key":"EssenceOfDarkness"},{"floor":22.0,"key":"Dexterity Potion"}],"is_trial":false,"path_per_floor":["M","?","?","$","M","R","?","R","T","?","M","R","M","M","R","B",null,"M","T","M","?","M","E","R","?","T","M","M","T","M","M","R","B"],"character_chosen":"DEFECT","items_purchased":["Defragment","Gash","Tiny Chest"],"campfire_rested":3,"item_purchase_floors":[4,4,4],"current_hp_per_floor":[71,71,60,60,44,44,37,37,37,37,35,35,22,20,42,22,62,53,53,53,53,46,19,41,41,41,33,22,22,4,9,31,0,0],"gold":507,"neow_bonus":"TRANSFORM_CARD","is_daily":false,"chose_seed":false,"campfire_upgraded":3,"win_rate":0.0,"timestamp":1612065837,"path_taken":["M","?","?","$","M","R","?","R","T","?","M","R","M","?","R","BOSS","M","?","M","?","?","E","R","?","T","M","M","?","M","M","R","BOSS"],"items_purchased_type":["Card","Card","Relic"],"build_version":"2020-12-22","purchased_purges":1,"victory":false,"max_hp_per_floor":[75,75,75,75,75,75,75,75,75,75,75,75,75,75,75,75,75,75,75,75,75,75,75,75,75,75,75,75,75,75,75,75,75,75],"card_choices":[{"not_picked":["Cold Snap","Conserve Battery"],"picked":"Gash","floor":1.0},{"not_picked":["BootSequence","Melter"],"picked":"Rebound","floor":5.0},{"not_picked":["Consume","Sunder"],"picked":"Ball Lightning","floor":11.0},{"not_picked":["Gash","Storm"],"picked":"Conserve Battery","floor":13.0},{"not_picked":["FTL","Multi-Cast"],"picked":"Go for the Eyes","floor":14.0},{"not_picked":["Biased Cognition","Hyperbeam"],"picked":"All For One","floor":16.0},{"not_picked":["White Noise","Melter"],"picked":"Leap","floor":18.0},{"not_picked":["FTL","Go for the Eyes"],"picked":"Beam Cell","floor":20.0},{"not_picked":["Fission","Barrage"],"picked":"Scrape","floor":22.0},{"not_picked":["Static Discharge","Conserve Battery"],"picked":"Coolheaded+1","floor":23.0},{"not_picked":["Sweeping Beam","Turbo"],"picked":"Reprogram+1","floor":27.0},{"not_picked":["Hologram+1","Leap"],"picked":"Steam+1","floor":28.0},{"not_picked":["Loop","BootSequence"],"picked":"Sweeping Beam","floor":30.0},{"not_picked":["Conserve Battery","Ball Lightning"],"picked":"Stack+1","floor":31.0}],"player_experience":654179,"relics_obtained":[{"floor":9.0,"key":"Whetstone"},{"floor":19.0,"key":"The Courier"},{"floor":23.0,"key":"Lantern"},{"floor":26.0,"key":"Bag of Preparation"},{"floor":29.0,"key":"Toy Ornithopter"}],"event_choices":[{"damage_healed":0.0,"max_hp_gain":0.0,"max_hp_loss":0.0,"gold_gain":175.0,"event_name":"Liars Game","player_choice":"AGREE","floor":2.0,"gold_loss":0.0,"damage_taken":0.0,"cards_obtained":["Doubt"]},{"damage_healed":0.0,"max_hp_gain":0.0,"max_hp_loss":0.0,"gold_gain":75.0,"event_name":"World of Goop","player_choice":"Gather Gold","floor":3.0,"gold_loss":0.0,"damage_taken":11.0},{"cards_removed":["Strike_B"],"damage_healed":0.0,"max_hp_gain":0.0,"max_hp_loss":0.0,"gold_gain":0.0,"event_name":"Golden Wing","player_choice":"Card Removal","floor":7.0,"gold_loss":0.0,"damage_taken":7.0},{"damage_healed":0.0,"max_hp_gain":0.0,"max_hp_loss":0.0,"gold_gain":0.0,"event_name":"Dead Adventurer","player_choice":"Searched \u00271\u0027 times","floor":10.0,"gold_loss":0.0,"damage_taken":0.0,"relics_obtained":["War Paint"]},{"damage_healed":0.0,"max_hp_gain":0.0,"max_hp_loss":0.0,"gold_gain":100.0,"event_name":"The Joust","player_choice":"Bet on Murderer","floor":21.0,"gold_loss":50.0,"damage_taken":0.0},{"damage_healed":0.0,"max_hp_gain":0.0,"max_hp_loss":0.0,"gold_gain":0.0,"event_name":"Match and Keep!","player_choice":"2 cards matched","floor":25.0,"gold_loss":0.0,"damage_taken":0.0,"cards_obtained":["Static Discharge","Zap"]}],"is_beta":false,"boss_relics":[{"not_picked":["Ectoplasm","Cursed Key"],"picked":"Fusion Hammer"}],"items_purged_floors":[4],"is_endless":false,"potions_floor_spawned":[5,13,14,18,20,22],"killed_by":"Automaton","ascension_level":5}}