{"host":"xb2tau8pgi8aflss","time":1612100361,"event":{"mods":["AchievementEnabler","BaseMod","Hermit","Minty Spire (QoL Compilation)","StSLib","SuperFastMode"],"gold_per_floor":[116,116,42,58,333,368,368,120,120,120,147,164,164,183,183,183,183],"floor_reached":16,"language":"KOR","playtime":490,"items_purged":[],"score":130,"play_id":"37156839-3775-435d-907d-5feb985e58a6","local_time":"20210131223921","is_ascension_mode":true,"campfire_choices":[{"floor":7,"key":"REST"},{"data":"hermit:Adapt","floor":10,"key":"SMITH"},{"floor":15,"key":"REST"}],"circlet_count":0,"master_deck":["hermit:Strike_Hermit","hermit:Strike_Hermit","hermit:Strike_Hermit","hermit:Strike_Hermit","hermit:Defend_Hermit","hermit:Defend_Hermit","hermit:Defend_Hermit","hermit:Defend_Hermit","hermit:Snapshot","hermit:Covet","Pain","hermit:Malice+1","hermit:Virtue","Regret","hermit:Coalescence","hermit:Virtue","hermit:SprayPray","hermit:Adapt+1","hermit:FromBeyond","hermit:Misfire","hermit:EyeOfTheStorm"],"relics":["hermit:Momento","StoneCalendar","PreservedInsect","Letter Opener","Shuriken","Strawberry"],"acts_visited":["Exordium"],"potions_floor_usage":[6,11,14],"damage_taken":[{"damage":0,"enemies":"2 Louse","floor":1,"turns":2},{"damage":7,"enemies":"Jaw Worm","floor":4,"turns":2},{"damage":40,"enemies":"Lagavulin","floor":6,"turns":5},{"damage":30,"enemies":"3 Sentries","floor":11,"turns":6},{"damage":0,"enemies":"Cultist","floor":12,"turns":3},{"damage":4,"enemies":"Looter","floor":14,"turns":4},{"damage":30,"enemies":"Hexaghost","floor":16,"turns":9}],"seed_played":"4228704203410036263","potions_obtained":[{"floor":4,"key":"AttackPotion"},{"floor":6,"key":"Explosive Potion"},{"floor":11,"key":"BlessingOfTheForge"},{"floor":14,"key":"Explosive Potion"}],"is_trial":false,"path_per_floor":["M","?","$","M","?","E","R","$","T","R","E","M","?","M","R","B"],"character_chosen":"HERMIT","items_purchased":["hermit:Malice","hermit:Virtue","hermit:SprayPray","hermit:Adapt"],"campfire_rested":2,"item_purchase_floors":[3,8,8,8],"current_hp_per_floor":[75,57,57,50,50,10,32,32,32,32,9,9,9,5,29,0,0],"gold":183,"neow_bonus":"ONE_RARE_RELIC","is_daily":false,"chose_seed":false,"campfire_upgraded":1,"win_rate":0.0,"timestamp":1612100361,"path_taken":["M","?","$","M","?","E","R","$","T","R","E","?","?","M","R","BOSS"],"items_purchased_type":["Card","Card","Card","Card"],"build_version":"2020-12-22","purchased_purges":0,"victory":false,"max_hp_per_floor":[75,75,75,75,75,75,75,75,75,75,82,82,82,82,82,82,82],"card_choices":[{"not_picked":["hermit:TrackingShot","hermit:Headshot","hermit:Ricochet"],"picked":"SKIP","floor":1},{"not_picked":["hermit:TrackingShot","hermit:Headshot","hermit:Ricochet"],"picked":"SKIP","floor":1},{"not_picked":["hermit:TrackingShot","hermit:Headshot","hermit:Ricochet"],"picked":"SKIP","floor":1},{"not_picked":["hermit:LowProfile","hermit:Vantage"],"picked":"hermit:Virtue","floor":4},{"not_picked":["hermit:Horror","hermit:BodyArmor"],"picked":"hermit:Coalescence","floor":6},{"not_picked":["hermit:Malice","hermit:Determination"],"picked":"hermit:FromBeyond","floor":11},{"not_picked":["hermit:Combo","hermit:Snipe"],"picked":"hermit:Misfire","floor":12},{"not_picked":["hermit:Malice","hermit:LoneWolf"],"picked":"hermit:EyeOfTheStorm","floor":14}],"player_experience":796630,"relics_obtained":[{"floor":6,"key":"Letter Opener"},{"floor":9,"key":"Shuriken"},{"floor":11,"key":"Strawberry"}],"event_choices":[{"damage_healed":0,"gold_gain":0,"player_choice":"Success","damage_taken":18,"relics_obtained":["PreservedInsect"],"max_hp_gain":0,"max_hp_loss":0,"event_name":"Scrap Ooze","floor":2,"gold_loss":0},{"damage_healed":0,"gold_gain":275,"player_choice":"Desecrate","damage_taken":0,"max_hp_gain":0,"max_hp_loss":0,"event_name":"Golden Shrine","floor":5,"gold_loss":0,"cards_obtained":["Regret"]},{"damage_healed":0,"gold_gain":0,"player_choice":"Upgraded","damage_taken":0,"max_hp_gain":0,"max_hp_loss":0,"event_name":"Upgrade Shrine","floor":13,"gold_loss":0,"cards_upgraded":["hermit:Malice"]}],"is_beta":false,"boss_relics":[],"items_purged_floors":[],"is_endless":false,"potions_floor_spawned":[4,6,11,14],"killed_by":"Hexaghost","ascension_level":4}}