{"host":"y76clbnovzmw9ubx","time":1612135638,"event":{"mods":["AchievementEnabler","BaseMod","Minty Spire (QoL Compilation)","Permanent Neow","Relic Stats"],"gold_per_floor":[119,133,145,159,171,171,171],"floor_reached":6,"language":"ENG","playtime":456,"items_purged":[],"score":80,"play_id":"10009940-1a9b-4171-9815-cdd9b3dbe891","local_time":"20210131182718","is_ascension_mode":true,"campfire_choices":[],"circlet_count":0,"master_deck":["AscendersBane","Strike_G","Strike_G","Strike_G","Strike_G","Strike_G","Defend_G","Defend_G","Defend_G","Defend_G","Defend_G","Survivor","Neutralize","Predator","Endless Agony","Backstab","Deflect"],"relics":["Ring of the Snake","Unceasing Top"],"acts_visited":["Exordium"],"potions_floor_usage":[4],"damage_taken":[{"damage":1,"enemies":"Small Slimes","floor":1,"turns":5},{"damage":0,"enemies":"2 Louse","floor":2,"turns":3},{"damage":8,"enemies":"Jaw Worm","floor":3,"turns":4},{"damage":5,"enemies":"2 Fungi Beasts","floor":4,"turns":4},{"damage":7,"enemies":"Red Slaver","floor":5,"turns":4},{"damage":0,"enemies":"Lagavulin","floor":6,"turns":4}],"seed_played":"-2023364672103372517","potions_obtained":[{"floor":1,"key":"ColorlessPotion"},{"floor":4,"key":"GamblersBrew"}],"is_trial":false,"path_per_floor":["M","M","M","M","M","E"],"character_chosen":"THE_SILENT","items_purchased":[],"campfire_rested":0,"item_purchase_floors":[],"current_hp_per_floor":[43,43,35,30,23,23,23],"gold":171,"neow_bonus":"ONE_RARE_RELIC","is_daily":false,"chose_seed":false,"campfire_upgraded":0,"win_rate":0.0,"timestamp":1612135638,"path_taken":["M","M","M","M","M","E"],"items_purchased_type":[],"build_version":"2020-12-22","purchased_purges":0,"victory":false,"max_hp_per_floor":[66,66,66,66,66,66,66],"relic_stats":{"counters":[6,24],"obtain_stats":[{"Unceasing Top":0,"Ring of the Snake":0},{"Unceasing Top":0,"Ring of the Snake":0},{"Unceasing Top":0,"Ring of the Snake":0}],"Unceasing Top":[0],"Ring of the Snake":[13]},"card_choices":[{"not_picked":["Well Laid Plans","Backflip","Acrobatics"],"picked":"SKIP","floor":1},{"not_picked":["Well Laid Plans","PiercingWail"],"picked":"Predator","floor":2},{"not_picked":["Deadly Poison","Acrobatics"],"picked":"Endless Agony","floor":3},{"not_picked":["Setup","Deflect"],"picked":"Backstab","floor":4},{"not_picked":["Calculated Gamble","Sucker Punch"],"picked":"Deflect","floor":5}],"player_experience":3176211,"relics_obtained":[],"event_choices":[],"is_beta":false,"boss_relics":[],"items_purged_floors":[],"is_endless":false,"potions_floor_spawned":[1,4],"killed_by":"Lagavulin","ascension_level":20}}