{"host":"d5i1qeb9dejicw1z","time":1612121056,"event":{"mods":["AchievementEnabler","BaseMod","Better Note","BetterRewards","Evolution","Gold Saver","Minty Spire (QoL Compilation)","Permanent Neow","Relic Filter Mod","Reliquary","StSLib"],"gold_per_floor":[332,332,343,343,360,360,393,393,418,418,418,418,432,448,448,522,522,534,534,551,551,551,551],"floor_reached":22,"language":"ENG","playtime":784,"items_purged":[],"score":350,"play_id":"44ce1c3b-2b32-4f10-8d08-24ee4d31f80a","local_time":"20210131112416","is_ascension_mode":true,"campfire_choices":[{"data":"Zap","floor":6,"key":"SMITH"},{"floor":8,"key":"REST"},{"floor":12,"key":"REST"},{"floor":15,"key":"REST"}],"circlet_count":0,"master_deck":["AscendersBane","Compile Driver","Compile Driver","Compile Driver","Defend_B","Defend_B","Defend_B","Defend_B","Zap+1","Dualcast","White Noise","Conserve Battery","Lockon","Chill","Thunder Strike","Zap+1","Ball Lightning"],"relics":["Cracked Core","EVO:Axolotl","reliquary:Boomerang","Orichalcum","Omamori","reliquary:Knoch","Black Star"],"acts_visited":["Exordium","TheCity"],"potions_floor_usage":[7,16,20,20,21],"damage_taken":[{"damage":12,"enemies":"2 Louse","floor":1,"turns":3},{"damage":6,"enemies":"Cultist","floor":3,"turns":3},{"damage":4,"enemies":"Small Slimes","floor":5,"turns":3},{"damage":33,"enemies":"Lagavulin","floor":7,"turns":6},{"damage":4,"enemies":"Looter","floor":13,"turns":3},{"damage":13,"enemies":"3 Louse","floor":14,"turns":4},{"damage":20,"enemies":"Hexaghost","floor":16,"turns":10},{"damage":27,"enemies":"Shell Parasite","floor":18,"turns":9},{"damage":19,"enemies":"2 Thieves","floor":20,"turns":4},{"damage":23,"enemies":"Snake Plant","floor":22,"turns":3}],"seed_played":"-3307789218822522594","potions_obtained":[{"floor":1,"key":"DuplicationPotion"},{"floor":13,"key":"Ancient Potion"},{"floor":16,"key":"Swift Potion"},{"floor":18,"key":"LiquidMemories"},{"floor":20,"key":"Fruit Juice"}],"is_trial":false,"path_per_floor":["M","?","M","?","M","R","E","R","T","?","T","R","M","M","R","B",null,"M","?","M","?","M"],"character_chosen":"DEFECT","items_purchased":[],"campfire_rested":3,"item_purchase_floors":[],"current_hp_per_floor":[52,52,46,41,37,37,4,25,25,25,25,46,42,29,50,30,61,34,34,15,20,0,0],"gold":551,"neow_bonus":"HUNDRED_GOLD","is_daily":false,"chose_seed":false,"campfire_upgraded":1,"win_rate":0.0,"timestamp":1612121056,"path_taken":["M","?","?","?","M","R","E","R","T","?","?","R","M","M","R","BOSS","M","?","M","?","M"],"items_purchased_type":[],"build_version":"2020-12-22","purchased_purges":0,"victory":false,"max_hp_per_floor":[71,71,71,71,71,71,71,71,71,71,71,71,71,71,71,71,71,71,71,71,76,76,76],"card_choices":[{"not_picked":["Gash","Aggregate"],"picked":"White Noise","floor":1},{"not_picked":["Ball Lightning","Leap"],"picked":"Conserve Battery","floor":3},{"not_picked":["Barrage","Gash"],"picked":"Lockon","floor":5},{"not_picked":["Compile Driver","Genetic Algorithm"],"picked":"Chill","floor":7},{"not_picked":["Coolheaded","Leap","Doom and Gloom"],"picked":"SKIP","floor":13},{"not_picked":["Coolheaded","Buffer","Barrage"],"picked":"SKIP","floor":14},{"not_picked":["Meteor Strike","Rainbow"],"picked":"Thunder Strike","floor":16},{"not_picked":["Turbo+1","Gash","Skim"],"picked":"SKIP","floor":18},{"not_picked":["Darkness","Heatsinks"],"picked":"Ball Lightning","floor":20}],"player_experience":1196978,"relics_obtained":[{"floor":7,"key":"Orichalcum"},{"floor":9,"key":"Omamori"},{"floor":11,"key":"reliquary:Knoch"}],"event_choices":[{"cards_removed":["Strike_B"],"damage_healed":0,"gold_gain":0,"player_choice":"Purged","damage_taken":0,"max_hp_gain":0,"max_hp_loss":0,"event_name":"Purifier","floor":2,"gold_loss":0},{"damage_healed":0,"gold_gain":0,"player_choice":"Success","damage_taken":5,"relics_obtained":["reliquary:Boomerang"],"max_hp_gain":0,"max_hp_loss":0,"event_name":"Scrap Ooze","floor":4,"gold_loss":0},{"damage_healed":0,"gold_gain":0,"player_choice":"Leave","damage_taken":0,"max_hp_gain":0,"max_hp_loss":0,"event_name":"The Cleric","floor":10,"gold_loss":0},{"damage_healed":0,"gold_gain":0,"player_choice":"Copied","damage_taken":0,"max_hp_gain":0,"max_hp_loss":0,"event_name":"Duplicator","floor":19,"gold_loss":0,"cards_obtained":["Zap"]},{"damage_healed":0,"gold_gain":0,"player_choice":"Ignored","damage_taken":0,"max_hp_gain":0,"max_hp_loss":0,"event_name":"betterNote:BetterNote","floor":21,"gold_loss":0,"cards_obtained":["Fission"]}],"is_beta":false,"boss_relics":[{"not_picked":["Busted Crown","reliquary:Craggleroot"],"picked":"Black Star"}],"items_purged_floors":[],"is_endless":false,"potions_floor_spawned":[1,13,16,18,20],"killed_by":"Snake Plant","ascension_level":18}}