{"host":"q6ff4ns2kep02ti6","time":1612110397,"event":{"mods":["AchievementEnabler","BaseMod","Minty Spire (QoL Compilation)","Relic Stats","StSLib","Unceasing Turn Reminder"],"gold_per_floor":[119,194,244,244,262,293,293,326,326,61,83,83,103,115,115,201,201,220,229,257,257,257,257],"floor_reached":22,"language":"ENG","playtime":792,"items_purged":[],"score":438,"play_id":"1cbb35b3-9dcc-4678-bc15-2c5eb3ef9643","local_time":"20210131172637","is_ascension_mode":true,"campfire_choices":[{"data":"Flex","floor":7,"key":"SMITH"},{"data":"Second Wind","floor":12,"key":"SMITH"},{"data":"Bash","floor":15,"key":"SMITH"}],"circlet_count":0,"master_deck":["AscendersBane","Strike_R","Strike_R","Strike_R","Strike_R","Strike_R","Defend_R","Defend_R","Defend_R","Defend_R","Bash+1","Wild Strike","Flex+1","Second Wind+1","Twin Strike","Ghostly Armor","Berserk+1","Limit Break","Entrench+1","RitualDagger","Feel No Pain+1"],"relics":["Burning Blood","NeowsBlessing","Pantograph","Frozen Egg 2","Red Skull","CeramicFish","Mercury Hourglass","Sozu"],"acts_visited":["Exordium","TheCity"],"potions_floor_usage":[8,16,16],"damage_taken":[{"damage":0,"enemies":"Cultist","floor":1,"turns":1},{"damage":0,"enemies":"Small Slimes","floor":5,"turns":1},{"damage":0,"enemies":"Gremlin Nob","floor":6,"turns":1},{"damage":50,"enemies":"Lagavulin","floor":8,"turns":6},{"damage":2,"enemies":"Jaw Worm","floor":11,"turns":2},{"damage":0,"enemies":"Exordium Wildlife","floor":13,"turns":4},{"damage":9,"enemies":"Blue Slaver","floor":14,"turns":4},{"damage":68,"enemies":"Hexaghost","floor":16,"turns":10},{"damage":26,"enemies":"Spheric Guardian","floor":18,"turns":5},{"damage":25,"enemies":"Shell Parasite","floor":20,"turns":4},{"damage":15,"enemies":"Centurion and Healer","floor":22,"turns":2}],"seed_played":"-478215379293861903","potions_obtained":[{"floor":1,"key":"SpeedPotion"},{"floor":6,"key":"BloodPotion"},{"floor":8,"key":"ColorlessPotion"}],"is_trial":false,"path_per_floor":["M","?","?","T","M","E","R","E","T","$","M","R","M","M","R","B",null,"M","?","M","?","M"],"character_chosen":"IRONCLAD","items_purchased":["Mercury Hourglass"],"campfire_rested":0,"item_purchase_floors":[10],"current_hp_per_floor":[74,63,63,63,69,75,75,46,46,46,50,50,56,53,53,13,60,40,34,15,15,0,0],"gold":257,"neow_bonus":"THREE_ENEMY_KILL","is_daily":false,"chose_seed":false,"campfire_upgraded":3,"win_rate":0.0,"timestamp":1612110397,"path_taken":["M","?","?","?","M","E","R","E","T","$","M","R","M","M","R","BOSS","M","?","M","?","M"],"items_purchased_type":["Relic"],"build_version":"2020-12-22","purchased_purges":0,"victory":false,"max_hp_per_floor":[75,75,75,75,75,75,75,75,75,75,75,75,75,75,75,75,75,75,75,75,75,75,75],"relic_stats":{"Sozu":1,"counters":[11,40],"Pantograph":22,"CeramicFish":54,"obtain_stats":[{"Sozu":17,"NeowsBlessing":0,"Pantograph":4,"CeramicFish":9,"Frozen Egg 2":6,"Burning Blood":0,"Red Skull":8,"Mercury Hourglass":10},{"Sozu":8,"NeowsBlessing":0,"Pantograph":1,"CeramicFish":4,"Frozen Egg 2":3,"Burning Blood":0,"Red Skull":4,"Mercury Hourglass":4},{"Sozu":29,"NeowsBlessing":0,"Pantograph":1,"CeramicFish":9,"Frozen Egg 2":3,"Burning Blood":0,"Red Skull":9,"Mercury Hourglass":9}],"Burning Blood":60,"Mercury Hourglass":[75]},"card_choices":[{"not_picked":["Entrench","Headbutt"],"picked":"Wild Strike","floor":1},{"not_picked":["Entrench","Warcry"],"picked":"Flex","floor":5},{"not_picked":["Armaments","Warcry"],"picked":"Second Wind","floor":6},{"not_picked":["Blood for Blood","Carnage"],"picked":"Twin Strike","floor":8},{"not_picked":["Blood for Blood","True Grit"],"picked":"Ghostly Armor","floor":11},{"not_picked":["Searing Blow","Twin Strike"],"picked":"Berserk+1","floor":13},{"not_picked":["Perfected Strike","Flex","Anger"],"picked":"SKIP","floor":14},{"not_picked":["Immolate","Berserk+1"],"picked":"Limit Break","floor":16},{"not_picked":["Fire Breathing+1","Havoc"],"picked":"Entrench+1","floor":18},{"not_picked":["Rage","Havoc"],"picked":"Feel No Pain+1","floor":20}],"player_experience":1035185,"relics_obtained":[{"floor":4,"key":"Pantograph"},{"floor":6,"key":"Frozen Egg 2"},{"floor":8,"key":"Red Skull"},{"floor":9,"key":"CeramicFish"}],"event_choices":[{"damage_healed":0,"gold_gain":75,"player_choice":"Gather Gold","damage_taken":11,"max_hp_gain":0,"max_hp_loss":0,"event_name":"World of Goop","floor":2,"gold_loss":0},{"damage_healed":0,"gold_gain":50,"player_choice":"Gained Gold","damage_taken":0,"max_hp_gain":0,"max_hp_loss":0,"event_name":"Golden Wing","floor":3,"gold_loss":0},{"damage_healed":0,"gold_gain":0,"player_choice":"Joined the Cult","damage_taken":6,"max_hp_gain":0,"max_hp_loss":0,"event_name":"Nest","floor":19,"gold_loss":0,"cards_obtained":["RitualDagger"]},{"damage_healed":0,"gold_gain":0,"player_choice":"Ignored","damage_taken":0,"max_hp_gain":0,"max_hp_loss":0,"event_name":"Cursed Tome","floor":21,"gold_loss":0}],"is_beta":false,"boss_relics":[{"not_picked":["SacredBark","Tiny House"],"picked":"Sozu"}],"items_purged_floors":[],"is_endless":false,"potions_floor_spawned":[1,6,8,13,20],"killed_by":"Centurion and Healer","ascension_level":20}}