{"host":"6jrd8fn9k88n08be","time":1612071147,"event":{"mods":["BaseMod","Minty Spire (QoL Compilation)","StSLib"],"gold_per_floor":[117,117,135,135,135,163,163,190,217,233,15,15,27,57,57,57,57],"floor_reached":16,"language":"ENG","playtime":478,"items_purged":[],"score":202,"play_id":"f2c2ead7-733c-4568-b05c-c989645fb246","local_time":"20210131003227","is_ascension_mode":true,"campfire_choices":[{"data":"Survivor","floor":7,"key":"SMITH"},{"data":"Catalyst","floor":15,"key":"SMITH"}],"circlet_count":0,"master_deck":["Strike_G","Strike_G","Strike_G","Strike_G","Defend_G","Defend_G","Defend_G","Defend_G","Defend_G","Survivor+1","Neutralize","Bouncing Flask+1","Noxious Fumes","Prepared","Noxious Fumes","Catalyst+1","Catalyst"],"relics":["Ring of the Snake","NeowsBlessing","Juzu Bracelet","Orichalcum","Dream Catcher","DollysMirror","InkBottle","Incense Burner"],"acts_visited":["Exordium"],"potions_floor_usage":[6,14,16],"damage_taken":[{"damage":0.0,"enemies":"Jaw Worm","floor":1.0,"turns":1.0},{"damage":0.0,"enemies":"Cultist","floor":3.0,"turns":1.0},{"damage":0,"enemies":"Gremlin Nob","floor":6,"turns":1},{"damage":10,"enemies":"Lagavulin","floor":8,"turns":5},{"damage":0,"enemies":"Small Slimes","floor":10,"turns":4},{"damage":1,"enemies":"2 Fungi Beasts","floor":13,"turns":4},{"damage":33,"enemies":"3 Sentries","floor":14,"turns":5},{"damage":19,"enemies":"The Guardian","floor":16,"turns":5}],"seed_played":"-6764227557752502264","potions_obtained":[{"floor":6,"key":"Fruit Juice"},{"floor":10,"key":"AttackPotion"},{"floor":14,"key":"Block Potion"}],"is_trial":false,"path_per_floor":["M","?","M","?","?","E","R","E","T","M","$","?","M","E","R","B"],"character_chosen":"THE_SILENT","items_purchased":["Catalyst","DollysMirror"],"campfire_rested":0,"item_purchase_floors":[11,11],"current_hp_per_floor":[70,70,70,63,63,68,68,58,58,58,58,51,50,17,17,0,0],"gold":57,"neow_bonus":"THREE_ENEMY_KILL","is_daily":false,"chose_seed":false,"campfire_upgraded":2,"win_rate":0.0,"timestamp":1612071147,"path_taken":["M","?","?","?","?","E","R","E","T","M","$","?","M","E","R","BOSS"],"items_purchased_type":["Card","Relic"],"build_version":"2020-12-22","purchased_purges":0,"victory":false,"max_hp_per_floor":[70,70,70,70,70,75,75,75,75,75,75,75,75,75,75,75,75],"card_choices":[{"not_picked":["Prepared","Concentrate"],"picked":"Bouncing Flask","floor":1.0},{"not_picked":["Slice","Calculated Gamble","Terror"],"picked":"SKIP","floor":3},{"not_picked":["Deflect","Caltrops"],"picked":"Noxious Fumes","floor":6},{"not_picked":["Quick Slash","Dagger Spray"],"picked":"Prepared","floor":8},{"not_picked":["Well Laid Plans","Slice"],"picked":"Noxious Fumes","floor":10},{"not_picked":["Quick Slash","Caltrops","Infinite Blades"],"picked":"SKIP","floor":13},{"not_picked":["Flying Knee","Prepared","Caltrops"],"picked":"SKIP","floor":14}],"player_experience":140863,"relics_obtained":[{"floor":6,"key":"Juzu Bracelet"},{"floor":8,"key":"Orichalcum"},{"floor":9,"key":"Dream Catcher"},{"floor":14,"key":"Incense Burner"}],"event_choices":[{"damage_healed":0.0,"max_hp_gain":0.0,"max_hp_loss":0.0,"gold_gain":0.0,"event_name":"Upgrade Shrine","player_choice":"Upgraded","floor":2.0,"gold_loss":0.0,"damage_taken":0.0,"cards_upgraded":["Bouncing Flask"]},{"cards_removed":["Strike_G"],"damage_healed":0,"gold_gain":0,"player_choice":"Card Removal","damage_taken":7,"max_hp_gain":0,"max_hp_loss":0,"event_name":"Golden Wing","floor":4,"gold_loss":0},{"damage_healed":0,"gold_gain":0,"player_choice":"Leave","damage_taken":0,"max_hp_gain":0,"max_hp_loss":0,"event_name":"The Cleric","floor":5,"gold_loss":0},{"damage_healed":0,"gold_gain":0,"player_choice":"Success","damage_taken":7,"relics_obtained":["InkBottle"],"max_hp_gain":0,"max_hp_loss":0,"event_name":"Scrap Ooze","floor":12,"gold_loss":0}],"is_beta":false,"boss_relics":[],"items_purged_floors":[],"is_endless":false,"potions_floor_spawned":[6,10,14],"killed_by":"The Guardian","ascension_level":4}}