{"host":"61ejhfsushs0xmcl","time":1612088711,"event":{"mods":["ATMod(°¢èªMod)","Act Like it!","BaseMod","Colored Map","Gold Saver","Minty Spire (QoL Compilation)","MostiFishMod","Reliquary","Spicy Shops","StSLib","TestMod","[IsaacMod]ÒÔÈö¼âËþ","¡¾ÒÅÎï¿¨ÅÆ¡¿REMEMod","óô»ðÖ¸ÄÏ"],"gold_per_floor":[939,454,529,454,504,504,537,551,620,654,670,670,686,716,716,819,819,836,480,499,499,513,513,532,563,588,599,632,647,476,535,366,443,443,462,477,238,249,264,296,145,171,196,231,231,285,327,343,343,343,343,343,343,117,149,149],"floor_reached":57,"language":"ZHS","playtime":3856,"items_purged":["Defend_P","Strike_P","Strike_P","Defend_P+1","Defend_P","Strike_P+1","Strike_P+1","Vigilance+1","LessonLearned+1"],"score":3825,"play_id":"072c9d94-37fe-4048-9034-7cc06bdcab4a","local_time":"20210131182511","is_ascension_mode":true,"campfire_choices":[{"data":"Eruption","floor":6.0,"key":"SMITH"},{"data":"BettingIsNotGood","floor":12.0,"key":"SMITH"},{"data":"Ragnarok","floor":15.0,"key":"SMITH"},{"floor":23.0,"key":"RECALL"},{"data":"MostiFishMod:Minus+5","floor":45,"key":"SMITH"},{"data":"MostiFishMod:Minus+9","floor":49,"key":"SMITH"},{"data":"MostiFishMod:Minus+12","floor":53,"key":"SMITH"}],"circlet_count":0,"master_deck":["AscendersBane","Eruption+1","AT_EssenceShift+1","Ragnarok+1","Scrawl+1","MostiFishMod:Adaptation+1","MostiFishMod:Disappear+1","MostiFishMod:Adaptation+1","InnerPeace+1","TalkToTheHand+1","Halt+1","MostiFishMod:Disappear+1","MostiFishMod:Minus+13","Omniscience+1","AT_ChampionStep+1","Vault+1","AT_ChampionStep+1"],"relics":["PureWater","testmod-TestBox","DaveBox","AT_ATBox","REME_ComplimentaryCards","HushsDoor","testmod-PortableAltar","Nloth\u0027s Gift","SteamSale","SynthV:TestCard","Shuriken","DeadEye","BFFS","REME_CardOfGreed","reliquary:HotPoker","Ancient Tea Set","Meat on the Bone","AT_TrinityForce","SatanicBible","Bag of Preparation","DollysMirror","Art of War","Ancient Tea Set","testmod-IndustrialRevolution","BrkXgEgg","Smiling Mask","reliquary:ExpiredCoupon","SlaversCollar","Frozen Egg 2","reliquary:RoseTintedGlasses","UnicornStump","ClockworkSouvenir","AnarchistCookbook","reliquary:Buckler","DeathBook","MoneyPower","CeramicFish","reliquary:Bookmark","AT_EbonyIvory"],"acts_visited":["Exordium","TheCity","TheBeyond","TheEnding"],"potions_floor_usage":[32,40,56,56,56,56,56,56,56],"damage_taken":[{"damage":13.0,"enemies":"2 Louse","floor":1.0,"turns":4.0},{"damage":5.0,"enemies":"3 Sentries","floor":7.0,"turns":3.0},{"damage":1.0,"enemies":"Small Slimes","floor":8.0,"turns":2.0},{"damage":0.0,"enemies":"Gremlin Nob","floor":10.0,"turns":2.0},{"damage":4.0,"enemies":"Jaw Worm","floor":11.0,"turns":2.0},{"damage":6.0,"enemies":"Looter","floor":13.0,"turns":1.0},{"damage":1.0,"enemies":"Lagavulin","floor":14.0,"turns":3.0},{"damage":7.0,"enemies":"Slime Boss","floor":16.0,"turns":4.0},{"damage":6.0,"enemies":"Chosen","floor":18.0,"turns":3.0},{"damage":0.0,"enemies":"Shell Parasite","floor":20.0,"turns":2.0},{"damage":0.0,"enemies":"Snecko","floor":22.0,"turns":2.0},{"damage":0.0,"enemies":"3 Cultists","floor":24.0,"turns":3.0},{"damage":9.0,"enemies":"Slavers","floor":25.0,"turns":4.0},{"damage":0.0,"enemies":"Centurion and Healer","floor":27.0,"turns":1.0},{"damage":0.0,"enemies":"Gremlin Leader","floor":28.0,"turns":3.0},{"damage":0.0,"enemies":"Snake Plant","floor":29.0,"turns":3.0},{"damage":0.0,"enemies":"REME_1_Revenger","floor":31.0,"turns":3.0},{"damage":0,"enemies":"Champ","floor":33,"turns":3},{"damage":0,"enemies":"Orb Walker","floor":35,"turns":4},{"damage":0,"enemies":"3 Shapes","floor":36,"turns":2},{"damage":0,"enemies":"Spire Growth","floor":38,"turns":2},{"damage":0,"enemies":"3 Darklings","floor":39,"turns":1},{"damage":0,"enemies":"Reptomancer","floor":40,"turns":2},{"damage":0,"enemies":"Nemesis","floor":42,"turns":1},{"damage":0,"enemies":"Giant Head","floor":44,"turns":4},{"damage":0,"enemies":"2 Orb Walkers","floor":46,"turns":1},{"damage":0,"enemies":"Nemesis","floor":47,"turns":5},{"damage":0,"enemies":"Jaw Worm Horde","floor":48,"turns":3},{"damage":0,"enemies":"Donu and Deca","floor":50,"turns":3},{"damage":0,"enemies":"Time Eater","floor":51,"turns":4},{"damage":0,"enemies":"Shield and Spear","floor":55,"turns":2},{"damage":0,"enemies":"Delirium","floor":56,"turns":9}],"seed_played":"-8815708241730076919","potions_obtained":[{"floor":7.0,"key":"Ancient Potion"},{"floor":8.0,"key":"Energy Potion"},{"floor":10.0,"key":"GamblersBrew"},{"floor":14.0,"key":"PowerPotion"},{"floor":16.0,"key":"PowerPotion"},{"floor":31.0,"key":"Weak Potion"},{"floor":33,"key":"FearPotion"},{"floor":35,"key":"EntropicBrew"},{"floor":46,"key":"Regen Potion"}],"is_trial":false,"path_per_floor":["M","$","?","?","?","R","E","M","T","E","M","R","M","E","R","B",null,"M","$","M","?","M","R","M","E","T","M","E","M","$","E","R","B",null,"M","M","$","M","M","E","R","E","T","E","R","?","E","M","R","B","B",null,"R","$","E","B",null],"character_chosen":"WATCHER","items_purchased":["Shuriken","DeadEye","BFFS","REME_CardOfGreed","MostiFishMod:Disappear","SatanicBible","Bag of Preparation","DollysMirror","Art of War","Energy Potion","BrkXgEgg","REME_GoldPotion","testmod-SpacePotion","reliquary:ExpiredCoupon","Frozen Egg 2","UnicornStump","ClockworkSouvenir","AT_ChampionStep+1","reliquary:Bookmark","Energy Potion"],"campfire_rested":0,"item_purchase_floors":[2,2,2,2,17,17,19,19,19,19,30,30,32,32,37,41,41,54,54,54],"current_hp_per_floor":[35,35,24,24,24,24,19,18,18,18,19,19,13,12,12,17,28,22,22,22,22,22,22,22,13,13,13,13,13,13,13,13,13,8,7,6,5,4,3,2,1,1,1,1,1,1,1,1,1,1,1,1,1,1,1,1],"gold":149,"neow_bonus":"TWO_FIFTY_GOLD","is_daily":false,"chose_seed":false,"campfire_upgraded":6,"win_rate":0.0,"timestamp":1612088711,"path_taken":["M","$","?","?","?","R","E","M","T","E","M","R","M","E","R","BOSS","M","$","M","?","M","R","M","E","T","M","E","M","$","E","R","BOSS","M","M","$","M","M","E","R","E","T","E","R","?","E","M","R","BOSS","BOSS","R","$","E","BOSS"],"items_purchased_type":["Relic","Relic","Relic","Relic","Card","Relic","Relic","Relic","Relic","Potion","Relic","Potion","Potion","Relic","Relic","Relic","Relic","Card","Relic","Potion"],"build_version":"2020-12-22","purchased_purges":9,"victory":true,"max_hp_per_floor":[67,66,65,64,63,62,61,60,59,58,57,56,55,54,53,52,32,31,30,29,28,27,26,25,24,23,22,21,20,19,18,17,16,8,7,6,5,4,3,2,1,1,1,1,1,1,1,1,1,1,1,1,1,1,1,1],"card_choices":[{"not_picked":[],"picked":"BettingIsNotGood","floor":0.0},{"not_picked":["EmptyMind","CrushJoints","Weave"],"picked":"SKIP","floor":1.0},{"not_picked":["ThirdEye","SandsOfTime","FlurryOfBlows","ConjureBlade"],"picked":"Scrawl","floor":7.0},{"not_picked":["Evaluate","BowlingBash","Consecrate","CutThroughFate","Crescendo"],"picked":"SKIP","floor":8.0},{"not_picked":["CarveReality","MostiFishMod:Unraveling","MostiFishMod:Speedup","Halt"],"picked":"MostiFishMod:Adaptation","floor":10.0},{"not_picked":["MostiFishMod:FlowState","WreathOfFlame","AT_RealFormLess","Protect","Blasphemy"],"picked":"SKIP","floor":11.0},{"not_picked":["Pray","REME_Repentance","MostiFishMod:Speedup","JustLucky","AT_ChampionKick"],"picked":"SKIP","floor":13.0},{"not_picked":["Halt","Sanctity","Consecrate","REME_MusicOfDeath","Evaluate"],"picked":"SKIP","floor":14.0},{"not_picked":["ConjureBlade","MostiFishMod:DisColor","MostiFishMod:DustFall","AT_IrregularMenstruation"],"picked":"LessonLearned","floor":16.0},{"not_picked":["FlyingSleeves","JustLucky","MostiFishMod:Unraveling","Pray","Weave"],"picked":"SKIP","floor":18.0},{"not_picked":["Halt","MostiFishMod:FlowState","ClearTheMind+1","EmptyBody"],"picked":"InnerPeace","floor":20.0},{"not_picked":["ThirdEye","Halt","BowlingBash","Scrawl"],"picked":"TalkToTheHand","floor":22.0},{"not_picked":["SandsOfTime","BowlingBash","Swivel","Halt+1","JustLucky"],"picked":"SKIP","floor":24.0},{"not_picked":["SandsOfTime","BowlingBash","Swivel","JustLucky"],"picked":"Halt+1","floor":24.0},{"not_picked":["Sanctity","Consecrate","MostiFishMod:DisColor","ClearTheMind"],"picked":"MostiFishMod:Disappear","floor":25.0},{"not_picked":["Weave+1","ClearTheMind","Fasting2","FlyingSleeves","EmptyMind"],"picked":"SKIP","floor":27.0},{"not_picked":["Scrawl","ThirdEye","MostiFishMod:Unraveling","FlyingSleeves","AT_OneInchPunch+1"],"picked":"SKIP","floor":28.0},{"not_picked":["MostiFishMod:Disappear","FlyingSleeves","CrushJoints+1","Protect","REME_Repentance"],"picked":"SKIP","floor":29.0},{"not_picked":["MostiFishMod:Speedup","ThirdEye","Evaluate","MostiFishMod:Moonprays+1"],"picked":"MostiFishMod:Minus+1","floor":31.0},{"not_picked":["MostiFishMod:StarHerder+1","Judgement+1","MostiFishMod:Dust+1","MostiFishMod:Pointsdynamics+1"],"picked":"Omniscience+1","floor":33},{"not_picked":["SashWhip+1","WheelKick","EmptyBody","Protect","Consecrate+1"],"picked":"SKIP","floor":35},{"not_picked":["MostiFishMod:StarHerder+1","FearNoEvil","EmptyBody","JustLucky","SashWhip+1"],"picked":"SKIP","floor":36},{"not_picked":["EmptyFist","Prostrate","REME_EmptyShield+1","CrushJoints","REME_Repentance"],"picked":"SKIP","floor":38},{"not_picked":["EmptyMind","SpiritShield+1","ThirdEye","Prostrate","CutThroughFate"],"picked":"SKIP","floor":39},{"not_picked":["Nirvana+1","Consecrate+1","Devotion+1","MostiFishMod:LegendTransform+1","EmptyFist"],"picked":"SKIP","floor":40},{"not_picked":["AT_ChampionKick+1","SashWhip","MostiFishMod:Unraveling+1","MostiFishMod:Clarity+1"],"picked":"AT_ChampionStep+1","floor":42},{"not_picked":["MostiFishMod:Disappear+1","MostiFishMod:StarWish+1","MostiFishMod:ScryFuture+1","MostiFishMod:DisColor+1","DevaForm+1"],"picked":"SKIP","floor":44},{"not_picked":["DeceiveReality","EmptyMind+1","Halt","FollowUp"],"picked":"Vault+1","floor":47},{"not_picked":["Consecrate+1","Vengeance","WreathOfFlame","SashWhip","Worship"],"picked":"SKIP","floor":48},{"not_picked":["AT_RealFormLess","Scrawl+1","CrushJoints+1","MostiFishMod:PathToVictory","REME_WorshipGod+1"],"picked":"SKIP","floor":55}],"player_experience":813552,"relics_obtained":[{"floor":1.0,"key":"SynthV:TestCard"},{"floor":7.0,"key":"reliquary:HotPoker"},{"floor":10.0,"key":"Ancient Tea Set"},{"floor":14.0,"key":"Meat on the Bone"},{"floor":25.0,"key":"reliquary:SculptingSteel"},{"floor":26.0,"key":"testmod-IndustrialRevolution"},{"floor":31.0,"key":"Smiling Mask"},{"floor":40,"key":"reliquary:RoseTintedGlasses"},{"floor":42,"key":"AnarchistCookbook"},{"floor":43,"key":"reliquary:Buckler"},{"floor":44,"key":"DeathBook"},{"floor":46,"key":"MoneyPower"},{"floor":47,"key":"CeramicFish"},{"floor":55,"key":"AT_EbonyIvory"}],"event_choices":[{"damage_healed":0.0,"max_hp_gain":0.0,"max_hp_loss":0.0,"gold_gain":75.0,"event_name":"World of Goop","player_choice":"Gather Gold","floor":3.0,"gold_loss":0.0,"damage_taken":11.0},{"cards_removed":["Defend_P"],"damage_healed":0.0,"max_hp_gain":0.0,"max_hp_loss":0.0,"gold_gain":0.0,"event_name":"The Cleric","player_choice":"Card Removal","floor":4.0,"gold_loss":75.0,"damage_taken":0.0},{"damage_healed":0.0,"max_hp_gain":0.0,"max_hp_loss":0.0,"gold_gain":50.0,"event_name":"Golden Shrine","player_choice":"Pray","floor":5.0,"gold_loss":0.0,"damage_taken":0.0},{"cards_removed":["BettingIsNotGood"],"damage_healed":0.0,"max_hp_gain":0.0,"max_hp_loss":0.0,"gold_gain":0.0,"event_name":"Back to Basics","player_choice":"Elegance","floor":21.0,"gold_loss":0.0,"damage_taken":0.0},{"damage_healed":0,"gold_gain":0,"player_choice":"Fight","damage_taken":0,"max_hp_gain":0,"max_hp_loss":0,"event_name":"Mysterious Sphere","floor":46,"gold_loss":0}],"is_beta":false,"boss_relics":[{"not_picked":["Calling Bell","testmod-BloodSacrificeSpiritualization"],"picked":"AT_TrinityForce"},{"not_picked":[]},{"not_picked":["REME_DuelDisc","testmod-SaigiyounoYou"],"picked":"SlaversCollar"},{"not_picked":[]}],"items_purged_floors":[2,17,19,30,32,34,37,37,54],"is_endless":false,"potions_floor_spawned":[7,8,10,14,16,20,22,25,31,33,35,36,39,46,55],"ascension_level":20}}