{"host":"takgv9cv6xf64vhq","time":1612104949,"event":{"mods":["BaseMod","Colored Powertips","Conspire","Decade(王小明)","Downfall","Energized Spire","Hermit","Hubris","LagranYue(拉格朗・月)","Marisa（F雨　魔理沙）","Minty Spire (QoL Compilation)","Replay The Spire","StSLib","The Cursed","The Hierophant","The Jungle","The Servant 0.9.4","TheHeartMod"],"gold_per_floor":[117,117,117,132,30,30,30,61,61,61,61,92,42,71,71,176,276,291,291,291,116,45,59,59,59],"floor_reached":24,"language":"ZHS","playtime":1798,"items_purged":["Strike_G","conspire:GhostlyDefend"],"score":475,"play_id":"cce8fcc1-0163-494f-b531-6c82956bc7a2","local_time":"20210131225549","is_ascension_mode":true,"campfire_choices":[{"data":"Cloak And Dagger","floor":6.0,"key":"SMITH"},{"data":"Survivor","floor":10.0,"key":"SMITH"},{"data":"Concentrate","floor":15.0,"key":"SMITH"}],"circlet_count":0,"master_deck":["ReplayUltimateDefense+1","conspire:GhostlyStrike","conspire:GhostlyStrike","conspire:GhostlyStrike","conspire:GhostlyDefend","conspire:GhostlyDefend","conspire:GhostlyDefend","Survivor+1","Neutralize+1","Footwork+1","Cloak And Dagger+1","Dagger Throw","Adrenaline+1","ReplayTheSpireMod:The Works","Deflect","Concentrate+1","Wraith Form v2+1","hubris:SlightOfHand","Footwork+1","Blade Dance"],"relics":["SlaversCollar","Toy Ornithopter","Smiling Mask","Vampiric Spirits","Frozen Egg 2","Replay:Wanted Poster","theJungle:BirthdayCake","theJungle:ShellPeas"],"acts_visited":["Exordium","Exordium"],"potions_floor_usage":[23],"damage_taken":[{"damage":16.0,"enemies":"Jaw Worm","floor":1.0,"turns":6.0},{"damage":2.0,"enemies":"Small Slimes","floor":4.0,"turns":4.0},{"damage":0.0,"enemies":"Lagavulin","floor":8.0,"turns":8.0},{"damage":0.0,"enemies":"3 Sentries","floor":12.0,"turns":15.0},{"damage":0.0,"enemies":"Gremlin Nob","floor":14.0,"turns":7.0},{"damage":0.0,"enemies":"Fading Forest","floor":16.0,"turns":11.0},{"damage":14.0,"enemies":"theJungle:MUSHROOMGANG","floor":18.0,"turns":9.0},{"damage":23,"enemies":"theJungle:Flameango_and_Byrd","floor":23,"turns":14},{"damage":14,"enemies":"theJungle:MamaSnecko","floor":24,"turns":16}],"seed_played":"-3059984755541098386","potions_obtained":[{"floor":1.0,"key":"FearPotion"},{"floor":8.0,"key":"FearPotion"},{"floor":18.0,"key":"Venom Potion"}],"is_trial":false,"path_per_floor":["M","?","?","M","$","R","?","E","T","R","?","E","$","E","R","B",null,"M","?","?","?","$","M","E"],"character_chosen":"THE_SILENT","items_purchased":["Dagger Throw","Footwork+1"],"campfire_rested":0,"item_purchase_floors":[5,22],"current_hp_per_floor":[47,47,47,45,45,45,45,45,45,45,45,45,45,51,51,62,68,56,46,66,66,66,48,41,41],"gold":59,"neow_bonus":"BOSS_RELIC","is_daily":false,"chose_seed":false,"campfire_upgraded":3,"win_rate":0.0,"timestamp":1612104949,"path_taken":["M","?","?","M","?","R","?","E","T","R","?","E","$","E","R","BOSS","M","?","?","?","$","M","E"],"items_purchased_type":["Card","Card"],"build_version":"2020-12-22","purchased_purges":2,"victory":false,"max_hp_per_floor":[70,70,70,70,70,70,70,70,70,70,70,70,70,70,70,70,70,70,70,90,90,90,90,90,90],"card_choices":[{"not_picked":["ReplayTheSpireMod:Tripwire","Bane"],"picked":"Footwork","floor":1.0},{"not_picked":["PiercingWail","Acrobatics"],"picked":"Cloak And Dagger","floor":4.0},{"not_picked":["hubris:TrickCloak","Slice"],"picked":"ReplayTheSpireMod:The Works","floor":8.0},{"not_picked":["hubris:SlightOfHand","Hidden Blade"],"picked":"Deflect","floor":12.0},{"not_picked":["Dagger Spray","Hidden Blade"],"picked":"Concentrate","floor":14.0},{"not_picked":["ReplayTheSpireMod:Necrosis","Night Terror"],"picked":"Wraith Form v2+1","floor":16.0},{"not_picked":["Cloak And Dagger","Quick Slash"],"picked":"hubris:SlightOfHand","floor":18.0},{"not_picked":["Dodge and Roll","Toxin Wave"],"picked":"Blade Dance","floor":23}],"player_experience":269537,"relics_obtained":[{"floor":8.0,"key":"Toy Ornithopter"},{"floor":9.0,"key":"Smiling Mask"},{"floor":12.0,"key":"Vampiric Spirits"},{"floor":14.0,"key":"Frozen Egg 2"}],"event_choices":[{"damage_healed":0.0,"max_hp_gain":0.0,"max_hp_loss":0.0,"gold_gain":0.0,"event_name":"Living Wall","player_choice":"Grow","floor":2.0,"gold_loss":0.0,"damage_taken":0.0,"cards_upgraded":["Footwork"]},{"damage_healed":0.0,"max_hp_gain":0.0,"max_hp_loss":0.0,"gold_gain":0.0,"event_name":"conspire:LoneGhost","player_choice":"Agree","floor":11.0,"gold_loss":0.0,"damage_taken":0.0}],"is_beta":false,"boss_relics":[{"not_picked":["Painkiller Herb","Astrolabe"],"picked":"Replay:Wanted Poster"}],"items_purged_floors":[5,13],"is_endless":false,"potions_floor_spawned":[1,8,18],"killed_by":"theJungle:MamaSnecko","ascension_level":7}}