{"host":"z94nnvkgi5lm5f4m","time":1612083292,"event":{"mods":["AchievementEnabler","BaseMod","Colored Map","Colored Powertips","Minty Spire (QoL Compilation)"],"gold_per_floor":[116,116,66,66,81,120,136,136,189,136,136,136,160,176,176,302,302,242,242,96,96,115,115,115,134,182,145,184,283,297,310,310,310,310],"floor_reached":33,"language":"ENG","playtime":1470,"items_purged":[],"score":288,"play_id":"334f5743-df75-47f7-91dd-384c24d88ae7","local_time":"20210131005452","is_ascension_mode":false,"campfire_choices":[{"floor":8.0,"key":"REST"},{"data":"Scrape","floor":12.0,"key":"SMITH"},{"floor":15.0,"key":"REST"},{"data":"Buffer","floor":23.0,"key":"SMITH"},{"floor":32,"key":"REST"}],"circlet_count":0,"master_deck":["Strike_B","Strike_B","Strike_B","Defend_B+1","Defend_B","Defend_B","Defend_B","Zap+1","Dualcast","Beam Cell","Turbo","Scrape+1","Conserve Battery","Buffer+1","CurseOfTheBell","Steam","Sweeping Beam+1","Go for the Eyes","White Noise+1","Conserve Battery+1","Double Energy+1","BootSequence","Gash","Turbo"],"relics":["Cracked Core","NeowsBlessing","Golden Idol","Bronze Scales","Toy Ornithopter","Lantern","Calling Bell","Omamori","Singing Bowl","Bird Faced Urn","Orrery","Orichalcum","Tiny Chest","Juzu Bracelet"],"acts_visited":["Exordium","TheCity"],"potions_floor_usage":[31,33,33],"damage_taken":[{"damage":0.0,"enemies":"Jaw Worm","floor":1.0,"turns":1.0},{"damage":0.0,"enemies":"Small Slimes","floor":5.0,"turns":1.0},{"damage":0.0,"enemies":"Lagavulin","floor":6.0,"turns":1.0},{"damage":0.0,"enemies":"2 Louse","floor":7.0,"turns":2.0},{"damage":5.0,"enemies":"Lots of Slimes","floor":13.0,"turns":2.0},{"damage":0.0,"enemies":"2 Fungi Beasts","floor":14.0,"turns":2.0},{"damage":33.0,"enemies":"The Guardian","floor":16.0,"turns":12.0},{"damage":25.0,"enemies":"2 Thieves","floor":18.0,"turns":4.0},{"damage":0.0,"enemies":"Chosen","floor":22.0,"turns":5.0},{"damage":17.0,"enemies":"Snake Plant","floor":25.0,"turns":4.0},{"damage":25.0,"enemies":"Book of Stabbing","floor":28.0,"turns":6.0},{"damage":0.0,"enemies":"Chosen and Byrds","floor":30.0,"turns":6.0},{"damage":21,"enemies":"Centurion and Healer","floor":31,"turns":9},{"damage":86,"enemies":"Collector","floor":33,"turns":7}],"seed_played":"-1626992849726871440","potions_obtained":[{"floor":13.0,"key":"PotionOfCapacity"},{"floor":22.0,"key":"Ancient Potion"},{"floor":25.0,"key":"SpeedPotion"},{"floor":30.0,"key":"PotionOfCapacity"},{"floor":31,"key":"Strength Potion"}],"is_trial":false,"path_per_floor":["M","?","?","?","M","E","M","R","T","$","T","R","M","M","R","B",null,"M","?","$","?","M","R","?","M","T","$","E","?","M","M","R","B"],"character_chosen":"DEFECT","items_purchased":["Conserve Battery","Orrery","BootSequence"],"campfire_rested":3,"item_purchase_floors":[10,20,27],"current_hp_per_floor":[75,60,60,42,42,42,42,64,64,64,64,64,59,59,75,42,75,50,75,77,77,79,79,79,62,62,62,41,41,47,35,59,0,0],"gold":310,"neow_bonus":"THREE_ENEMY_KILL","is_daily":false,"chose_seed":false,"campfire_upgraded":2,"win_rate":0.0,"timestamp":1612083292,"path_taken":["M","?","?","?","M","E","M","R","T","$","?","R","M","M","R","BOSS","M","?","$","?","M","R","?","?","T","$","E","?","M","M","R","BOSS"],"items_purchased_type":["Card","Relic","Card"],"build_version":"2020-12-22","purchased_purges":0,"victory":false,"max_hp_per_floor":[75,75,75,75,75,75,75,75,75,75,75,75,75,75,75,75,75,75,75,77,77,79,79,79,79,79,79,79,79,81,81,81,81,81],"card_choices":[{"not_picked":["Ball Lightning","Cold Snap"],"picked":"Beam Cell","floor":1.0},{"not_picked":["Ball Lightning","Cold Snap"],"picked":"Turbo","floor":5.0},{"not_picked":["Go for the Eyes","Steam"],"picked":"Scrape","floor":6.0},{"not_picked":["Aggregate","Genetic Algorithm","Ball Lightning"],"picked":"SKIP","floor":7.0},{"not_picked":["Electrodynamics","Genetic Algorithm","Consume"],"picked":"SKIP","floor":13.0},{"not_picked":["Aggregate","Coolheaded","Ball Lightning"],"picked":"SKIP","floor":14.0},{"not_picked":["Electrodynamics","Creative AI"],"picked":"Buffer","floor":16.0},{"not_picked":["Hologram","Fusion"],"picked":"Steam","floor":18.0},{"not_picked":["Stack","Reinforced Body"],"picked":"Sweeping Beam+1","floor":20.0},{"not_picked":["Ball Lightning","Reinforced Body","Meteor Strike"],"picked":"Singing Bowl","floor":20.0},{"not_picked":["Force Field","Barrage"],"picked":"Go for the Eyes","floor":20.0},{"not_picked":["Cold Snap","Hologram"],"picked":"White Noise+1","floor":20.0},{"not_picked":["Lockon+1","Ball Lightning+1"],"picked":"Conserve Battery+1","floor":20.0},{"not_picked":["Coolheaded","Melter","Loop"],"picked":"Singing Bowl","floor":22.0},{"not_picked":["Capacitor","Cold Snap+1"],"picked":"Double Energy+1","floor":25.0},{"not_picked":["Chaos+1","Hello World"],"picked":"Gash","floor":28.0},{"not_picked":["Compile Driver","Coolheaded","Reinforced Body"],"picked":"Singing Bowl","floor":30.0},{"not_picked":["Chaos","Streamline+1"],"picked":"Turbo","floor":31}],"player_experience":79520,"relics_obtained":[{"floor":6.0,"key":"Bronze Scales"},{"floor":9.0,"key":"Toy Ornithopter"},{"floor":11.0,"key":"Lantern"},{"floor":17.0,"key":"Omamori"},{"floor":17.0,"key":"Singing Bowl"},{"floor":17.0,"key":"Bird Faced Urn"},{"floor":26.0,"key":"Tiny Chest"},{"floor":28.0,"key":"Juzu Bracelet"}],"event_choices":[{"damage_healed":0.0,"max_hp_gain":0.0,"max_hp_loss":0.0,"gold_gain":0.0,"event_name":"Shining Light","player_choice":"Entered Light","floor":2.0,"gold_loss":0.0,"damage_taken":15.0,"cards_upgraded":["Defend_B","Zap"]},{"cards_removed":["Strike_B"],"damage_healed":0.0,"max_hp_gain":0.0,"max_hp_loss":0.0,"gold_gain":0.0,"event_name":"The Cleric","player_choice":"Card Removal","floor":3.0,"gold_loss":50.0,"damage_taken":0.0},{"damage_healed":0.0,"max_hp_gain":0.0,"max_hp_loss":0.0,"gold_gain":0.0,"event_name":"Golden Idol","player_choice":"Take Damage","floor":4.0,"gold_loss":0.0,"damage_taken":18.0,"relics_obtained":["Golden Idol"]},{"damage_healed":25.0,"max_hp_gain":0.0,"max_hp_loss":0.0,"gold_gain":0.0,"event_name":"The Library","player_choice":"Heal","floor":19.0,"gold_loss":0.0,"damage_taken":0.0},{"damage_healed":0.0,"max_hp_gain":0.0,"max_hp_loss":0.0,"gold_gain":0.0,"event_name":"The Mausoleum","player_choice":"Opened","floor":21.0,"gold_loss":0.0,"damage_taken":0.0,"relics_obtained":["Orichalcum"],"cards_obtained":["Writhe"]},{"damage_healed":0.0,"max_hp_gain":0.0,"max_hp_loss":0.0,"gold_gain":0.0,"event_name":"Vampires","player_choice":"Ignored","floor":24.0,"gold_loss":0.0,"damage_taken":0.0},{"damage_healed":0.0,"max_hp_gain":0.0,"max_hp_loss":0.0,"gold_gain":99.0,"event_name":"Nest","player_choice":"Stole From Cult","floor":29.0,"gold_loss":0.0,"damage_taken":0.0}],"is_beta":false,"boss_relics":[{"not_picked":["Philosopher\u0027s Stone","Astrolabe"],"picked":"Calling Bell"}],"items_purged_floors":[],"is_endless":false,"potions_floor_spawned":[13,22,25,30,31],"killed_by":"Collector","ascension_level":0}}