{"host":"czyddnh1ekzxzhp2","time":1612072727,"event":{"mods":["BaseMod","Better Third Choice","BetterRewards","Hermit","Minty Spire (QoL Compilation)","StSLib"],"gold_per_floor":[218,228,254,32,44,44,54,89,116,136,136,136,161,239,239,337,337,351,351,351,450,467,467,499,499,522,269,296,296,312,364,364,459,459,470,520,538,538,538],"floor_reached":38,"language":"ENG","playtime":4484,"items_purged":[],"score":441,"play_id":"836a8533-f84f-466e-8600-587d92cf8c88","local_time":"20210131005847","is_ascension_mode":true,"campfire_choices":[{"data":"hermit:Combo","floor":6.0,"key":"SMITH"},{"floor":11.0,"key":"REST"},{"floor":15.0,"key":"REST"},{"floor":23,"key":"REST"},{"floor":29,"key":"REST"},{"floor":32,"key":"REST"}],"circlet_count":0,"master_deck":["hermit:Strike_Hermit","hermit:Strike_Hermit","hermit:Strike_Hermit","hermit:Defend_Hermit","hermit:Defend_Hermit","hermit:Defend_Hermit","hermit:Defend_Hermit","hermit:Snapshot","hermit:Covet","hermit:Combo+1","hermit:Misfire","hermit:Malice","hermit:Vantage+1","hermit:FromBeyond","hermit:FromBeyond+1","hermit:TakeAim+1","hermit:HoleUp+1"],"relics":["hermit:Momento","Art of War","Sling","StoneCalendar","Smiling Mask","Gambling Chip","Sundial","Fusion Hammer","Bronze Scales","Pen Nib","Eternal Feather","Potion Belt","Juzu Bracelet","Astrolabe","Peace Pipe"],"acts_visited":["Exordium","TheCity","TheBeyond"],"potions_floor_usage":[24,28,33,36],"damage_taken":[{"damage":0.0,"enemies":"Cultist","floor":1.0,"turns":3.0},{"damage":3.0,"enemies":"2 Louse","floor":2.0,"turns":2.0},{"damage":6.0,"enemies":"Jaw Worm","floor":5.0,"turns":5.0},{"damage":23.0,"enemies":"3 Louse","floor":7.0,"turns":4.0},{"damage":12.0,"enemies":"3 Sentries","floor":8.0,"turns":7.0},{"damage":22.0,"enemies":"2 Fungi Beasts","floor":10.0,"turns":4.0},{"damage":6.0,"enemies":"Gremlin Nob","floor":13.0,"turns":3.0},{"damage":30.0,"enemies":"Slime Boss","floor":16.0,"turns":8.0},{"damage":36.0,"enemies":"3 Byrds","floor":18.0,"turns":7.0},{"damage":25,"enemies":"2 Thieves","floor":22,"turns":4},{"damage":13,"enemies":"Gremlin Leader","floor":24,"turns":8},{"damage":18,"enemies":"Book of Stabbing","floor":28,"turns":4},{"damage":12,"enemies":"Cultist and Chosen","floor":30,"turns":4},{"damage":72,"enemies":"Collector","floor":33,"turns":8},{"damage":13,"enemies":"3 Shapes","floor":35,"turns":7},{"damage":0,"enemies":"Mind Bloom Boss Battle","floor":36,"turns":6},{"damage":31,"enemies":"3 Darklings","floor":37,"turns":6},{"damage":33,"enemies":"Jaw Worm Horde","floor":38,"turns":2}],"seed_played":"-5541917010036104047","potions_obtained":[{"floor":2.0,"key":"Energy Potion"},{"floor":5.0,"key":"Fire Potion"},{"floor":10.0,"key":"SteroidPotion"},{"floor":18.0,"key":"LiquidMemories"},{"floor":22,"key":"SneckoOil"},{"floor":30,"key":"Fire Potion"},{"floor":36,"key":"hermit:Eclipse"}],"is_trial":false,"path_per_floor":["M","M","T","$","M","R","M","E","T","M","R","?","E","T","R","B",null,"M","?","?","?","M","R","E","?","T","$","E","R","M","T","R","B",null,"M","?","M","M"],"character_chosen":"HERMIT","items_purchased":["hermit:Combo","Sling","Eternal Feather"],"campfire_rested":5,"item_purchase_floors":[4,4,27],"current_hp_per_floor":[75,72,72,72,66,66,43,31,31,9,31,31,25,25,47,17,75,39,39,39,39,14,36,23,48,48,48,30,61,49,49,75,3,75,62,62,31,0,0],"gold":538,"neow_bonus":"HUNDRED_GOLD","is_daily":false,"chose_seed":false,"campfire_upgraded":1,"win_rate":0.0,"timestamp":1612072727,"path_taken":["M","M","?","$","M","R","M","E","T","?","R","?","E","?","R","BOSS","M","?","?","?","M","R","E","?","T","$","E","R","M","?","R","BOSS","M","?","M","M"],"items_purchased_type":["Card","Relic","Relic"],"build_version":"2020-12-22","purchased_purges":0,"victory":false,"max_hp_per_floor":[75,75,75,75,75,75,75,75,75,75,75,75,75,75,75,75,75,75,75,75,75,75,75,75,75,75,75,75,75,75,75,75,75,75,75,75,75,75,75],"card_choices":[{"not_picked":["hermit:Feint","hermit:Horror","hermit:HighCaliber"],"picked":"SKIP","floor":1.0},{"not_picked":["hermit:TrackingShot","hermit:EyeOfTheStorm","hermit:Dive"],"picked":"SKIP","floor":2.0},{"not_picked":["hermit:Quickdraw","hermit:BodyArmor","hermit:SprayPray"],"picked":"SKIP","floor":5.0},{"not_picked":["hermit:TakeAim","hermit:Quickdraw"],"picked":"hermit:Misfire","floor":7.0},{"not_picked":["hermit:Virtue","hermit:Midnight","hermit:Horror"],"picked":"SKIP","floor":8.0},{"not_picked":["hermit:Cheat","hermit:BodyArmor","hermit:DeadMansHand"],"picked":"SKIP","floor":10.0},{"not_picked":["hermit:Snipe","hermit:FlashPowder"],"picked":"hermit:Malice","floor":13.0},{"not_picked":["hermit:NoHoldsBarred","hermit:Manifest+1"],"picked":"hermit:Ricochet","floor":18.0},{"not_picked":["hermit:Dive","hermit:Desperado"],"picked":"hermit:Vantage+1","floor":22},{"not_picked":["hermit:Shortfuse","hermit:FlashPowder","hermit:Vantage"],"picked":"SKIP","floor":24},{"not_picked":["hermit:Dive","hermit:LuckOfTheDraw+1"],"picked":"hermit:Showdown+1","floor":28},{"not_picked":["hermit:Feint","hermit:Desperado","hermit:Roulette"],"picked":"SKIP","floor":30},{"not_picked":["hermit:Dissolve","hermit:Reprieve"],"picked":"hermit:FromBeyond","floor":33},{"not_picked":["hermit:Misfire+1","hermit:Spite+1","hermit:Feint+1"],"picked":"SKIP","floor":35},{"not_picked":["hermit:Malice","hermit:TakeCover","hermit:HoleUp+1"],"picked":"SKIP","floor":37}],"player_experience":860734,"relics_obtained":[{"floor":3.0,"key":"Art of War"},{"floor":8.0,"key":"StoneCalendar"},{"floor":9.0,"key":"Smiling Mask"},{"floor":13.0,"key":"Gambling Chip"},{"floor":14.0,"key":"Sundial"},{"floor":24,"key":"Bronze Scales"},{"floor":26,"key":"Pen Nib"},{"floor":28,"key":"Potion Belt"},{"floor":31,"key":"Juzu Bracelet"},{"floor":36,"key":"Peace Pipe"}],"event_choices":[{"damage_healed":0.0,"max_hp_gain":0.0,"max_hp_loss":0.0,"gold_gain":0.0,"event_name":"Dead Adventurer","player_choice":"Searched \u00270\u0027 times","floor":12.0,"gold_loss":0.0,"damage_taken":0.0},{"damage_healed":0,"gold_gain":0,"player_choice":"Ignored","damage_taken":0,"max_hp_gain":0,"max_hp_loss":0,"event_name":"Ghosts","floor":19,"gold_loss":0},{"damage_healed":0,"gold_gain":0,"player_choice":"Ignored","damage_taken":0,"max_hp_gain":0,"max_hp_loss":0,"event_name":"Vampires","floor":20,"gold_loss":0},{"damage_healed":0,"gold_gain":99,"player_choice":"Steal","damage_taken":0,"max_hp_gain":0,"max_hp_loss":0,"event_name":"betterThird:BetterNest","floor":21,"gold_loss":0},{"damage_healed":25,"gold_gain":0,"player_choice":"Heal","damage_taken":0,"max_hp_gain":0,"max_hp_loss":0,"event_name":"The Library","floor":25,"gold_loss":0},{"damage_healed":0,"gold_gain":0,"player_choice":"Fight","damage_taken":0,"max_hp_gain":0,"max_hp_loss":0,"event_name":"MindBloom","floor":36,"gold_loss":0}],"is_beta":false,"boss_relics":[{"not_picked":["Snecko Eye","Sozu"],"picked":"Fusion Hammer"},{"not_picked":["SlaversCollar","Philosopher\u0027s Stone"],"picked":"Astrolabe"}],"items_purged_floors":[],"is_endless":false,"potions_floor_spawned":[2,5,10,18,22,30,36],"killed_by":"Jaw Worm Horde","ascension_level":1}}