{"host":"6jrd8fn9k88n08be","time":1612070652,"event":{"mods":["BaseMod","Minty Spire (QoL Compilation)","StSLib"],"gold_per_floor":[109,109,209,225,239,264,264,63,110,110,123,123,150,150,150,246,246,257,276,150,250,250,250],"floor_reached":22,"language":"ENG","playtime":1489,"items_purged":["Strike_R"],"score":221,"play_id":"76a73885-71d1-41ab-b6d9-bb3dbabd5eef","local_time":"20210131002412","is_ascension_mode":true,"campfire_choices":[{"data":"Uppercut","floor":10,"key":"SMITH"},{"data":"Feel No Pain","floor":12,"key":"SMITH"},{"data":"Pommel Strike","floor":15,"key":"SMITH"}],"circlet_count":0,"master_deck":["Strike_R","Strike_R","Strike_R","Defend_R","Defend_R","Defend_R","Defend_R","Bash","Clumsy","Reckless Charge","Armaments","Dropkick","Metallicize","Uppercut+1","Shrug It Off","Feel No Pain+1","Pommel Strike+1","Corruption","Warcry","Warcry"],"relics":["Burning Blood","Charon\u0027s Ashes","Toy Ornithopter","StrikeDummy","Lantern","InkBottle","Black Star"],"acts_visited":["Exordium","TheCity"],"potions_floor_usage":[13,16],"damage_taken":[{"damage":8,"enemies":"Jaw Worm","floor":1,"turns":4},{"damage":6,"enemies":"Cultist","floor":4,"turns":4},{"damage":7,"enemies":"Small Slimes","floor":5,"turns":3},{"damage":12,"enemies":"3 Sentries","floor":6,"turns":7},{"damage":3,"enemies":"Looter","floor":11,"turns":2},{"damage":24,"enemies":"Gremlin Nob","floor":13,"turns":4},{"damage":2,"enemies":"Slime Boss","floor":16,"turns":8},{"damage":30,"enemies":"3 Byrds","floor":18,"turns":7},{"damage":14,"enemies":"Shell Parasite","floor":19,"turns":5},{"damage":52,"enemies":"Shelled Parasite and Fungi","floor":22,"turns":9}],"seed_played":"-2617775012502753266","potions_obtained":[{"floor":4,"key":"FearPotion"},{"floor":5,"key":"DuplicationPotion"}],"is_trial":false,"path_per_floor":["M","?","?","M","M","E","?","$","T","R","M","R","E","?","R","B",null,"M","M","$","?","M"],"character_chosen":"IRONCLAD","items_purchased":["Metallicize","Uppercut","Shrug It Off","Warcry"],"campfire_rested":0,"item_purchase_floors":[8,8,8,20],"current_hp_per_floor":[78,75,75,75,74,68,61,61,61,61,64,64,51,51,51,60,80,56,48,48,48,0,0],"gold":250,"neow_bonus":"ONE_RARE_RELIC","is_daily":false,"chose_seed":false,"campfire_upgraded":3,"win_rate":0.0,"timestamp":1612070652,"path_taken":["M","?","?","?","M","E","?","$","T","R","M","R","E","?","R","BOSS","M","M","$","?","M"],"items_purchased_type":["Card","Card","Card","Card"],"build_version":"2020-12-22","purchased_purges":1,"victory":false,"max_hp_per_floor":[80,80,80,80,80,80,80,80,80,80,80,80,80,80,80,80,80,80,80,80,80,80,80],"card_choices":[{"not_picked":["Havoc","Body Slam"],"picked":"Reckless Charge","floor":1},{"not_picked":["Clash","Wild Strike"],"picked":"Armaments","floor":4},{"not_picked":["Blood for Blood","Heavy Blade","Havoc"],"picked":"SKIP","floor":5},{"not_picked":["Iron Wave","Headbutt"],"picked":"Dropkick","floor":6},{"not_picked":["Twin Strike","Heavy Blade"],"picked":"Feel No Pain","floor":11},{"not_picked":["Twin Strike","Double Tap"],"picked":"Pommel Strike","floor":13},{"not_picked":["Feed","Impervious"],"picked":"Corruption","floor":16},{"not_picked":["Anger","Body Slam"],"picked":"Warcry","floor":18},{"not_picked":["Armaments","Dual Wield","Havoc"],"picked":"SKIP","floor":19},{"not_picked":["Armaments","Dual Wield","Havoc"],"picked":"SKIP","floor":19}],"player_experience":139374,"relics_obtained":[{"floor":6,"key":"StrikeDummy"},{"floor":9,"key":"Lantern"},{"floor":13,"key":"InkBottle"}],"event_choices":[{"damage_healed":0,"gold_gain":0,"player_choice":"Success","damage_taken":3,"relics_obtained":["Toy Ornithopter"],"max_hp_gain":0,"max_hp_loss":0,"event_name":"Scrap Ooze","floor":2,"gold_loss":0},{"damage_healed":0,"gold_gain":100,"player_choice":"Pray","damage_taken":0,"max_hp_gain":0,"max_hp_loss":0,"event_name":"Golden Shrine","floor":3,"gold_loss":0},{"cards_removed":["Strike_R"],"damage_healed":0,"gold_gain":0,"player_choice":"Card Removal","damage_taken":7,"max_hp_gain":0,"max_hp_loss":0,"event_name":"Golden Wing","floor":7,"gold_loss":0},{"damage_healed":0,"gold_gain":0,"player_choice":"Ignored","damage_taken":0,"max_hp_gain":0,"max_hp_loss":0,"event_name":"Liars Game","floor":14,"gold_loss":0},{"damage_healed":0,"gold_gain":100,"player_choice":"Pray","damage_taken":0,"max_hp_gain":0,"max_hp_loss":0,"event_name":"Golden Shrine","floor":21,"gold_loss":0}],"is_beta":false,"boss_relics":[{"not_picked":["Pandora\u0027s Box","Mark of Pain"],"picked":"Black Star"}],"items_purged_floors":[20],"is_endless":false,"potions_floor_spawned":[4,5],"killed_by":"Shelled Parasite and Fungi","ascension_level":3}}