{"host":"bm58huo5vqbiw0g8","time":1612051400,"event":{"mods":["AchievementEnabler","BaseMod","Better Note","BetterRewards","Colored Map","Colored Powertips","Highlight Path","Minty Spire (QoL Compilation)","StSLib"],"gold_per_floor":[112,112,62,62,77,103,122,122,422,437,456,466,466,478,478,575,575,595,201,201,211,225,225,259,259,309,234,248,163,189,206,206,306,306,316,316,336,348,108,137,137,171,249,0,48,48,98,125,125,125],"floor_reached":51,"language":"ENG","playtime":4439,"items_purged":["Defend_P","Defend_P"],"score":1148,"play_id":"2229e958-2c75-41c8-a932-cd4fa449b189","local_time":"20210131010319","is_ascension_mode":true,"campfire_choices":[{"data":"FlyingSleeves","floor":8,"key":"SMITH"},{"data":"Eruption","floor":13,"key":"SMITH"},{"data":"Vigilance","floor":15,"key":"SMITH"},{"data":"SandsOfTime","floor":23,"key":"SMITH"},{"data":"Defend_P","floor":25,"key":"SMITH"},{"floor":32,"key":"REST"},{"floor":41,"key":"REST"},{"data":"Defend_P","floor":46,"key":"SMITH"},{"floor":49,"key":"REST"}],"circlet_count":0,"master_deck":["Strike_P+1","Defend_P+1","Defend_P+1","Eruption+1","Vigilance+1","PathToVictory+1","FlyingSleeves+1","Evaluate+1","Evaluate+1","ClearTheMind+1","FlurryOfBlows","PathToVictory+1","ForeignInfluence+1","Judgement+1","Prostrate+1","SandsOfTime+1","Evaluate+1","PathToVictory+1","PathToVictory+1","Brilliance","WreathOfFlame+1","Brilliance+1","SashWhip+1","BowlingBash+1","Consecrate+1","Judgement+1","CutThroughFate+1","JustLucky+1","Perseverance+1","Establishment+1","JustLucky+1","Scrawl+1","Evaluate+1","Collect+1"],"relics":["PureWater","Toxic Egg 2","Mercury Hourglass","Ice Cream","Boot","Old Coin","Black Star","Membership Card","InkBottle","Potion Belt","GoldenEye","Frozen Egg 2","Bronze Scales","Juzu Bracelet","Ornamental Fan","Prayer Wheel","SlaversCollar","Strawberry","Whetstone","Bottled Lightning","HornCleat","Question Card","Bag of Marbles","Darkstone Periapt","Red Mask","Turnip","Shovel","Vajra","Ancient Tea Set"],"acts_visited":["Exordium","TheCity","TheBeyond"],"potions_floor_usage":[12,24,24,30,33,33,38,45,50,50],"damage_taken":[{"damage":0,"enemies":"Small Slimes","floor":1,"turns":3},{"damage":0,"enemies":"Jaw Worm","floor":5,"turns":2},{"damage":21,"enemies":"3 Sentries","floor":6,"turns":10},{"damage":0,"enemies":"2 Louse","floor":7,"turns":2},{"damage":0,"enemies":"Looter","floor":10,"turns":3},{"damage":0,"enemies":"Exordium Thugs","floor":11,"turns":2},{"damage":1,"enemies":"Large Slime","floor":12,"turns":4},{"damage":0,"enemies":"Gremlin Gang","floor":14,"turns":3},{"damage":9,"enemies":"Slime Boss","floor":16,"turns":7},{"damage":0,"enemies":"Spheric Guardian","floor":18,"turns":2},{"damage":1,"enemies":"2 Thieves","floor":21,"turns":2},{"damage":4,"enemies":"Centurion and Healer","floor":22,"turns":4},{"damage":5,"enemies":"Book of Stabbing","floor":24,"turns":5},{"damage":0,"enemies":"Shelled Parasite and Fungi","floor":28,"turns":3},{"damage":6,"enemies":"Gremlin Leader","floor":30,"turns":3},{"damage":17,"enemies":"Snake Plant","floor":31,"turns":3},{"damage":29,"enemies":"Champ","floor":33,"turns":8},{"damage":17,"enemies":"3 Darklings","floor":35,"turns":4},{"damage":2,"enemies":"Orb Walker","floor":37,"turns":3},{"damage":28,"enemies":"Maw","floor":38,"turns":6},{"damage":20,"enemies":"Nemesis","floor":40,"turns":4},{"damage":0,"enemies":"Reptomancer","floor":42,"turns":5},{"damage":4,"enemies":"2 Orb Walkers","floor":45,"turns":3},{"damage":0,"enemies":"Mind Bloom Boss Battle","floor":47,"turns":3},{"damage":21,"enemies":"Nemesis","floor":48,"turns":5},{"damage":23,"enemies":"Awakened One","floor":50,"turns":8}],"seed_played":"7312223809217436863","potions_obtained":[{"floor":6,"key":"GamblersBrew"},{"floor":10,"key":"LiquidBronze"},{"floor":11,"key":"Fire Potion"},{"floor":12,"key":"EntropicBrew"},{"floor":24,"key":"Explosive Potion"},{"floor":30,"key":"Strength Potion"},{"floor":31,"key":"Regen Potion"},{"floor":37,"key":"SneckoOil"},{"floor":40,"key":"LiquidMemories"},{"floor":42,"key":"BottledMiracle"},{"floor":45,"key":"ColorlessPotion"},{"floor":47,"key":"BlessingOfTheForge"}],"is_trial":false,"path_per_floor":["M","?","?","?","M","E","M","R","T","M","M","M","R","M","R","B",null,"M","$","?","M","M","R","E","R","T","?","M","?","E","M","R","B",null,"M","?","M","M","$","E","R","E","T","?","?","R","?","E","R","B",null],"character_chosen":"WATCHER","items_purchased":["Toxic Egg 2","Mercury Hourglass","Membership Card","InkBottle","Potion Belt","Strawberry","Whetstone","Perseverance+1"],"campfire_rested":3,"item_purchase_floors":[0,0,19,19,19,39,39,39],"current_hp_per_floor":[65,58,58,63,63,42,42,42,42,42,42,41,41,41,41,32,77,77,77,63,62,58,58,53,53,53,53,53,53,47,30,54,25,82,65,65,63,49,56,36,62,62,62,62,58,58,58,37,63,40],"gold":125,"neow_bonus":"","is_daily":false,"chose_seed":false,"campfire_upgraded":6,"win_rate":0.0,"timestamp":1612051399,"path_taken":["M","?","?","?","M","E","M","R","T","M","?","M","R","M","R","BOSS","M","$","?","M","M","R","E","R","T","?","M","?","E","M","R","BOSS","M","?","M","M","$","E","R","E","T","?","?","R","?","E","R","BOSS"],"items_purchased_type":["Relic","Relic","Relic","Relic","Relic","Relic","Relic","Card"],"build_version":"2020-12-22","purchased_purges":2,"victory":true,"max_hp_per_floor":[72,72,72,77,77,77,77,77,77,77,77,77,77,77,77,77,77,77,77,82,82,82,82,82,82,82,82,82,82,82,82,82,82,82,82,82,82,82,89,89,89,89,89,89,89,89,89,89,89,89],"card_choices":[{"not_picked":["Halt+1","Wallop"],"picked":"PathToVictory+1","floor":1},{"not_picked":["Crescendo+1","FollowUp"],"picked":"FlyingSleeves","floor":5},{"not_picked":["CutThroughFate","Indignation+1"],"picked":"Evaluate+1","floor":6},{"not_picked":["ForeignInfluence+1","SashWhip"],"picked":"Evaluate+1","floor":7},{"not_picked":["FollowUp","LikeWater"],"picked":"ClearTheMind+1","floor":10},{"not_picked":["SignatureMove","Meditate+1"],"picked":"FlurryOfBlows","floor":11},{"not_picked":["WindmillStrike","Evaluate+1"],"picked":"PathToVictory+1","floor":12},{"not_picked":["Omniscience+1","Adaptation"],"picked":"ForeignInfluence+1","floor":14},{"not_picked":["LessonLearned","Omniscience+1"],"picked":"Judgement+1","floor":16},{"not_picked":["FollowUp","Swivel+1"],"picked":"Prostrate+1","floor":18},{"not_picked":["Consecrate","WindmillStrike"],"picked":"SandsOfTime","floor":21},{"not_picked":["Adaptation","EmptyBody+1"],"picked":"Evaluate+1","floor":22},{"not_picked":["FearNoEvil","CrushJoints+1"],"picked":"PathToVictory+1","floor":24},{"not_picked":["Prostrate+1","Evaluate+1"],"picked":"PathToVictory+1","floor":28},{"not_picked":["EmptyFist","FlurryOfBlows"],"picked":"Brilliance","floor":30},{"not_picked":["JustLucky","Protect+1"],"picked":"WreathOfFlame+1","floor":31},{"not_picked":["EmptyFist","FlurryOfBlows","ClearTheMind+1"],"picked":"SKIP","floor":31},{"not_picked":["DeusExMachina+1","MasterReality+1"],"picked":"Brilliance","floor":33},{"not_picked":["WheelKick","Crescendo+1"],"picked":"SashWhip+1","floor":35},{"not_picked":["SashWhip+1","Study+1"],"picked":"BowlingBash+1","floor":35},{"not_picked":["Vengeance+1","SashWhip"],"picked":"Consecrate+1","floor":37},{"not_picked":["CrushJoints","EmptyBody+1"],"picked":"Judgement+1","floor":37},{"not_picked":["Prostrate+1","WaveOfTheHand+1"],"picked":"CutThroughFate+1","floor":38},{"not_picked":["Weave+1","CrushJoints+1"],"picked":"JustLucky+1","floor":38},{"not_picked":["SashWhip","CrushJoints+1"],"picked":"Establishment+1","floor":40},{"not_picked":["FearNoEvil+1","Consecrate"],"picked":"JustLucky+1","floor":42},{"not_picked":["EmptyBody+1","ForeignInfluence+1","Evaluate+1"],"picked":"Scrawl+1","floor":45},{"not_picked":["InnerPeace+1","EmptyMind+1","WreathOfFlame+1"],"picked":"Evaluate+1","floor":47},{"not_picked":["Conclude+1","SashWhip+1","FollowUp"],"picked":"Collect+1","floor":48}],"player_experience":288609,"relics_obtained":[{"floor":6,"key":"Boot"},{"floor":9,"key":"Old Coin"},{"floor":24,"key":"GoldenEye"},{"floor":24,"key":"Frozen Egg 2"},{"floor":26,"key":"Bronze Scales"},{"floor":30,"key":"Ornamental Fan"},{"floor":30,"key":"Prayer Wheel"},{"floor":40,"key":"Bottled Lightning"},{"floor":40,"key":"HornCleat"},{"floor":42,"key":"Question Card"},{"floor":42,"key":"Bag of Marbles"},{"floor":43,"key":"Darkstone Periapt"},{"floor":45,"key":"Turnip"},{"floor":47,"key":"Shovel"},{"floor":48,"key":"Vajra"},{"floor":48,"key":"Ancient Tea Set"}],"event_choices":[{"damage_healed":0,"gold_gain":0,"player_choice":"Success","damage_taken":7,"relics_obtained":["Ice Cream"],"max_hp_gain":0,"max_hp_loss":0,"event_name":"Scrap Ooze","floor":2,"gold_loss":0},{"cards_removed":["Strike_P"],"damage_healed":0,"gold_gain":0,"player_choice":"Card Removal","damage_taken":0,"max_hp_gain":0,"max_hp_loss":0,"event_name":"The Cleric","floor":3,"gold_loss":50},{"damage_healed":0,"gold_gain":0,"player_choice":"Donut","damage_taken":0,"max_hp_gain":5,"max_hp_loss":0,"event_name":"Big Fish","floor":4,"gold_loss":0},{"damage_healed":0,"gold_gain":0,"player_choice":"Shed Blood","damage_taken":19,"max_hp_gain":5,"max_hp_loss":0,"event_name":"Forgotten Altar","floor":20,"gold_loss":0},{"cards_removed":["Strike_P"],"damage_healed":0,"gold_gain":0,"player_choice":"Gave Gold","damage_taken":0,"max_hp_gain":0,"max_hp_loss":0,"event_name":"Beggar","floor":27,"gold_loss":75},{"damage_healed":0,"gold_gain":0,"player_choice":"Obtained Relic","damage_taken":0,"relics_obtained":["Juzu Bracelet"],"max_hp_gain":0,"max_hp_loss":0,"event_name":"Addict","floor":29,"gold_loss":85},{"cards_removed":["Strike_P"],"damage_healed":0,"gold_gain":0,"player_choice":"Removed Attack","damage_taken":0,"max_hp_gain":0,"max_hp_loss":0,"event_name":"Falling","floor":36,"gold_loss":0},{"damage_healed":0,"gold_gain":0,"player_choice":"Paid","damage_taken":0,"relics_obtained":["Red Mask"],"max_hp_gain":0,"max_hp_loss":0,"event_name":"Tomb of Lord Red Mask","floor":44,"gold_loss":249},{"damage_healed":0,"gold_gain":0,"player_choice":"Fight","damage_taken":0,"max_hp_gain":0,"max_hp_loss":0,"event_name":"Mysterious Sphere","floor":45,"gold_loss":0},{"damage_healed":0,"gold_gain":0,"player_choice":"Fight","damage_taken":0,"max_hp_gain":0,"max_hp_loss":0,"event_name":"MindBloom","floor":47,"gold_loss":0}],"is_beta":false,"boss_relics":[{"not_picked":["Busted Crown","Sozu"],"picked":"Black Star"},{"not_picked":["Calling Bell","Astrolabe"],"picked":"SlaversCollar"}],"items_purged_floors":[19,39],"is_endless":false,"potions_floor_spawned":[6,10,11,12,16,18,24,30,31,37,40,42,45,47],"ascension_level":1}}