{"host":"r4aerl4ckfvw1dw3","time":1612082570,"event":{"mods":["BaseMod","BetterRewards","Minty Spire (QoL Compilation)","Quick Restart","StSLib"],"gold_per_floor":[113,133,133,151,151,151,182,182,205,235,248,22,42,61,61,164,164,177,177,190,190,205,219,248,94,118,118,118,128,1,28,28,126,126,137,148,163,182,198,198,217,233,257,272,298,298,310,330,330,330,330,330,54,88,88,88],"floor_reached":55,"language":"ENG","playtime":3645,"items_purged":[],"score":822,"play_id":"ccff4b9e-8aa0-45a2-8944-744484247fec","local_time":"20210131004250","is_ascension_mode":true,"campfire_choices":[{"floor":6.0,"key":"RECALL"},{"floor":8.0,"key":"REST"},{"data":"Inflame","floor":15.0,"key":"SMITH"},{"floor":27.0,"key":"REST"},{"data":"Body Slam","floor":32.0,"key":"SMITH"},{"floor":40.0,"key":"DIG"},{"data":"Reaper","floor":46.0,"key":"SMITH"},{"floor":49.0,"key":"DIG"},{"floor":52.0,"key":"DIG"}],"circlet_count":0,"master_deck":["Strike_R","Strike_R","Strike_R","Strike_R","Strike_R","Defend_R","Defend_R","Defend_R","Defend_R","Bash","Dropkick+1","Shrug It Off","Armaments+1","Cleave+1","Immolate","Inflame+1","Flex","Impervious","Headbutt","Immolate","Bloodletting+1","Infernal Blade","Infernal Blade","Impervious","Ghostly Armor+1","Body Slam+1","Offering","Body Slam+1","Heavy Blade+1","Intimidate+1","Headbutt+1","Anger+1","Shrug It Off+1","Reaper+1","Body Slam+1","Metallicize","Ghostly Armor","Inflame+1"],"relics":["Burning Blood","Omamori","Anchor","Membership Card","Blood Vial","Cursed Key","Shovel","Vajra","Thread and Needle","Regal Pillow","Paper Frog","Bird Faced Urn","Runic Pyramid","Bottled Flame","Bronze Scales","Bottled Lightning","Ornamental Fan","Mercury Hourglass","Pantograph","Lee\u0027s Waffle","Charon\u0027s Ashes"],"acts_visited":["Exordium","TheCity","TheBeyond","TheEnding"],"potions_floor_usage":[54,54,55],"damage_taken":[{"damage":3.0,"enemies":"Jaw Worm","floor":1.0,"turns":4.0},{"damage":2.0,"enemies":"2 Louse","floor":2.0,"turns":3.0},{"damage":1.0,"enemies":"Cultist","floor":4.0,"turns":3.0},{"damage":38.0,"enemies":"Lagavulin","floor":7.0,"turns":9.0},{"damage":14.0,"enemies":"3 Sentries","floor":10.0,"turns":4.0},{"damage":8.0,"enemies":"Lots of Slimes","floor":11.0,"turns":3.0},{"damage":0.0,"enemies":"Exordium Thugs","floor":13.0,"turns":2.0},{"damage":3.0,"enemies":"Large Slime","floor":14.0,"turns":5.0},{"damage":3.0,"enemies":"Slime Boss","floor":16.0,"turns":8.0},{"damage":5.0,"enemies":"3 Byrds","floor":18.0,"turns":3.0},{"damage":0.0,"enemies":"2 Thieves","floor":19.0,"turns":1.0},{"damage":6.0,"enemies":"Snake Plant","floor":20.0,"turns":3.0},{"damage":36.0,"enemies":"Shelled Parasite and Fungi","floor":22.0,"turns":6.0},{"damage":17.0,"enemies":"Centurion and Healer","floor":23.0,"turns":5.0},{"damage":0.0,"enemies":"Gremlin Leader","floor":24.0,"turns":4.0},{"damage":0.0,"enemies":"Snake Plant","floor":29.0,"turns":3.0},{"damage":8.0,"enemies":"Slavers","floor":31.0,"turns":5.0},{"damage":55.0,"enemies":"Automaton","floor":33.0,"turns":12.0},{"damage":0.0,"enemies":"3 Darklings","floor":35.0,"turns":2.0},{"damage":3.0,"enemies":"3 Shapes","floor":36.0,"turns":2.0},{"damage":0.0,"enemies":"3 Darklings","floor":37.0,"turns":4.0},{"damage":34.0,"enemies":"Spire Growth","floor":38.0,"turns":4.0},{"damage":3.0,"enemies":"Jaw Worm Horde","floor":39.0,"turns":2.0},{"damage":1.0,"enemies":"4 Shapes","floor":41.0,"turns":4.0},{"damage":7.0,"enemies":"Transient","floor":42.0,"turns":5.0},{"damage":12.0,"enemies":"Writhing Mass","floor":44.0,"turns":5.0},{"damage":6.0,"enemies":"Nemesis","floor":45.0,"turns":7.0},{"damage":0.0,"enemies":"Sphere and 2 Shapes","floor":47.0,"turns":4.0},{"damage":0.0,"enemies":"4 Shapes","floor":48.0,"turns":2.0},{"damage":75.0,"enemies":"Time Eater","floor":50.0,"turns":9.0},{"damage":13,"enemies":"Shield and Spear","floor":54,"turns":7},{"damage":100,"enemies":"The Heart","floor":55,"turns":8}],"seed_played":"83781404035699694","potions_obtained":[{"floor":2.0,"key":"SmokeBomb"},{"floor":7.0,"key":"Ancient Potion"},{"floor":13.0,"key":"EssenceOfSteel"},{"floor":16.0,"key":"SmokeBomb"},{"floor":18.0,"key":"ColorlessPotion"},{"floor":20.0,"key":"Fire Potion"},{"floor":23.0,"key":"ColorlessPotion"},{"floor":29.0,"key":"ColorlessPotion"},{"floor":31.0,"key":"Strength Potion"},{"floor":35.0,"key":"FearPotion"},{"floor":36.0,"key":"Weak Potion"},{"floor":39.0,"key":"FearPotion"},{"floor":44.0,"key":"PowerPotion"},{"floor":45.0,"key":"HeartOfIron"}],"is_trial":false,"path_per_floor":["M","M","?","M","?","R","E","R","T","E","M","$","M","M","R","B",null,"M","M","M","?","M","M","E","$","T","R","?","M","$","E","R","B",null,"M","M","M","M","M","R","M","M","T","M","E","R","M","M","R","B",null,"R","$","E","B"],"character_chosen":"IRONCLAD","items_purchased":["Membership Card","Blood Vial","Thread and Needle","Paper Frog","Pantograph","Fire Potion","Metallicize","Lee\u0027s Waffle","Ghostly Armor"],"campfire_rested":2,"item_purchase_floors":[12,12,25,30,53,53,53,53,53],"current_hp_per_floor":[80,80,64,69,69,69,37,61,61,53,51,51,59,64,64,69,80,80,80,80,80,50,41,49,49,49,80,80,80,80,78,78,33,80,80,80,80,52,57,57,64,67,67,65,69,69,79,80,80,28,80,80,87,87,0,0],"gold":88,"neow_bonus":"THREE_CARDS","is_daily":false,"chose_seed":false,"campfire_upgraded":3,"win_rate":0.0,"timestamp":1612082570,"path_taken":["M","M","?","M","?","R","E","R","T","E","M","?","M","M","R","BOSS","M","M","M","?","M","M","E","$","T","R","?","M","$","E","R","BOSS","M","M","M","M","?","R","M","M","T","M","E","R","?","M","R","BOSS","R","$","E","BOSS"],"items_purchased_type":["Relic","Relic","Relic","Relic","Relic","Potion","Card","Relic","Card"],"build_version":"2020-12-22","purchased_purges":0,"victory":false,"max_hp_per_floor":[80,80,80,80,80,80,80,80,80,80,80,80,80,80,80,80,80,80,80,80,80,80,80,80,80,80,80,80,80,80,80,80,80,80,80,80,80,80,80,80,80,80,80,80,80,80,80,80,80,80,80,80,87,87,87,87],"card_choices":[{"not_picked":["Entrench","Warcry"],"picked":"Dropkick","floor":0.0},{"not_picked":["Warcry","Pummel"],"picked":"Shrug It Off","floor":1.0},{"not_picked":["Warcry","Twin Strike"],"picked":"Armaments","floor":2.0},{"not_picked":["Armaments","Heavy Blade"],"picked":"Cleave","floor":4.0},{"not_picked":["Power Through","Shrug It Off"],"picked":"Immolate","floor":7.0},{"not_picked":["Iron Wave","Pommel Strike"],"picked":"Inflame","floor":10.0},{"not_picked":["Clothesline","Carnage"],"picked":"Flex","floor":11.0},{"not_picked":["Feel No Pain","Pummel"],"picked":"Impervious","floor":13.0},{"not_picked":["Iron Wave","Clothesline"],"picked":"Headbutt","floor":14.0},{"not_picked":["Brutality","Berserk"],"picked":"Immolate","floor":16.0},{"not_picked":["Sword Boomerang","Dual Wield","Pommel Strike"],"picked":"SKIP","floor":18.0},{"not_picked":["Wild Strike+1","Perfected Strike+1"],"picked":"Bloodletting+1","floor":20.0},{"not_picked":["Body Slam","Dual Wield"],"picked":"Infernal Blade","floor":22.0},{"not_picked":["Sword Boomerang","Sentinel"],"picked":"Infernal Blade","floor":23.0},{"not_picked":["Iron Wave+1","Headbutt+1"],"picked":"Impervious","floor":24.0},{"not_picked":["Sever Soul","Twin Strike"],"picked":"Ghostly Armor+1","floor":29.0},{"not_picked":["Cleave","Second Wind"],"picked":"Body Slam","floor":31.0},{"not_picked":["Feed","Fiend Fire"],"picked":"Offering","floor":33.0},{"not_picked":["Combust+1","Flex"],"picked":"Body Slam+1","floor":35.0},{"not_picked":["Sword Boomerang","Wild Strike+1"],"picked":"Heavy Blade+1","floor":36.0},{"not_picked":["Heavy Blade+1","Flex+1"],"picked":"Intimidate+1","floor":37.0},{"not_picked":["Fire Breathing","Twin Strike"],"picked":"Headbutt+1","floor":38.0},{"not_picked":["Twin Strike+1","Dark Embrace+1","Sword Boomerang+1"],"picked":"SKIP","floor":39.0},{"not_picked":["Twin Strike","Warcry"],"picked":"Anger+1","floor":41.0},{"not_picked":["Clash+1","True Grit","Anger+1"],"picked":"SKIP","floor":42.0},{"not_picked":["Headbutt","Combust"],"picked":"Shrug It Off+1","floor":44.0},{"not_picked":["True Grit","Wild Strike+1"],"picked":"Reaper","floor":45.0},{"not_picked":["Clash","Thunderclap+1"],"picked":"Body Slam+1","floor":47.0},{"not_picked":["Second Wind","Sever Soul+1","Clash"],"picked":"SKIP","floor":48.0},{"not_picked":["Perfected Strike","Heavy Blade"],"picked":"Inflame+1","floor":54}],"player_experience":448469,"relics_obtained":[{"floor":7.0,"key":"Omamori"},{"floor":10.0,"key":"Anchor"},{"floor":24.0,"key":"Vajra"},{"floor":26.0,"key":"Regal Pillow"},{"floor":31.0,"key":"Bird Faced Urn"},{"floor":40.0,"key":"Bottled Flame"},{"floor":43.0,"key":"Bronze Scales"},{"floor":45.0,"key":"Bottled Lightning"},{"floor":49.0,"key":"Ornamental Fan"},{"floor":52.0,"key":"Mercury Hourglass"},{"floor":54,"key":"Charon\u0027s Ashes"}],"event_choices":[{"damage_healed":0.0,"max_hp_gain":0.0,"max_hp_loss":0.0,"gold_gain":0.0,"event_name":"Shining Light","player_choice":"Entered Light","floor":3.0,"gold_loss":0.0,"damage_taken":16.0,"cards_upgraded":["Armaments","Dropkick"]},{"damage_healed":0.0,"max_hp_gain":0.0,"max_hp_loss":0.0,"gold_gain":0.0,"event_name":"Living Wall","player_choice":"Grow","floor":5.0,"gold_loss":0.0,"damage_taken":0.0,"cards_upgraded":["Cleave"]},{"damage_healed":0.0,"max_hp_gain":0.0,"max_hp_loss":0.0,"gold_gain":0.0,"event_name":"The Mausoleum","player_choice":"Opened","floor":21.0,"gold_loss":0.0,"damage_taken":0.0,"relics_obtained":["Shovel"]},{"damage_healed":0.0,"max_hp_gain":0.0,"max_hp_loss":0.0,"gold_gain":0.0,"event_name":"N\u0027loth","player_choice":"Ignored","floor":28.0,"gold_loss":0.0,"damage_taken":0.0}],"is_beta":false,"boss_relics":[{"not_picked":["Calling Bell","SacredBark"],"picked":"Cursed Key"},{"not_picked":["Runic Cube","Velvet Choker"],"picked":"Runic Pyramid"}],"items_purged_floors":[],"is_endless":false,"potions_floor_spawned":[2,7,13,16,18,20,23,29,31,35,36,39,44,45,47],"killed_by":"The Heart","ascension_level":1}}