{"host":"agdto6ifbg57aw9m","time":1612069872,"event":{"mods":["2.2 Compatiblity","Aspiration","BaseMod","BetterRewards","Duelist Mod","Friendly Minions","GifTheSpireLib","Halation","Infinite Spire","Minty Spire (QoL Compilation)","Replay The Spire","Spikes Relics","StSLib","Stuff the Spire","The Spell Scribe"],"gold_per_floor":[140,150,164,179,194,194,220,239,239,239,264,264,310,347,359,478,490,524,566,578,590,627,676,719,731,743,755,787,819,866,906,918,934,934],"floor_reached":33,"language":"ENG","playtime":3268,"items_purged":["theDuelist:Sparks"],"score":845,"play_id":"2d2e27b8-1094-4ee2-9535-94cc8b0bb7f1","local_time":"20210131001112","is_ascension_mode":true,"campfire_choices":[{"data":"1","floor":6,"key":"LIFT"},{"data":"2","floor":10,"key":"LIFT"},{"data":"3","floor":15,"key":"LIFT"},{"data":"theDuelist:AquaSnake","floor":27,"key":"SMITH"},{"data":"theDuelist:WaterHazard","floor":32,"key":"SMITH"}],"circlet_count":0,"master_deck":["theDuelist:SevenColoredFish","theDuelist:SevenColoredFish","theDuelist:AquaSpirit","AscendersBane","theDuelist:CastleWalls","theDuelist:CastleWalls","theDuelist:IslandTurtle","theDuelist:IslandTurtle","theDuelist:RevivalJam","theDuelist:BlizzardThunderbird","theDuelist:MermaidKnight+1","theDuelist:AquaSpirit","theDuelist:MermailAbyssalacia","theDuelist:PreventRat","theDuelist:AquaSnake+1","theDuelist:Umi+1","theDuelist:HydraViper","theDuelist:EnchantingMermaid","theDuelist:FishborgLauncher","theDuelist:ArmoredStarfish","theDuelist:GoldenFlyingFish","theDuelist:CallAtlanteans","theDuelist:AquaactressArowana","theDuelist:BoulderTortoise","theDuelist:BattleOx+1","StuffTheSpire:Deluminance","StuffTheSpire:Deluminance","StuffTheSpire:Deluminance","StuffTheSpire:Deluminance","StuffTheSpire:Deluminance","theDuelist:Wingedtortoise","theDuelist:NimbleAngler","Secret Weapon+1","theDuelist:MorayGreed","theDuelist:NimbleManta","theDuelist:GamecieltheSeaTurtleKaiju","theDuelist:WaterHazard+1"],"relics":["theDuelist:MillenniumPuzzle","theDuelist:CardPoolRelic","theDuelist:CardPoolBasicRelic","theDuelist:BoosterPackPoolRelic","theDuelist:CardPoolAddRelic","theDuelist:CardPoolMinusRelic","theDuelist:CardPoolSaveRelic","theDuelist:CardPoolOptionsRelic","StuffTheSpire:OldFever","theDuelist:DuelistUrn","Girya","theDuelist:SailingToken","Replay:Bandana","Mummified Hand","MawBank","Juzu Bracelet","halation:Prosthetics","StuffTheSpire:BlackoutCurse","Self Forming Clay","SpikesRelics:DaevaFist","halation:WeightlessCrab"],"acts_visited":["Exordium","TheCity"],"potions_floor_usage":[7,13,13,24],"damage_taken":[{"damage":0,"enemies":"Cultist","floor":1,"turns":4},{"damage":0,"enemies":"2 Louse","floor":2,"turns":3},{"damage":13,"enemies":"infinitespire:Voidling","floor":3,"turns":4},{"damage":0,"enemies":"Gremlin Gang","floor":4,"turns":4},{"damage":3,"enemies":"Red Slaver","floor":5,"turns":3},{"damage":4,"enemies":"3 Sentries","floor":7,"turns":7},{"damage":0,"enemies":"Exordium Thugs","floor":8,"turns":4},{"damage":0,"enemies":"Looter","floor":11,"turns":2},{"damage":0,"enemies":"Lagavulin","floor":13,"turns":4},{"damage":0,"enemies":"3 Louse","floor":14,"turns":2},{"damage":0,"enemies":"Hexaghost","floor":16,"turns":7},{"damage":0,"enemies":"Spheric Guardian","floor":18,"turns":4},{"damage":0,"enemies":"2 Thieves","floor":19,"turns":4},{"damage":0,"enemies":"Sentry and Sphere","floor":22,"turns":5},{"damage":0,"enemies":"Book of Stabbing","floor":23,"turns":5},{"damage":12,"enemies":"Shelled Parasite and Fungi","floor":24,"turns":4},{"damage":0,"enemies":"Snecko","floor":28,"turns":4},{"damage":0,"enemies":"Cultist and Chosen","floor":29,"turns":5},{"damage":0,"enemies":"theDuelist:KaibaA2","floor":30,"turns":5},{"damage":6,"enemies":"Centurion and Healer","floor":31,"turns":3},{"damage":35,"enemies":"Collector","floor":33,"turns":3}],"seed_played":"1820010390420552203","potions_obtained":[{"floor":1,"key":"theDuelist:FireBottle"},{"floor":4,"key":"theDuelist:FireBottle"},{"floor":5,"key":"Dexterity Potion"},{"floor":7,"key":"theDuelist:FlamingBottle"},{"floor":22,"key":"FearPotion"},{"floor":23,"key":"Elixir"},{"floor":28,"key":"theDuelist:TokenPotionB"}],"is_trial":false,"path_per_floor":["M","M","M","M","M","R","E","M","T","R","M","T","E","M","R","B",null,"M","M","?","?","M","E","M","?","T","R","M","M","E","M","R","B"],"character_chosen":"THE_DUELIST","items_purchased":["StuffTheSpire:OldFever","theDuelist:BlizzardThunderbird","theDuelist:DuelistUrn","theDuelist:MermaidKnight+1","theDuelist:AquaSpirit"],"campfire_rested":0,"item_purchase_floors":[0,0,0,0,0],"current_hp_per_floor":[72,72,68,68,65,65,67,69,69,69,69,69,71,71,71,75,45,45,45,45,45,45,45,33,33,33,33,33,33,35,31,31,0,0],"gold":934,"neow_bonus":"","is_daily":false,"chose_seed":false,"campfire_upgraded":2,"win_rate":0.0,"timestamp":1612069872,"path_taken":["M","M","M","M","M","R","E","M","T","R","M","?","E","M","R","BOSS","M","M","?","?","M","E","M","?","T","R","M","M","E","M","R","BOSS"],"items_purchased_type":["Relic","Card","Relic","Card","Card"],"build_version":"2020-12-22","purchased_purges":1,"victory":false,"max_hp_per_floor":[80,80,80,80,80,80,80,80,80,80,80,80,80,80,80,80,45,45,45,45,45,45,45,45,45,45,45,45,45,45,45,45,45,45],"card_choices":[{"not_picked":["theDuelist:MorayGreed","theDuelist:FishborgArcher","theDuelist:EvigishkiLevianima","theDuelist:DewlorenTigerKing"],"picked":"theDuelist:MermailAbyssalacia","floor":1},{"not_picked":["theDuelist:BlizzardDefender","theDuelist:GilfordLegend","theDuelist:FeatherPho","theDuelist:ReinforcementsArmy"],"picked":"theDuelist:PreventRat","floor":2},{"not_picked":["theDuelist:MermaidKnight","theDuelist:GishkiShadow","theDuelist:GiantRedSeasnake","theDuelist:AquaactressArowana"],"picked":"theDuelist:AquaSnake","floor":3},{"not_picked":["theDuelist:GishkiZielgigas","theDuelist:EvigishkiMindAugus","theDuelist:FishborgDoctor","theDuelist:EvigishkiSoulOgre"],"picked":"theDuelist:Umi","floor":4},{"not_picked":["theDuelist:SpikedGillman","theDuelist:GishkiReliever","theDuelist:CitadelWhale","theDuelist:FishDepthCharge"],"picked":"theDuelist:HydraViper","floor":5},{"not_picked":["theDuelist:GraydleDragon","theDuelist:BoulderTortoise","theDuelist:ArmoredStarfish","theDuelist:Dorover"],"picked":"theDuelist:EnchantingMermaid","floor":7},{"not_picked":["theDuelist:NightmarePenguin","theDuelist:AquaactressGuppy","theDuelist:AbyssWarrior","theDuelist:Wetlands"],"picked":"theDuelist:FishborgLauncher","floor":8},{"not_picked":["theDuelist:SpearfishSoldier","theDuelist:OhFish","theDuelist:GraydleAlligator","theDuelist:DeepSweeper"],"picked":"theDuelist:ArmoredStarfish","floor":11},{"not_picked":["theDuelist:WaterSpirit","theDuelist:FishborgLauncher","theDuelist:Boneheimer","theDuelist:AbyssSoldier"],"picked":"theDuelist:GoldenFlyingFish","floor":13},{"not_picked":["theDuelist:FishKicks","theDuelist:DiamondDust","theDuelist:FishSwaps","theDuelist:BigWaveSmallWave"],"picked":"theDuelist:CallAtlanteans","floor":14},{"not_picked":["theDuelist:SplashCapture","theDuelist:LostBlueBreaker","theDuelist:FishborgArcher","theDuelist:EvigishkiSoulOgre"],"picked":"theDuelist:AquaactressArowana","floor":16},{"not_picked":["theDuelist:IslandTurtle","theDuelist:CatShark","theDuelist:CallAtlanteans+1","theDuelist:GraydleAlligator"],"picked":"theDuelist:BoulderTortoise","floor":18},{"not_picked":["theDuelist:BarrierStatue","theDuelist:ChrysalisDolphin","theDuelist:ColdFeet+1","theDuelist:Reload"],"picked":"theDuelist:BattleOx+1","floor":19},{"not_picked":["theDuelist:GishkiZielgigas","theDuelist:FishKicks","theDuelist:Slushy","theDuelist:RevivalJam+1"],"picked":"theDuelist:Wingedtortoise","floor":22},{"not_picked":["theDuelist:SharkStickers","theDuelist:LegendaryOcean","theDuelist:CyberShark"],"picked":"theDuelist:NimbleAngler","floor":23},{"not_picked":["Bandage Up","Madness","Mayhem"],"picked":"Secret Weapon+1","floor":24},{"not_picked":["theDuelist:FishKicks","theDuelist:DiamondDust+1","theDuelist:Wetlands","theDuelist:BigWaveSmallWave+1"],"picked":"theDuelist:MorayGreed","floor":28},{"not_picked":["theDuelist:RageDeepSea","theDuelist:AbyssalKingshark","theDuelist:GraydleAlligator","theDuelist:Dorover"],"picked":"theDuelist:NimbleManta","floor":29},{"not_picked":["theDuelist:SplashCapture","theDuelist:Monokeros+1","theDuelist:MermailAbyssalacia","theDuelist:AquaactressArowana"],"picked":"theDuelist:GamecieltheSeaTurtleKaiju","floor":30},{"not_picked":["theDuelist:NimbleAngler+1","theDuelist:LegendaryOcean","theDuelist:CatapultTurtle"],"picked":"theDuelist:WaterHazard","floor":31}],"player_experience":568722,"relics_obtained":[{"floor":7,"key":"Replay:Bandana"},{"floor":9,"key":"Mummified Hand"},{"floor":12,"key":"MawBank"},{"floor":13,"key":"Juzu Bracelet"},{"floor":23,"key":"Self Forming Clay"},{"floor":26,"key":"SpikesRelics:DaevaFist"},{"floor":30,"key":"halation:WeightlessCrab"}],"event_choices":[{"cards_removed":["theDuelist:Sparks"],"damage_healed":0,"gold_gain":0,"player_choice":"Purged","damage_taken":0,"max_hp_gain":0,"max_hp_loss":0,"event_name":"Purifier","floor":21,"gold_loss":0},{"damage_healed":0,"gold_gain":0,"player_choice":"Forge","damage_taken":0,"max_hp_gain":0,"max_hp_loss":0,"event_name":"Accursed Blacksmith","floor":25,"gold_loss":0,"cards_upgraded":["theDuelist:Umi"]}],"is_beta":false,"boss_relics":[{"not_picked":["halation:LoveArrow","Kintsugi"],"picked":"halation:Prosthetics"}],"items_purged_floors":[0],"is_endless":false,"potions_floor_spawned":[1,4,5,7,11,22,23,28,31],"killed_by":"Collector","ascension_level":10}}