{"host":"bi4xrs8tqq9xpuhm","time":1612060532,"event":{"mods":["AchievementEnabler","BaseMod","Colored Map","Colored Powertips","Highlight Path","Minty Spire (QoL Compilation)","Relic Stats"],"gold_per_floor":[99,13,13,13,13,13,13,13,13,13,13,13,13,13,13,13,13,13,13,0,0,0,0,0,0,0,0,0,0,0,0,0,0,0,0,0,0,0,0],"floor_reached":38,"language":"ENG","playtime":2421,"items_purged":[],"score":493,"play_id":"53db7add-083f-406f-9d97-7ba3eb462ed6","local_time":"20210130213532","is_ascension_mode":true,"campfire_choices":[{"data":"Noxious Fumes","floor":6.0,"key":"SMITH"},{"data":"Bouncing Flask","floor":12.0,"key":"SMITH"},{"floor":15.0,"key":"REST"},{"data":"Infinite Blades","floor":23.0,"key":"SMITH"},{"data":"Bouncing Flask","floor":25.0,"key":"SMITH"},{"data":"Poisoned Stab","floor":27.0,"key":"SMITH"},{"data":"Outmaneuver","floor":32.0,"key":"SMITH"}],"circlet_count":0,"master_deck":["Strike_G","Defend_G","Defend_G","Defend_G","Defend_G","Defend_G","Survivor","Neutralize","Noxious Fumes+1","Accuracy","Acrobatics","Bouncing Flask+1","Outmaneuver+1","Bouncing Flask+1","PiercingWail","Poisoned Stab+1","Envenom+1","Distraction+1","Leg Sweep+1","Heel Hook+1","Poisoned Stab+1","Flying Knee","Infinite Blades+1","Blur","Footwork+1","Night Terror","Deadly Poison+1","Crippling Poison+1"],"relics":["Ectoplasm","Snake Skull","Mercury Hourglass","Old Coin","Astrolabe","HornCleat","Nunchaku","Pantograph","Philosopher\u0027s Stone"],"acts_visited":["Exordium","TheCity","TheBeyond"],"potions_floor_usage":[33,33,38,38],"damage_taken":[{"damage":1.0,"enemies":"Jaw Worm","floor":1.0,"turns":5.0},{"damage":1.0,"enemies":"Small Slimes","floor":3.0,"turns":4.0},{"damage":5.0,"enemies":"2 Louse","floor":5.0,"turns":3.0},{"damage":2.0,"enemies":"Gremlin Nob","floor":7.0,"turns":5.0},{"damage":6.0,"enemies":"Lots of Slimes","floor":8.0,"turns":4.0},{"damage":17.0,"enemies":"3 Sentries","floor":10.0,"turns":5.0},{"damage":9.0,"enemies":"Exordium Thugs","floor":14.0,"turns":5.0},{"damage":35.0,"enemies":"Hexaghost","floor":16.0,"turns":6.0},{"damage":0.0,"enemies":"Spheric Guardian","floor":18.0,"turns":2.0},{"damage":24.0,"enemies":"2 Thieves","floor":20.0,"turns":4.0},{"damage":9.0,"enemies":"Snecko","floor":21.0,"turns":3.0},{"damage":2.0,"enemies":"3 Cultists","floor":22.0,"turns":4.0},{"damage":0.0,"enemies":"Centurion and Healer","floor":24.0,"turns":5.0},{"damage":0.0,"enemies":"Slavers","floor":29.0,"turns":4.0},{"damage":37,"enemies":"Collector","floor":33,"turns":7},{"damage":44,"enemies":"3 Darklings","floor":35,"turns":5},{"damage":25,"enemies":"Orb Walker","floor":36,"turns":4},{"damage":5,"enemies":"Spire Growth","floor":38,"turns":3}],"seed_played":"4029009957407409866","potions_obtained":[{"floor":3.0,"key":"PowerPotion"},{"floor":7.0,"key":"Fire Potion"},{"floor":14.0,"key":"Fire Potion"},{"floor":18.0,"key":"DuplicationPotion"},{"floor":22.0,"key":"LiquidMemories"},{"floor":24.0,"key":"EntropicBrew"},{"floor":29.0,"key":"CunningPotion"},{"floor":35,"key":"PowerPotion"},{"floor":36,"key":"Block Potion"}],"is_trial":false,"path_per_floor":["M","$","M","$","M","R","E","M","T","E","?","R","?","M","R","B",null,"M","?","M","M","M","R","M","R","T","R","?","E","$","?","R","B",null,"M","M","?","M"],"character_chosen":"THE_SILENT","items_purchased":["Accuracy","Acrobatics"],"campfire_rested":1,"item_purchase_floors":[2,2],"current_hp_per_floor":[69,69,68,68,63,63,61,55,55,38,38,38,38,29,50,15,70,70,70,46,37,35,35,35,35,35,35,35,35,35,35,35,23,70,26,1,1,0,0],"gold":0,"neow_bonus":"BOSS_RELIC","is_daily":false,"chose_seed":false,"campfire_upgraded":6,"win_rate":0.0,"timestamp":1612060532,"path_taken":["M","$","M","$","M","R","E","M","T","E","?","R","?","M","R","BOSS","M","?","?","M","M","R","M","R","T","R","?","E","?","?","R","BOSS","M","M","?","M"],"items_purchased_type":["Card","Card"],"build_version":"2020-12-22","purchased_purges":0,"victory":false,"max_hp_per_floor":[70,70,70,70,70,70,70,70,70,70,70,70,70,70,70,70,70,70,70,70,70,70,70,70,70,70,70,70,70,70,70,70,70,70,70,70,66,66,66],"relic_stats":{"Nunchaku":[4],"counters":[18,75],"Astrolabe":["Distraction","Leg Sweep","Heel Hook"],"Pantograph":25,"Ectoplasm":768,"Snake Skull":[222],"obtain_stats":[{"Nunchaku":28,"HornCleat":26,"Astrolabe":17,"Pantograph":29,"Philosopher\u0027s Stone":34,"Ectoplasm":0,"Snake Skull":7,"Ring of the Snake":0,"Mercury Hourglass":9,"Old Coin":10},{"Nunchaku":13,"HornCleat":13,"Astrolabe":8,"Pantograph":14,"Philosopher\u0027s Stone":15,"Ectoplasm":0,"Snake Skull":4,"Ring of the Snake":0,"Mercury Hourglass":5,"Old Coin":6},{"Nunchaku":52,"HornCleat":52,"Astrolabe":35,"Pantograph":56,"Philosopher\u0027s Stone":63,"Ectoplasm":0,"Snake Skull":17,"Ring of the Snake":0,"Mercury Hourglass":21,"Old Coin":26}],"Mercury Hourglass":[283]},"card_choices":[{"not_picked":["Poisoned Stab","Flying Knee"],"picked":"Noxious Fumes","floor":1.0},{"not_picked":["Expertise","Dagger Spray"],"picked":"Bouncing Flask","floor":3.0},{"not_picked":["Flying Knee","Acrobatics"],"picked":"Outmaneuver","floor":5.0},{"not_picked":["PiercingWail","Riddle With Holes","Choke"],"picked":"SKIP","floor":7.0},{"not_picked":["Flechettes","Dodge and Roll"],"picked":"Bouncing Flask","floor":8.0},{"not_picked":["Distraction","Eviscerate","Dash"],"picked":"SKIP","floor":10.0},{"not_picked":["Distraction","Deflect"],"picked":"Poisoned Stab","floor":14.0},{"not_picked":["Night Terror","Bullet Time"],"picked":"Envenom","floor":16.0},{"not_picked":["Flying Knee","Sucker Punch"],"picked":"Poisoned Stab+1","floor":18.0},{"not_picked":["Calculated Gamble","Poisoned Stab"],"picked":"Flying Knee","floor":20.0},{"not_picked":["Sucker Punch","Accuracy+1","Prepared"],"picked":"SKIP","floor":21.0},{"not_picked":["Quick Slash","Blade Dance"],"picked":"Infinite Blades","floor":22.0},{"not_picked":["Dagger Spray","Accuracy+1"],"picked":"Blur","floor":24.0},{"not_picked":["Outmaneuver+1","Bouncing Flask"],"picked":"Footwork+1","floor":29.0},{"not_picked":["Malaise","Wraith Form v2"],"picked":"Night Terror","floor":33},{"not_picked":["Acrobatics","Eviscerate+1"],"picked":"Deadly Poison+1","floor":35},{"not_picked":["Quick Slash","Finisher+1"],"picked":"Crippling Poison+1","floor":36}],"player_experience":98940,"relics_obtained":[{"floor":7.0,"key":"Snake Skull"},{"floor":9.0,"key":"Mercury Hourglass"},{"floor":10.0,"key":"Old Coin"},{"floor":26.0,"key":"HornCleat"},{"floor":29.0,"key":"Pantograph"}],"event_choices":[{"damage_healed":0.0,"max_hp_gain":0.0,"max_hp_loss":0.0,"gold_gain":0.0,"event_name":"Golden Idol","player_choice":"Ignored","floor":11.0,"gold_loss":0.0,"damage_taken":0.0},{"damage_healed":0.0,"max_hp_gain":0.0,"max_hp_loss":0.0,"gold_gain":0.0,"cards_transformed":["Strike_G"],"event_name":"Living Wall","player_choice":"Change","floor":13.0,"gold_loss":0.0,"damage_taken":0.0,"cards_obtained":["PiercingWail"]},{"damage_healed":0.0,"max_hp_gain":0.0,"max_hp_loss":0.0,"gold_gain":0.0,"event_name":"Upgrade Shrine","player_choice":"Upgraded","floor":19.0,"gold_loss":0.0,"damage_taken":0.0,"cards_upgraded":["Envenom"]},{"damage_healed":0.0,"max_hp_gain":0.0,"max_hp_loss":0.0,"gold_gain":0.0,"event_name":"The Mausoleum","player_choice":"Opened","floor":28.0,"gold_loss":0.0,"damage_taken":0.0,"relics_obtained":["Nunchaku"]},{"damage_healed":0.0,"max_hp_gain":0.0,"max_hp_loss":0.0,"gold_gain":0.0,"event_name":"Vampires","player_choice":"Ignored","floor":31.0,"gold_loss":0.0,"damage_taken":0.0},{"damage_healed":0,"gold_gain":0,"player_choice":"Max HP","damage_taken":0,"max_hp_gain":0,"max_hp_loss":4,"event_name":"Winding Halls","floor":37,"gold_loss":0}],"is_beta":false,"boss_relics":[{"not_picked":["Busted Crown","Empty Cage"],"picked":"Astrolabe"},{"not_picked":["Fusion Hammer","WristBlade"],"picked":"Philosopher\u0027s Stone"}],"items_purged_floors":[],"is_endless":false,"potions_floor_spawned":[3,7,14,18,22,24,29,35,36],"killed_by":"Spire Growth","ascension_level":3}}