{"host":"pgm1p3lvdjflie30","time":1612104520,"event":{"mods":["ATMod(阿瑾Mod)","AchievementEnabler","Alarm Clock","Aspiration","Bard","BaseMod","Colored Map","Colored Powertips","Conspire","Dark Map","Dota2Spire","Downfall","Energized Spire","GungeonMod","Highlight Path","LagranYue(拉格朗·月)","Mari Mod (Legacy)","Mari\u0027s V1 Patch","Minty Spire (QoL Compilation)","MostiFishMod","Nova Terra(?娃·泰拉)","Quarter Circle Forward PUNCH!","Quick Restart","Reimu（博???）","Relic Stats","Reliquary","Replay The Spire","SOS（斯巴?之子）","Spicy Shops","StSLib","TestMod","The Blackbeard","The Bug Knight","The Cursed","The Dragon Tamer","The Hayseed","The Hierophant","The IronCluck","The Jungle","The Mystic","The Runesmith","The Saiyan","TheHeartMod","TheWitcher","Waifu the Spire","【?物卡牌】REMEMod","篝火指南"],"gold_per_floor":[114,133,133,147,162,195,195,206,206,240,240,88,88,107,107,207,207,223,223,234,247,257,257,284,284,284,304,321,321,321,340,340,441,441,456,456,456,467,30,30,47,47,73,73,86,102,114,131,131,131,131,131,36,70,70],"floor_reached":56,"language":"ZHS","playtime":3608,"items_purged":["Spreading Infection","Clumsy"],"score":1500,"play_id":"fc58d29f-23c5-4414-8eb0-f918e1cb5f92","local_time":"20210131224840","is_ascension_mode":false,"campfire_choices":[{"floor":7,"key":"RECALL"},{"data":"SubcavityFantasy:ReiMu","floor":11,"key":"SMITH"},{"data":"SpiritualOutbreak2:ReiMu","floor":13,"key":"SMITH"},{"data":"Determination:ReiMu","floor":15,"key":"SMITH"},{"data":"KamiRite:ReiMu","floor":23,"key":"SMITH"},{"data":"Free:ReiMu","floor":25,"key":"SMITH"},{"data":"HakureiPhantom:ReiMu","floor":29,"key":"SMITH"},{"data":"InherentArray:ReiMu","floor":40,"key":"SMITH"},{"data":"OrbThrow:ReiMu","floor":42,"key":"SMITH"},{"data":"Enchanting:ReiMu","floor":44,"key":"SMITH"},{"data":"OctopathBindingBorder2:ReiMu","floor":49,"key":"SMITH"},{"data":"ShadowOfCrow2:ReiMu","floor":52,"key":"SMITH"}],"circlet_count":0,"master_deck":["Strike_Lin:ReiMu","Strike_Lin:ReiMu","Strike_Lin:ReiMu","Strike_Lin:ReiMu","NB:ReiMu","Stagnation:ReiMu","blackbeard:InfiniteBarrage+1","AT_FamilyPortrait","EmergencyTakeOff:ReiMu","OrbThrow:ReiMu+1","TightArray:ReiMu","SubcavityFantasy:ReiMu+1","OctopathBindingBorder2:ReiMu+1","SpiritualOutbreak2:ReiMu+1","SpringWay:ReiMu","Determination:ReiMu+1","KamiRite:ReiMu+1","Enchanting:ReiMu+1","MostiFishMod:Listen+1","Bouncing Flask","Sneak Up","EmergencyTakeOff:ReiMu","HakureiPhantom:ReiMu+1","SafetyPray:ReiMu","Free:ReiMu+1","AirStrike:ReiMu+1","CareerPray:ReiMu","InherentArray:ReiMu+1","YinYang:ReiMu","Enchanting:ReiMu+1","ShadowOfCrow2:ReiMu+1","UpKicking:ReiMu","TakeOff:ReiMu+1","Revelation:ReiMu+1","Amulet:ReiMu","ManaGlint:ReiMu","PrepareRite:ReiMu+1","TheCursedMod:Dregs","SubcavityInstant:ReiMu"],"relics":["FlyPower:ReiMu","AT_ATBox","REME_ComplimentaryCards","DaveBox","testmod-TestBox","LagranYue:RandomDrawCardRelic","testmod-Fortitude","PatriotShield","NeowsBlessing","SynthV:TestCard","Replay:Bottled Flurry","DemoMod:PartiallyEatenCheese","AT_RedTearstoneRing","energizedSpire:OgreHead","Dota2Spire:PhaseBoots","reliquary:RosewoodLute","energizedSpire:SpiderWeb","Ring of Panic","ReplayTheSpireMod:Ring of Sloth","Replay:Wax Seal","testmod-Charity","AT_SunfireAegis","Lantern","DemoMod:GlassGuonStoneRelic","testmod-TurbochargingSystem","ReplayTheSpireMod:CursedCoin","Art of War","qcfpunch:White_Boots"],"acts_visited":["Exordium","TheCity","TheBeyond","TheEnding"],"potions_floor_usage":[16,18,24,41,45,48,55],"damage_taken":[{"damage":0,"enemies":"Cultist","floor":1,"turns":2},{"damage":0,"enemies":"Jaw Worm","floor":2,"turns":1},{"damage":0,"enemies":"Small Slimes","floor":4,"turns":2},{"damage":0,"enemies":"Looter","floor":5,"turns":2},{"damage":0,"enemies":"Lagavulin","floor":6,"turns":3},{"damage":0,"enemies":"Exordium Thugs","floor":8,"turns":2},{"damage":0,"enemies":"conspire:MimicChest","floor":10,"turns":3},{"damage":0,"enemies":"Blue Slaver","floor":14,"turns":3},{"damage":0,"enemies":"Fading Forest","floor":16,"turns":8},{"damage":2,"enemies":"2 Thieves","floor":18,"turns":2},{"damage":0,"enemies":"Cultist and Chosen","floor":20,"turns":3},{"damage":0,"enemies":"Centurion and Healer","floor":21,"turns":2},{"damage":0,"enemies":"Snake Plant","floor":22,"turns":2},{"damage":0,"enemies":"conspire:SneckoGhost","floor":24,"turns":1},{"damage":0,"enemies":"conspire:HollyBat","floor":27,"turns":7},{"damage":0,"enemies":"Cultist and Chosen","floor":28,"turns":3},{"damage":0,"enemies":"3 Cultists","floor":31,"turns":3},{"damage":0,"enemies":"Automaton","floor":33,"turns":5},{"damage":0,"enemies":"3 Darklings","floor":35,"turns":2},{"damage":0,"enemies":"Orb Walker","floor":38,"turns":1},{"damage":2,"enemies":"Writhing Mass","floor":41,"turns":3},{"damage":0,"enemies":"Maw","floor":45,"turns":3},{"damage":0,"enemies":"3 Darklings","floor":46,"turns":3},{"damage":5,"enemies":"Transient","floor":47,"turns":5},{"damage":0,"enemies":"Maw","floor":48,"turns":5},{"damage":0,"enemies":"conspire:OrnateMirror","floor":50,"turns":3},{"damage":0,"enemies":"Shield and Spear","floor":54,"turns":2},{"damage":10,"enemies":"The Heart","floor":55,"turns":4}],"seed_played":"-6717748078611623992","potions_obtained":[{"floor":1,"key":"champ:CounterPotion"},{"floor":5,"key":"ZuzhouPotion:ReiMu"},{"floor":10,"key":"Regen Potion"},{"floor":16,"key":"DistilledChaos"},{"floor":20,"key":"Swift Potion"},{"floor":22,"key":"AttackPotion"},{"floor":27,"key":"Elixir"},{"floor":31,"key":"LiquidFlight:ReiMu"},{"floor":33,"key":"SteroidPotion"},{"floor":35,"key":"BottledKami:ReiMu"},{"floor":41,"key":"Dota2Spire:HealingSalve"},{"floor":45,"key":"AttackPotion"}],"is_trial":false,"path_per_floor":["M","M","?","M","M","E","R","M","T","?","R","$","R","M","R","B",null,"M","?","M","M","M","R","E","R","T","M","M","R","?","M","R_BF","B",null,"M","?","?","M","$","R","M","R","T","R","M","M","M","M","R","B",null,"R","$","E","B",null],"character_chosen":"REIMU","items_purchased":["AT_RedTearstoneRing","Replay:Wax Seal","testmod-Charity","AT_SunfireAegis","Lantern","ReplayTheSpireMod:CursedCoin","Art of War"],"campfire_rested":0,"item_purchase_floors":[12,39,39,39,39,53,53],"current_hp_per_floor":[65,65,65,65,65,65,65,65,65,65,65,65,65,65,65,65,65,63,63,63,63,63,63,63,63,63,63,63,63,63,63,65,65,65,65,65,65,65,65,65,64,64,65,65,68,69,65,66,66,66,71,71,72,73,63],"gold":70,"neow_bonus":"THREE_ENEMY_KILL","is_daily":false,"chose_seed":false,"campfire_upgraded":11,"win_rate":0.0,"timestamp":1612104520,"path_taken":["M","?","?","M","M","E","R","M","T","?","R","$","R","M","R","BOSS","M","?","M","M","M","R","E","R","T","?","M","R","?","M","R_BF","BOSS","M","?","?","?","$","R","M","R","T","R","M","M","M","M","R","BOSS","R","$","E","BOSS"],"items_purchased_type":["Relic","Relic","Relic","Relic","Relic","Relic","Relic"],"build_version":"2020-12-22","purchased_purges":2,"victory":true,"max_hp_per_floor":[65,65,65,65,65,65,65,65,65,65,65,65,65,65,65,65,65,65,65,65,65,65,65,65,65,65,65,65,65,65,65,65,65,65,65,65,65,65,65,65,66,66,67,67,68,69,70,71,71,71,71,71,72,73,73],"relic_stats":{"counters":[28,83],"Art of War":[1],"obtain_stats":[{"PatriotShield":0,"Lantern":39,"AT_ATBox":0,"DaveBox":0,"LagranYue:RandomDrawCardRelic":0,"DemoMod:GlassGuonStoneRelic":1,"testmod-Charity":39,"Replay:Bottled Flurry":6,"Ring of Panic":36,"Replay:Wax Seal":39,"AT_RedTearstoneRing":12,"testmod-TestBox":0,"NeowsBlessing":0,"ReplayTheSpireMod:CursedCoin":53,"ReplayTheSpireMod:Ring of Sloth":36,"DemoMod:PartiallyEatenCheese":10,"energizedSpire:OgreHead":17,"testmod-TurbochargingSystem":43,"reliquary:RosewoodLute":26,"energizedSpire:SpiderWeb":34,"qcfpunch:White_Boots":54,"testmod-Fortitude":0,"SynthV:TestCard":1,"Art of War":53,"AT_SunfireAegis":39,"FlyPower:ReiMu":0,"REME_ComplimentaryCards":0,"Dota2Spire:PhaseBoots":24},{"PatriotShield":0,"Lantern":20,"AT_ATBox":0,"DaveBox":0,"LagranYue:RandomDrawCardRelic":0,"DemoMod:GlassGuonStoneRelic":1,"testmod-Charity":20,"Replay:Bottled Flurry":5,"Ring of Panic":19,"Replay:Wax Seal":20,"AT_RedTearstoneRing":7,"testmod-TestBox":0,"NeowsBlessing":0,"ReplayTheSpireMod:CursedCoin":26,"ReplayTheSpireMod:Ring of Sloth":19,"DemoMod:PartiallyEatenCheese":7,"energizedSpire:OgreHead":9,"testmod-TurbochargingSystem":21,"reliquary:RosewoodLute":14,"energizedSpire:SpiderWeb":18,"qcfpunch:White_Boots":27,"testmod-Fortitude":0,"SynthV:TestCard":1,"Art of War":26,"AT_SunfireAegis":20,"FlyPower:ReiMu":0,"REME_ComplimentaryCards":0,"Dota2Spire:PhaseBoots":14},{"PatriotShield":0,"Lantern":56,"AT_ATBox":0,"DaveBox":0,"LagranYue:RandomDrawCardRelic":0,"DemoMod:GlassGuonStoneRelic":2,"testmod-Charity":56,"Replay:Bottled Flurry":10,"Ring of Panic":55,"Replay:Wax Seal":56,"AT_RedTearstoneRing":15,"testmod-TestBox":0,"NeowsBlessing":0,"ReplayTheSpireMod:CursedCoin":77,"ReplayTheSpireMod:Ring of Sloth":55,"DemoMod:PartiallyEatenCheese":15,"energizedSpire:OgreHead":26,"testmod-TurbochargingSystem":59,"reliquary:RosewoodLute":36,"energizedSpire:SpiderWeb":53,"qcfpunch:White_Boots":79,"testmod-Fortitude":0,"SynthV:TestCard":2,"Art of War":77,"AT_SunfireAegis":56,"FlyPower:ReiMu":0,"REME_ComplimentaryCards":0,"Dota2Spire:PhaseBoots":36}]},"card_choices":[{"not_picked":["ManaGlint:ReiMu","PassingAway:ReiMu"],"picked":"EmergencyTakeOff:ReiMu","floor":1},{"not_picked":["NineCharacters:ReiMu","EmergencyTakeOff:ReiMu","Mountainwind:ReiMu","YinYangSange:ReiMu"],"picked":"OrbThrow:ReiMu","floor":2},{"not_picked":["Meditation:ReiMu","FantasyBorder:ReiMu","Intuition:ReiMu","DoubleButterfly:ReiMu"],"picked":"TightArray:ReiMu","floor":4},{"not_picked":["TightArray:ReiMu","WonderfulDomain:ReiMu","SpreadBorder2:ReiMu","LovePray:ReiMu"],"picked":"SubcavityFantasy:ReiMu","floor":5},{"not_picked":["LovePray:ReiMu","BlastKick2:ReiMu","DoubleButterfly:ReiMu","CareerPray:ReiMu"],"picked":"OctopathBindingBorder2:ReiMu","floor":6},{"not_picked":["AirStrike:ReiMu","SpreadBorder2:ReiMu","WonderfulDomain:ReiMu","SpringWay:ReiMu"],"picked":"SpiritualOutbreak2:ReiMu","floor":8},{"not_picked":["CollectionFlower2:ReiMu","PayForSelf:ReiMu","Intuition:ReiMu","Conquer:ReiMu"],"picked":"SpringWay:ReiMu","floor":10},{"not_picked":["AirManeuver:ReiMu","EmergencyTakeOff:ReiMu","AirStrike:ReiMu","SpreadBorder2:ReiMu"],"picked":"Determination:ReiMu","floor":14},{"not_picked":["Determination:ReiMu","RunawayExorcism:ReiMu","BlastKick2:ReiMu","CeremonyResonance:ReiMu"],"picked":"KamiRite:ReiMu","floor":16},{"not_picked":["FantasyMoon:ReiMu+1","ManaGlint:ReiMu+1","RainPray2:ReiMu","Intuition:ReiMu"],"picked":"Enchanting:ReiMu","floor":18},{"not_picked":["Crusade:ReiMu+1","Meditation:ReiMu","SpreadBorder2:ReiMu","SpringWay:ReiMu"],"picked":"EmergencyTakeOff:ReiMu","floor":20},{"not_picked":["SpringWay:ReiMu","SubcavityInstant:ReiMu","Mountainwind:ReiMu","EmergencyTakeOff:ReiMu"],"picked":"HakureiPhantom:ReiMu","floor":21},{"not_picked":["CollectionFlower2:ReiMu+1","Conquer:ReiMu","TightArray:ReiMu","AlertArray:ReiMu"],"picked":"SafetyPray:ReiMu","floor":22},{"not_picked":["Mountainwind:ReiMu","OrbThrow:ReiMu","Intuition:ReiMu","SpringWay:ReiMu+1"],"picked":"Free:ReiMu","floor":24},{"not_picked":["CollectionFlower2:ReiMu","RainPray2:ReiMu","Dreaming2:ReiMu+1","Meditation:ReiMu"],"picked":"AirStrike:ReiMu+1","floor":27},{"not_picked":["TightArray:ReiMu","SafetyPray:ReiMu","RainPray2:ReiMu","AlertArray:ReiMu"],"picked":"CareerPray:ReiMu","floor":28},{"not_picked":["Mountainwind:ReiMu+1","Determination:ReiMu","LovePray:ReiMu","FantasyMoon:ReiMu"],"picked":"InherentArray:ReiMu","floor":31},{"not_picked":["Determination:ReiMu","Shading:ReiMu","CeremonyResonance:ReiMu","PrayRite:ReiMu"],"picked":"YinYang:ReiMu","floor":33},{"not_picked":["Amulet:ReiMu","RainPray2:ReiMu","SpreadBorder2:ReiMu","TightArray:ReiMu+1"],"picked":"Enchanting:ReiMu+1","floor":35},{"not_picked":["WonderfulDomain:ReiMu+1","EmergencyTakeOff:ReiMu+1","YinYangSign:ReiMu","Intuition:ReiMu+1"],"picked":"UpKicking:ReiMu","floor":38},{"not_picked":["AlertArray:ReiMu","PhosphorusFlame:ReiMu+1","CareerPray:ReiMu+1","SpringWay:ReiMu"],"picked":"TakeOff:ReiMu+1","floor":41},{"not_picked":["Amulet:ReiMu+1","ShadowOfCrow2:ReiMu+1","SafetyPray:ReiMu","Enchanting:ReiMu"],"picked":"Revelation:ReiMu+1","floor":45},{"not_picked":["EmergencyTakeOff:ReiMu+1","Meditation:ReiMu+1","SpreadBorder2:ReiMu","UpKicking:ReiMu+1"],"picked":"Amulet:ReiMu","floor":46},{"not_picked":["Conquer:ReiMu+1","CareerPray:ReiMu+1","FantasyBorder:ReiMu","LearningPray:ReiMu"],"picked":"ManaGlint:ReiMu","floor":47},{"not_picked":["SpreadBorder2:ReiMu","Amulet:ReiMu","CollectionFlower2:ReiMu+1","TightArray:ReiMu"],"picked":"PrepareRite:ReiMu+1","floor":48},{"not_picked":["TakeOff:ReiMu","FoulBorder2:ReiMu","Meditation:ReiMu","YinYangSign:ReiMu+1"],"picked":"SubcavityInstant:ReiMu","floor":54}],"player_experience":301211,"relics_obtained":[{"floor":1,"key":"SynthV:TestCard"},{"floor":6,"key":"Replay:Bottled Flurry"},{"floor":10,"key":"DemoMod:PartiallyEatenCheese"},{"floor":24,"key":"Dota2Spire:PhaseBoots"},{"floor":26,"key":"reliquary:RosewoodLute"},{"floor":36,"key":"Ring of Panic"},{"floor":36,"key":"ReplayTheSpireMod:Ring of Sloth"},{"floor":43,"key":"testmod-TurbochargingSystem"},{"floor":54,"key":"qcfpunch:White_Boots"}],"event_choices":[{"damage_healed":0,"gold_gain":0,"player_choice":"Grow","damage_taken":0,"max_hp_gain":0,"max_hp_loss":0,"event_name":"Living Wall","floor":3,"gold_loss":0,"cards_upgraded":["blackbeard:InfiniteBarrage"]},{"cards_removed":["Defend_Lin:ReiMu"],"damage_healed":0,"gold_gain":0,"player_choice":"Elegance","damage_taken":0,"max_hp_gain":0,"max_hp_loss":0,"event_name":"Back to Basics","floor":30,"gold_loss":0},{"damage_healed":0,"gold_gain":0,"player_choice":"2 cards matched","damage_taken":0,"max_hp_gain":0,"max_hp_loss":0,"event_name":"Match and Keep!","floor":37,"gold_loss":0,"cards_obtained":["REME_TheoryOfElimination","ShadowOfCrow2:ReiMu"]}],"is_beta":false,"boss_relics":[{"not_picked":["testmod-EnergyCheck","Runesmith:UraniumAnvil"],"picked":"energizedSpire:OgreHead"},{"not_picked":["aspiration:PoetsPen","DonationBox:ReiMu"],"picked":"energizedSpire:SpiderWeb"}],"items_purged_floors":[39,53],"is_endless":false,"potions_floor_spawned":[1,5,10,16,20,22,27,31,33,35,41,45,46,47],"ascension_level":0}}