{"host":"zsnmfqgcm92hlreo","time":1612080221,"event":{"mods":["AchievementEnabler","BaseMod","Bestiary","Block Reminder","Colored Powertips","Minty Spire (QoL Compilation)","Permanent Neow","Quick Restart","Relic Stats","Weighted Paths"],"gold_per_floor":[119,133,133,149,166,166,183,209,233,258,115,115,132,166,166,268,268,285,285,32,46,46,71,71,81,134,96,96,110,138,138,138,242,242,255,255,255,255,255],"floor_reached":38,"language":"ENG","playtime":1165,"items_purged":["Strike_R","Strike_R"],"score":507,"play_id":"474a0942-9ced-4af9-b5fe-01afebc9d164","local_time":"20210131020341","is_ascension_mode":false,"campfire_choices":[{"data":"Feed","floor":6.0,"key":"SMITH"},{"floor":12.0,"key":"REST"},{"data":"Whirlwind","floor":15.0,"key":"SMITH"},{"data":"Heavy Blade","floor":24.0,"key":"SMITH"},{"data":"Bash","floor":28.0,"key":"SMITH"},{"data":"Heavy Blade","floor":32.0,"key":"SMITH"}],"circlet_count":0,"master_deck":["Strike_R","Strike_R","Defend_R","Defend_R","Defend_R","Defend_R","Bash+1","Feed+1","Whirlwind+1","Inflame","Flame Barrier","Heavy Blade+1","Spot Weakness","Offering","Sword Boomerang+1","Inflame","Heavy Blade+1","Shockwave","Limit Break","Doubt"],"relics":["Burning Blood","Singing Bowl","Tiny Chest","Nunchaku","PreservedInsect","Mark of Pain","Sling","Kunai","Charon\u0027s Ashes","Red Skull","Blood Vial","Cursed Key","Question Card"],"acts_visited":["Exordium","TheCity","TheBeyond"],"potions_floor_usage":[],"damage_taken":[{"damage":8.0,"enemies":"Jaw Worm","floor":1.0,"turns":4.0},{"damage":9.0,"enemies":"Cultist","floor":2.0,"turns":4.0},{"damage":6.0,"enemies":"2 Louse","floor":4.0,"turns":2.0},{"damage":12.0,"enemies":"Exordium Wildlife","floor":5.0,"turns":4.0},{"damage":11.0,"enemies":"2 Fungi Beasts","floor":7.0,"turns":5.0},{"damage":20.0,"enemies":"Gremlin Nob","floor":8.0,"turns":4.0},{"damage":26.0,"enemies":"Lagavulin","floor":10.0,"turns":5.0},{"damage":10.0,"enemies":"3 Louse","floor":13.0,"turns":4.0},{"damage":9.0,"enemies":"3 Sentries","floor":14.0,"turns":2.0},{"damage":27.0,"enemies":"Slime Boss","floor":16.0,"turns":4.0},{"damage":1.0,"enemies":"3 Byrds","floor":18.0,"turns":3.0},{"damage":42.0,"enemies":"Shell Parasite","floor":21.0,"turns":5.0},{"damage":10.0,"enemies":"Gremlin Leader","floor":23.0,"turns":2.0},{"damage":6.0,"enemies":"Cultist and Chosen","floor":25.0,"turns":4.0},{"damage":16.0,"enemies":"Centurion and Healer","floor":29.0,"turns":9.0},{"damage":20.0,"enemies":"Slavers","floor":30.0,"turns":4.0},{"damage":19,"enemies":"Champ","floor":33,"turns":5},{"damage":12,"enemies":"3 Shapes","floor":35,"turns":7},{"damage":0,"enemies":"2 Orb Walkers","floor":38,"turns":1}],"seed_played":"2790058016870176909","potions_obtained":[{"floor":1.0,"key":"ElixirPotion"},{"floor":2.0,"key":"ColorlessPotion"},{"floor":8.0,"key":"FearPotion"},{"floor":10.0,"key":"LiquidMemories"},{"floor":14.0,"key":"Explosive Potion"},{"floor":29.0,"key":"SkillPotion"},{"floor":33,"key":"ElixirPotion"}],"is_trial":false,"path_per_floor":["M","M","?","M","M","R","M","E","T","E","$","R","M","E","R","B",null,"M","?","$","M","T","E","R","M","T","$","R","M","E","?","R","B",null,"M","T","?","?"],"character_chosen":"IRONCLAD","items_purchased":["Inflame","Sling","Inflame"],"campfire_rested":1,"item_purchase_floors":[11,20,27],"current_hp_per_floor":[57,57,57,60,57,57,56,42,42,28,28,58,60,59,59,38,110,116,116,116,86,86,84,84,88,88,88,88,82,72,72,72,65,140,140,140,140,142,142],"gold":255,"neow_bonus":"THREE_RARE_CARDS","is_daily":false,"chose_seed":false,"campfire_upgraded":5,"win_rate":0.0,"timestamp":1612080221,"path_taken":["M","M","?","M","M","R","M","E","T","E","?","R","?","E","R","BOSS","M","?","$","M","?","E","R","?","T","?","R","M","E","?","R","BOSS","M","?","?","?"],"items_purchased_type":["Card","Relic","Card"],"build_version":"2020-12-22","purchased_purges":2,"victory":false,"max_hp_per_floor":[83,86,86,89,92,92,96,96,96,102,102,102,108,110,110,110,110,116,116,116,122,122,124,124,128,128,128,128,132,136,136,136,140,140,146,146,146,146,146],"relic_stats":{"Blood Vial":4,"Nunchaku":[5],"Singing Bowl":14,"counters":[19,78],"Tiny Chest":2,"PreservedInsect":89,"Charon\u0027s Ashes":[46],"Kunai":[2],"Cursed Key":1,"Question Card":0,"obtain_stats":[{"Singing Bowl":8,"PreservedInsect":14,"Charon\u0027s Ashes":23,"Sling":20,"Cursed Key":34,"Question Card":36,"Burning Blood":0,"Blood Vial":30,"Nunchaku":10,"Tiny Chest":9,"Mark of Pain":17,"Kunai":22,"Red Skull":26},{"Singing Bowl":6,"PreservedInsect":9,"Charon\u0027s Ashes":13,"Sling":11,"Cursed Key":17,"Question Card":18,"Burning Blood":0,"Blood Vial":16,"Nunchaku":7,"Tiny Chest":6,"Mark of Pain":10,"Kunai":12,"Red Skull":14},{"Singing Bowl":23,"PreservedInsect":34,"Charon\u0027s Ashes":48,"Sling":41,"Cursed Key":70,"Question Card":77,"Burning Blood":0,"Blood Vial":65,"Nunchaku":28,"Tiny Chest":23,"Mark of Pain":38,"Kunai":46,"Red Skull":52}],"Burning Blood":103},"card_choices":[{"not_picked":["Brutality","Bludgeon"],"picked":"Feed","floor":0.0},{"not_picked":["Reckless Charge","True Grit"],"picked":"Whirlwind","floor":1.0},{"not_picked":["True Grit","Dropkick"],"picked":"Inflame","floor":2.0},{"not_picked":["Anger","Flex","Reckless Charge"],"picked":"SKIP","floor":4.0},{"not_picked":["Second Wind","Battle Trance"],"picked":"Flame Barrier","floor":5.0},{"not_picked":["Headbutt","Thunderclap"],"picked":"Heavy Blade","floor":7.0},{"not_picked":["Twin Strike","Headbutt"],"picked":"Spot Weakness","floor":8.0},{"not_picked":["Juggernaut","Evolve","Battle Trance"],"picked":"Singing Bowl","floor":10.0},{"not_picked":["Havoc","Flex","Sever Soul"],"picked":"Singing Bowl","floor":13.0},{"not_picked":["Warcry","Iron Wave","Burning Pact"],"picked":"Singing Bowl","floor":14.0},{"not_picked":["Impervious","Double Tap"],"picked":"Offering","floor":16.0},{"not_picked":["Armaments","Body Slam+1","Twin Strike"],"picked":"Singing Bowl","floor":18.0},{"not_picked":["Headbutt+1","Sentinel","Twin Strike"],"picked":"Singing Bowl","floor":21.0},{"not_picked":["Combust","Iron Wave+1","Body Slam"],"picked":"Singing Bowl","floor":23.0},{"not_picked":["Body Slam","Dual Wield+1"],"picked":"Sword Boomerang+1","floor":25.0},{"not_picked":["Perfected Strike","Thunderclap"],"picked":"Heavy Blade","floor":29.0},{"not_picked":["Blood for Blood+1","Carnage+1"],"picked":"Shockwave","floor":30.0},{"not_picked":["Corruption","Fiend Fire"],"picked":"Limit Break","floor":33},{"not_picked":["Shrug It Off","Wild Strike+1","Fire Breathing+1"],"picked":"Singing Bowl","floor":35}],"player_experience":974549,"relics_obtained":[{"floor":8.0,"key":"Singing Bowl"},{"floor":9.0,"key":"Tiny Chest"},{"floor":10.0,"key":"Nunchaku"},{"floor":14.0,"key":"PreservedInsect"},{"floor":22.0,"key":"Kunai"},{"floor":23.0,"key":"Charon\u0027s Ashes"},{"floor":26.0,"key":"Red Skull"},{"floor":30.0,"key":"Blood Vial"},{"floor":36,"key":"Question Card"}],"event_choices":[{"damage_healed":0.0,"max_hp_gain":0.0,"max_hp_loss":0.0,"gold_gain":0.0,"event_name":"NoteForYourself","player_choice":"Ignored","floor":3.0,"gold_loss":0.0,"damage_taken":0.0},{"cards_removed":["Strike_R"],"damage_healed":0.0,"max_hp_gain":0.0,"max_hp_loss":0.0,"gold_gain":0.0,"event_name":"Wheel of Change","player_choice":"Card Removal","floor":19.0,"gold_loss":0.0,"damage_taken":0.0},{"damage_healed":0.0,"max_hp_gain":0.0,"max_hp_loss":0.0,"gold_gain":0.0,"event_name":"Cursed Tome","player_choice":"Ignored","floor":31.0,"gold_loss":0.0,"damage_taken":0.0},{"cards_removed":["Inflame"],"damage_healed":0,"gold_gain":0,"player_choice":"Removed Power","damage_taken":0,"max_hp_gain":0,"max_hp_loss":0,"event_name":"Falling","floor":37,"gold_loss":0},{"damage_healed":0,"gold_gain":0,"player_choice":"Fight","damage_taken":0,"max_hp_gain":0,"max_hp_loss":0,"event_name":"Mysterious Sphere","floor":38,"gold_loss":0}],"is_beta":false,"boss_relics":[{"not_picked":["Runic Pyramid","Busted Crown"],"picked":"Mark of Pain"},{"not_picked":["Philosopher\u0027s Stone","Fusion Hammer"],"picked":"Cursed Key"}],"items_purged_floors":[11,20],"is_endless":false,"potions_floor_spawned":[1,2,8,10,13,14,29,33,35],"killed_by":"2 Orb Walkers","ascension_level":0}}