{"host":"7wagoesq7cf4lu47","time":1612069731,"event":{"mods":["Act Like it!","BaseMod","Minty Spire (QoL Compilation)","StSLib","The Dragon Tamer"],"gold_per_floor":[111,130,130,52,71,96,271,271,345,358,391,37,55,55,55,55,55,55],"floor_reached":16,"language":"ZHS","playtime":879,"items_purged":["Doubt"],"score":160,"play_id":"bad2a3d5-1513-43fd-9e7d-b2a7599e4b28","local_time":"20210131130851","is_ascension_mode":false,"metric_token":343,"campfire_choices":[{"floor":8,"key":"REST"},{"floor":15,"key":"REST"}],"dtmod_dragon_data":[0,50,-1,-1,0,0],"circlet_count":0,"master_deck":["DTMod:Strike","DTMod:Strike","DTMod:Strike","DTMod:Strike","DTMod:DoubleHit","DTMod:TargetDefense","DTMod:TargetDefense","DTMod:TargetDefense","DTMod:TargetDefense","DTMod:SwitchingTactic","DTMod:DarkBreath","DTMod:BalancedStrike","DTMod:Safeguard","DTMod:Training"],"relics":["DTMod:PactStone","NeowsBlessing","Regal Pillow","DTMod:DragonFood","Smiling Mask","Orichalcum","Sling","Vajra"],"acts_visited":["Exordium"],"potions_floor_usage":[11],"damage_taken":[{"damage":0,"enemies":"Cultist","floor":1,"turns":1},{"damage":0,"enemies":"2 Louse","floor":2,"turns":1},{"damage":0,"enemies":"Jaw Worm","floor":5,"turns":1},{"damage":0,"enemies":"Lagavulin","floor":6,"turns":7},{"damage":0,"enemies":"Exordium Wildlife","floor":10,"turns":3},{"damage":0,"enemies":"Gremlin Nob","floor":11,"turns":4},{"damage":0,"enemies":"Looter","floor":13,"turns":3},{"damage":45,"enemies":"Hexaghost","floor":16,"turns":14}],"seed_played":"-1664934666358285083","potions_obtained":[{"floor":1,"key":"DuplicationPotion"},{"floor":2,"key":"SteroidPotion"},{"floor":5,"key":"GamblersBrew"}],"is_trial":false,"path_per_floor":["M","M","?","$","M","E","?","R","T","M","E","$","M","T","R","B"],"character_chosen":"THE_DT","items_purchased":["DTMod:DarkBreath","Orichalcum","Sling"],"campfire_rested":2,"item_purchase_floors":[4,12,12],"current_hp_per_floor":[45,45,45,45,45,45,45,45,45,45,45,45,45,45,45,0,0,0],"gold":55,"neow_bonus":"THREE_ENEMY_KILL","is_daily":false,"chose_seed":false,"campfire_upgraded":0,"win_rate":0.0,"timestamp":1612069731,"path_taken":["M","?","?","$","?","E","?","R","T","M","E","$","M","?","R","BOSS"],"items_purchased_type":["Card","Relic","Relic"],"build_version":"2020-12-22","purchased_purges":1,"victory":false,"max_hp_per_floor":[45,45,45,45,45,45,45,45,45,45,45,45,45,45,45,45,45,45],"card_choices":[{"not_picked":["DTMod:CalculatedDefense","DTMod:Punisher","DTMod:ComboAttack"],"picked":"SKIP","floor":1},{"not_picked":["DTMod:FlameSlash","DTMod:MagicField","DTMod:Feint"],"picked":"SKIP","floor":2},{"not_picked":["DTMod:BurningEnergy","DTMod:LowKick"],"picked":"DTMod:BalancedStrike","floor":5},{"not_picked":["DTMod:ComboAttack","DTMod:MasterPlan"],"picked":"DTMod:Safeguard","floor":6},{"not_picked":["DTMod:BurningEnergy","DTMod:MasterPlan"],"picked":"DTMod:Training","floor":10},{"not_picked":["DTMod:CleansingStrike","DTMod:HeatWave","DTMod:BurningEnergy"],"picked":"SKIP","floor":11},{"not_picked":["DTMod:Threaten","DTMod:FierySynthesis","DTMod:WarmUp"],"picked":"SKIP","floor":13}],"player_experience":167096,"relics_obtained":[{"floor":6,"key":"Regal Pillow"},{"floor":9,"key":"DTMod:DragonFood"},{"floor":11,"key":"Smiling Mask"},{"floor":14,"key":"Vajra"}],"event_choices":[{"damage_healed":0,"gold_gain":0,"player_choice":"Full Heal","damage_taken":0,"max_hp_gain":0,"max_hp_loss":0,"event_name":"Wheel of Change","floor":3,"gold_loss":0},{"damage_healed":0,"gold_gain":175,"player_choice":"AGREE","damage_taken":0,"max_hp_gain":0,"max_hp_loss":0,"event_name":"Liars Game","floor":7,"gold_loss":0,"cards_obtained":["Doubt"]}],"is_beta":false,"boss_relics":[],"items_purged_floors":[12],"is_endless":false,"potions_floor_spawned":[1,2,5],"killed_by":"Hexaghost","ascension_level":0}}