{"host":"2qyxu97h6u4ukicb","time":1612053225,"event":{"mods":["AchievementEnabler","BaseMod","BetterRewards","Colored Map","Colored Powertips","Minty Spire (QoL Compilation)","Replay The Spire","Shop Mod","StSLib"],"gold_per_floor":[118,136,146,146,146,146,165,165,189,204,219,244,244,259,259,364,364,378,428,262,272,322,322],"floor_reached":22,"language":"ENG","playtime":1435,"items_purged":[],"score":188,"play_id":"45556feb-8c49-4be5-b1d9-c5498122237c","local_time":"20210130183345","is_ascension_mode":false,"campfire_choices":[{"data":"PathToVictory","floor":6,"key":"SMITH"},{"data":"Eruption","floor":8,"key":"SMITH"},{"floor":15,"key":"REST"}],"circlet_count":0,"master_deck":["Strike_P","Strike_P","Strike_P","Strike_P","Defend_P","Defend_P","Defend_P","Defend_P","Eruption+1","Vigilance","PathToVictory+1","ReachHeaven","BattleHymn","CarveReality","Devotion","BowlingBash","DevaForm","CurseOfTheBell","Wireheading","CutThroughFate"],"relics":["PureWater","NeowsBlessing","Happy Flower","Damaru","Juzu Bracelet","SsserpentHead","Calling Bell","Dream Catcher","Omamori","MerchantsRug"],"acts_visited":["Exordium","TheCity"],"potions_floor_usage":[7,18],"damage_taken":[{"damage":0,"enemies":"Cultist","floor":1,"turns":1},{"damage":0,"enemies":"2 Louse","floor":2,"turns":1},{"damage":0,"enemies":"Small Slimes","floor":3,"turns":1},{"damage":20,"enemies":"Gremlin Gang","floor":7,"turns":5},{"damage":0,"enemies":"Exordium Wildlife","floor":10,"turns":3},{"damage":6,"enemies":"Blue Slaver","floor":11,"turns":3},{"damage":27,"enemies":"3 Sentries","floor":12,"turns":7},{"damage":0,"enemies":"Large Slime","floor":14,"turns":3},{"damage":32,"enemies":"The Guardian","floor":16,"turns":7},{"damage":35,"enemies":"3 Byrds","floor":18,"turns":4},{"damage":34,"enemies":"Chosen","floor":21,"turns":6},{"damage":10,"enemies":"Masked Bandits","floor":22,"turns":1}],"seed_played":"-3719867074732075411","potions_obtained":[{"floor":2,"key":"Languid Potion"},{"floor":3,"key":"FearPotion"},{"floor":16,"key":"FearPotion"}],"is_trial":false,"path_per_floor":["M","M","M","?","?","R","M","R","T","M","M","E","?","M","R","B",null,"M","?","$","M","?"],"character_chosen":"WATCHER","items_purchased":["Omamori","MerchantsRug"],"campfire_rested":1,"item_purchase_floors":[20,20],"current_hp_per_floor":[72,72,72,72,72,72,52,52,52,52,46,19,19,19,40,8,72,37,37,37,3,0,0],"gold":322,"neow_bonus":"THREE_ENEMY_KILL","is_daily":false,"chose_seed":false,"campfire_upgraded":2,"win_rate":0.0,"timestamp":1612053225,"path_taken":["M","M","?","?","?","R","?","R","T","M","M","E","?","M","R","BOSS","M","?","$","M","?"],"items_purchased_type":["Relic","Relic"],"build_version":"2020-12-22","purchased_purges":0,"victory":false,"max_hp_per_floor":[72,72,72,72,72,72,72,72,72,72,72,72,72,72,72,72,72,72,72,72,72,72,72],"card_choices":[{"not_picked":["Replay:BluntJabs","Prostrate"],"picked":"PathToVictory","floor":1},{"not_picked":["Meditate","JustLucky","ThirdEye"],"picked":"SKIP","floor":2},{"not_picked":["WaveOfTheHand","Adaptation","EmptyBody"],"picked":"SKIP","floor":3},{"not_picked":["Replay:ManipulateFuture","LikeWater"],"picked":"ReachHeaven","floor":7},{"not_picked":["Scrawl","SignatureMove"],"picked":"BattleHymn","floor":10},{"not_picked":["ThirdEye","EmptyFist"],"picked":"CarveReality","floor":11},{"not_picked":["EmptyFist","FollowUp"],"picked":"Devotion","floor":12},{"not_picked":["JustLucky","FlurryOfBlows"],"picked":"BowlingBash","floor":14},{"not_picked":["Replay:AllIn","LessonLearned"],"picked":"DevaForm","floor":16},{"not_picked":["Crescendo+1","Protect"],"picked":"Wireheading","floor":18},{"not_picked":["Vengeance","FlyingSleeves"],"picked":"CutThroughFate","floor":21}],"player_experience":761011,"relics_obtained":[{"floor":9,"key":"Damaru"},{"floor":12,"key":"Juzu Bracelet"},{"floor":17,"key":"Dream Catcher"},{"floor":17,"key":"Mirror"},{"floor":17,"key":"Gambling Chip"}],"event_choices":[{"damage_healed":0,"gold_gain":0,"player_choice":"Ignored","damage_taken":0,"max_hp_gain":0,"max_hp_loss":0,"event_name":"Golden Wing","floor":4,"gold_loss":0},{"damage_healed":0,"gold_gain":0,"player_choice":"Gave Potion","damage_taken":0,"relics_obtained":["Happy Flower"],"max_hp_gain":0,"max_hp_loss":0,"event_name":"WeMeetAgain","floor":5,"gold_loss":0},{"damage_healed":0,"gold_gain":0,"player_choice":"Trade","damage_taken":0,"relics_obtained":["SsserpentHead"],"max_hp_gain":0,"max_hp_loss":0,"event_name":"FaceTrader","floor":13,"gold_loss":0},{"damage_healed":0,"gold_gain":0,"player_choice":"Ignored","damage_taken":0,"max_hp_gain":0,"max_hp_loss":0,"event_name":"Beggar","floor":19,"gold_loss":0},{"damage_healed":0,"gold_gain":0,"player_choice":"Fought Bandits","damage_taken":0,"max_hp_gain":0,"max_hp_loss":0,"event_name":"Masked Bandits","floor":22,"gold_loss":0}],"is_beta":false,"boss_relics":[{"not_picked":["Busted Crown","SlaversCollar"],"picked":"Calling Bell"}],"items_purged_floors":[],"is_endless":false,"potions_floor_spawned":[2,3,14,16],"killed_by":"Masked Bandits","ascension_level":0}}