{"host":"5kirneupyg4uzd3w","time":1612090376,"event":{"mods":["BaseMod","Colored Map","Custom Start","Minty Spire (QoL Compilation)","StSLib","SuperFastMode"],"gold_per_floor":[113,188,202,202,202,232,169,181,193,232,244,256,268,298,310,322,322],"floor_reached":16,"language":"KOR","playtime":231,"items_purged":[],"score":196,"play_id":"a2768800-ac99-4224-955e-cf29cd0ff360","local_time":"20210131195256","is_ascension_mode":true,"campfire_choices":[{"data":"Wild Strike","floor":8,"key":"SMITH"},{"floor":13,"key":"REST"},{"data":"Pommel Strike","floor":15,"key":"SMITH"}],"circlet_count":0,"master_deck":["AscendersBane","Strike_R","Strike_R","Strike_R","Strike_R","Defend_R","Defend_R","Defend_R","Defend_R","Bash","Cleave","Wild Strike+1","Pommel Strike+1","Shockwave"],"relics":["Burning Blood","NeowsBlessing","Nunchaku","MawBank","Incense Burner","Matryoshka"],"acts_visited":["Exordium"],"potions_floor_usage":[],"damage_taken":[{"damage":0,"enemies":"Small Slimes","floor":1,"turns":1},{"damage":0,"enemies":"Jaw Worm","floor":3,"turns":1},{"damage":0,"enemies":"2 Louse","floor":6,"turns":1},{"damage":40,"enemies":"3 Sentries","floor":10,"turns":8},{"damage":7,"enemies":"Exordium Thugs","floor":14,"turns":5},{"damage":42,"enemies":"Slime Boss","floor":16,"turns":7}],"seed_played":"-4143943874562137278","potions_obtained":[{"floor":1,"key":"Energy Potion"}],"is_trial":false,"path_per_floor":["M","?","M","?","?","M","?","R","T","E","$","$","R","M","R","B"],"character_chosen":"IRONCLAD","items_purchased":[],"campfire_rested":1,"item_purchase_floors":[],"current_hp_per_floor":[74,63,69,43,43,49,49,49,49,15,15,15,37,36,36,0,0],"gold":322,"neow_bonus":"THREE_ENEMY_KILL","is_daily":false,"chose_seed":false,"campfire_upgraded":2,"win_rate":0.0,"timestamp":1612090376,"path_taken":["M","?","M","?","?","?","?","R","T","E","?","$","R","M","R","BOSS"],"items_purchased_type":[],"build_version":"2020-12-22","purchased_purges":0,"victory":false,"max_hp_per_floor":[75,75,75,75,75,75,75,75,75,75,75,75,75,75,75,75,75],"card_choices":[{"not_picked":["Rupture","True Grit"],"picked":"Cleave","floor":1},{"not_picked":["Armaments","Seeing Red"],"picked":"Wild Strike","floor":3},{"not_picked":["Thunderclap","Heavy Blade","Sentinel"],"picked":"SKIP","floor":6},{"not_picked":["Seeing Red","Iron Wave"],"picked":"Pommel Strike","floor":10},{"not_picked":["Iron Wave","Havoc"],"picked":"Shockwave","floor":14}],"player_experience":292484,"relics_obtained":[{"floor":9,"key":"Incense Burner"},{"floor":10,"key":"Matryoshka"}],"event_choices":[{"damage_healed":0,"gold_gain":75,"player_choice":"Gather Gold","damage_taken":11,"max_hp_gain":0,"max_hp_loss":0,"event_name":"World of Goop","floor":2,"gold_loss":0},{"damage_healed":0,"gold_gain":0,"player_choice":"Success","damage_taken":26,"relics_obtained":["Nunchaku"],"max_hp_gain":0,"max_hp_loss":0,"event_name":"Scrap Ooze","floor":4,"gold_loss":0},{"damage_healed":0,"gold_gain":0,"player_choice":"Gave Potion","damage_taken":0,"relics_obtained":["MawBank"],"max_hp_gain":0,"max_hp_loss":0,"event_name":"WeMeetAgain","floor":5,"gold_loss":0},{"cards_removed":["Strike_R"],"damage_healed":0,"gold_gain":0,"player_choice":"Card Removal","damage_taken":0,"max_hp_gain":0,"max_hp_loss":0,"event_name":"The Cleric","floor":7,"gold_loss":75}],"is_beta":false,"boss_relics":[],"items_purged_floors":[],"is_endless":false,"potions_floor_spawned":[1],"killed_by":"Slime Boss","ascension_level":20}}