{"host":"2js2pxuugveqjuf7","time":1612065466,"event":{"mods":["BaseMod","Colored Map","Minty Spire (QoL Compilation)","Quick Restart","Random Character Button","Relic Stats","StSLib"],"gold_per_floor":[111,129,129,143,143,143,181,181,249,265,301,301,301,341,341,471,471,515,85,130,175,218,274,323,383,383,429,489,489,529,548,548,696,696,739,782,825,865,588,657,697,753,753,797,847,250,290,340,340,340,340,340,45,89,89],"floor_reached":56,"language":"ENG","playtime":8808,"items_purged":["Strike_P","Strike_P","Strike_P+1"],"score":1763,"play_id":"e081387e-f9af-418a-988b-6c1385b2e47c","local_time":"20210130215746","is_ascension_mode":true,"campfire_choices":[{"floor":6.0,"key":"REST"},{"data":"Wallop","floor":12.0,"key":"SMITH"},{"data":"Sanctity","floor":15.0,"key":"SMITH"},{"data":"Glass Knife","floor":32.0,"key":"SMITH"},{"floor":49,"key":"RECALL"},{"floor":52,"key":"REST"}],"circlet_count":0,"master_deck":["Defend_P+1","Eruption","Vigilance","ClearTheMind+1","InnerPeace","Sanctity+1","BowlingBash","Wallop+1","Sanctity+1","Protect","Wish","FollowUp+1","Scrawl+1","ThirdEye+1","LikeWater","Streamline+1","Footwork","Bludgeon","Calculated Gamble","Glass Knife+1","Heavy Blade+1","DeusExMachina","Shrug It Off+1","Venomology","Acrobatics","WaveOfTheHand+1","LikeWater","Sword Boomerang","Shrug It Off+1","Magnetism","Wallop","Panacea+1","TalkToTheHand","Wireheading","Crescendo","CutThroughFate+1","LikeWater","Flame Barrier"],"relics":["Snecko Eye","Golden Idol","Smiling Mask","Question Card","Pocketwatch","Mummified Hand","Astrolabe","PrismaticShard","Potion Belt","Art of War","Blood Vial","Mango","Fusion Hammer","Medical Kit","Shuriken","War Paint","Regal Pillow","InkBottle","Bag of Preparation","Pear","Kunai","Damaru"],"acts_visited":["Exordium","TheCity","TheBeyond","TheEnding"],"potions_floor_usage":[36,37,38,40,40,40,41,44,45,48,48,50,50,54,55,55,55,55,55,55,55,55,55,55,55,55,55,55,55,55,55],"damage_taken":[{"damage":13.0,"enemies":"Small Slimes","floor":1.0,"turns":4.0},{"damage":0.0,"enemies":"2 Louse","floor":2.0,"turns":3.0},{"damage":0.0,"enemies":"Jaw Worm","floor":4.0,"turns":1.0},{"damage":15.0,"enemies":"3 Sentries","floor":7.0,"turns":7.0},{"damage":0.0,"enemies":"3 Louse","floor":10.0,"turns":2.0},{"damage":0.0,"enemies":"Gremlin Nob","floor":11.0,"turns":3.0},{"damage":4.0,"enemies":"Lagavulin","floor":14.0,"turns":6.0},{"damage":1.0,"enemies":"The Guardian","floor":16.0,"turns":13.0},{"damage":4.0,"enemies":"Shell Parasite","floor":18.0,"turns":5.0},{"damage":0.0,"enemies":"2 Thieves","floor":20.0,"turns":2.0},{"damage":5.0,"enemies":"Centurion and Healer","floor":21.0,"turns":4.0},{"damage":2.0,"enemies":"3 Cultists","floor":22.0,"turns":5.0},{"damage":11.0,"enemies":"Book of Stabbing","floor":23.0,"turns":5.0},{"damage":11.0,"enemies":"Snake Plant","floor":24.0,"turns":2.0},{"damage":0.0,"enemies":"Gremlin Leader","floor":25.0,"turns":4.0},{"damage":0.0,"enemies":"Snecko","floor":27.0,"turns":3.0},{"damage":6.0,"enemies":"Book of Stabbing","floor":28.0,"turns":4.0},{"damage":3.0,"enemies":"Cultist and Chosen","floor":30.0,"turns":3.0},{"damage":0.0,"enemies":"3 Cultists","floor":31.0,"turns":2.0},{"damage":12.0,"enemies":"Collector","floor":33.0,"turns":6.0},{"damage":0.0,"enemies":"3 Shapes","floor":35.0,"turns":1.0},{"damage":1,"enemies":"3 Darklings","floor":36,"turns":4},{"damage":3,"enemies":"Maw","floor":37,"turns":6},{"damage":0,"enemies":"Transient","floor":38,"turns":5},{"damage":9,"enemies":"Giant Head","floor":40,"turns":6},{"damage":0,"enemies":"Sphere and 2 Shapes","floor":41,"turns":4},{"damage":0,"enemies":"Nemesis","floor":42,"turns":5},{"damage":0,"enemies":"Reptomancer","floor":44,"turns":2},{"damage":3,"enemies":"4 Shapes","floor":45,"turns":4},{"damage":0,"enemies":"Spire Growth","floor":47,"turns":4},{"damage":1,"enemies":"Writhing Mass","floor":48,"turns":3},{"damage":1,"enemies":"Awakened One","floor":50,"turns":5},{"damage":0,"enemies":"Shield and Spear","floor":54,"turns":4},{"damage":40,"enemies":"The Heart","floor":55,"turns":7}],"seed_played":"7966998876379023866","potions_obtained":[{"floor":4.0,"key":"LiquidMemories"},{"floor":7.0,"key":"LiquidMemories"},{"floor":10.0,"key":"Block Potion"},{"floor":11.0,"key":"LiquidMemories"},{"floor":20.0,"key":"Swift Potion"},{"floor":24.0,"key":"ColorlessPotion"},{"floor":25.0,"key":"EntropicBrew"},{"floor":28.0,"key":"Strength Potion"},{"floor":31.0,"key":"StancePotion"},{"floor":35.0,"key":"PowerPotion"},{"floor":41,"key":"ColorlessPotion"},{"floor":42,"key":"Explosive Potion"},{"floor":48,"key":"StancePotion"},{"floor":54,"key":"EntropicBrew"}],"is_trial":false,"path_per_floor":["M","M","?","M","?","R","E","?","T","M","E","R","?","E","R","B",null,"M","$","M","M","M","E","M","E","T","M","E","?","M","M","R","B",null,"M","M","M","M","$","E","M","E","T","E","M","$","M","M","R","B",null,"R","$","E","B",null],"character_chosen":"WATCHER","items_purchased":["LikeWater","PrismaticShard","Potion Belt","Medical Kit","LikeWater","Bag of Preparation","TalkToTheHand","Wireheading","Pear","Kunai","LikeWater"],"campfire_rested":2,"item_purchase_floors":[19,19,19,39,39,46,46,46,46,53,53],"current_hp_per_floor":[59,59,45,45,27,48,33,26,26,26,26,26,26,22,22,21,59,55,55,55,50,48,37,26,26,26,28,38,86,83,85,85,74,83,85,85,83,85,85,77,79,81,81,83,82,92,94,96,96,95,96,96,96,96,56],"gold":89,"neow_bonus":"BOSS_RELIC","is_daily":false,"chose_seed":false,"campfire_upgraded":3,"win_rate":0.0,"timestamp":1612065466,"path_taken":["M","M","?","M","?","R","E","?","T","?","E","R","?","E","R","BOSS","M","$","M","M","M","E","M","E","T","M","E","?","?","M","R","BOSS","M","?","M","M","$","E","M","E","T","E","M","$","?","M","R","BOSS","R","$","E","BOSS"],"items_purchased_type":["Card","Relic","Relic","Relic","Card","Relic","Card","Card","Relic","Relic","Card"],"build_version":"2020-12-22","purchased_purges":3,"victory":true,"max_hp_per_floor":[72,72,72,72,72,72,72,72,72,72,72,72,72,72,72,72,72,72,72,72,72,72,72,72,72,72,72,86,86,86,86,86,86,86,86,86,86,86,86,86,86,86,86,86,86,96,96,96,96,96,96,96,96,96,96],"relic_stats":{"Regal Pillow":0,"counters":[34,144],"Golden Idol":243,"Astrolabe":["FollowUp","Scrawl","ThirdEye"],"Bag of Preparation":[10],"War Paint":["Shrug It Off","ClearTheMind"],"Smiling Mask":150,"Question Card":28,"Medical Kit":[2],"Blood Vial":26,"Mummified Hand":[109],"Shuriken":[21],"Snecko Eye":[361,337,363,368],"Art of War":[3],"Kunai":[6],"obtain_stats":[{"Potion Belt":19,"Regal Pillow":43,"Pear":46,"Golden Idol":5,"Astrolabe":17,"Damaru":54,"Mango":28,"Bag of Preparation":46,"War Paint":42,"Smiling Mask":7,"Question Card":9,"PrismaticShard":19,"Medical Kit":39,"Blood Vial":25,"Mummified Hand":14,"Shuriken":40,"Snecko Eye":0,"Fusion Hammer":34,"Art of War":23,"Kunai":53,"PureWater":0,"InkBottle":44,"Pocketwatch":11},{"Potion Belt":9,"Regal Pillow":27,"Pear":29,"Golden Idol":3,"Astrolabe":8,"Damaru":33,"Mango":17,"Bag of Preparation":29,"War Paint":27,"Smiling Mask":4,"Question Card":4,"PrismaticShard":9,"Medical Kit":24,"Blood Vial":15,"Mummified Hand":7,"Shuriken":25,"Snecko Eye":0,"Fusion Hammer":20,"Art of War":13,"Kunai":32,"PureWater":0,"InkBottle":28,"Pocketwatch":6},{"Potion Belt":44,"Regal Pillow":115,"Pear":121,"Golden Idol":8,"Astrolabe":39,"Damaru":137,"Mango":73,"Bag of Preparation":121,"War Paint":115,"Smiling Mask":15,"Question Card":15,"PrismaticShard":44,"Medical Kit":100,"Blood Vial":66,"Mummified Hand":26,"Shuriken":106,"Snecko Eye":0,"Fusion Hammer":84,"Art of War":60,"Kunai":133,"PureWater":0,"InkBottle":117,"Pocketwatch":20}],"InkBottle":[18],"Pocketwatch":[25]},"card_choices":[{"not_picked":["BowlingBash","FlyingSleeves"],"picked":"ClearTheMind","floor":1.0},{"not_picked":["BowlingBash","SashWhip"],"picked":"InnerPeace","floor":2.0},{"not_picked":["Consecrate","EmptyBody"],"picked":"Sanctity","floor":4.0},{"not_picked":["Prostrate","EmptyFist"],"picked":"BowlingBash","floor":7.0},{"not_picked":["EmptyBody","Judgement","SashWhip"],"picked":"Wallop","floor":10.0},{"not_picked":["EmptyBody","FollowUp","FearNoEvil"],"picked":"Sanctity","floor":11.0},{"not_picked":["SashWhip","CrushJoints","Evaluate"],"picked":"Protect","floor":14.0},{"not_picked":["Scrawl","ConjureBlade","Establishment"],"picked":"Wish","floor":16.0},{"not_picked":["JustLucky","Study","FollowUp","Prostrate+1"],"picked":"SKIP","floor":18.0},{"not_picked":["Gash+1","Heel Hook","Cloak And Dagger"],"picked":"Streamline+1","floor":20.0},{"not_picked":["Twin Strike","Study","Mind Blast","Bane+1"],"picked":"SKIP","floor":21.0},{"not_picked":["Dodge and Roll+1","True Grit","Wild Strike"],"picked":"Footwork","floor":22.0},{"not_picked":["Blizzard","Sanctity","True Grit+1"],"picked":"Bludgeon","floor":23.0},{"not_picked":["FTL","EmptyBody+1","EmptyFist"],"picked":"Calculated Gamble","floor":24.0},{"not_picked":["Cleave","Iron Wave","EmptyBody"],"picked":"Glass Knife","floor":25.0},{"not_picked":["FollowUp","Gash","Reckless Charge"],"picked":"Heavy Blade+1","floor":27.0},{"not_picked":["Cold Snap+1","Feel No Pain+1","Dagger Throw"],"picked":"DeusExMachina","floor":28.0},{"not_picked":["Bane","BattleHymn","Poisoned Stab+1","Anger"],"picked":"SKIP","floor":30.0},{"not_picked":["All Out Attack","Flash of Steel+1","Thunderclap"],"picked":"Shrug It Off","floor":31.0},{"not_picked":["Brutality","Core Surge","HandOfGreed"],"picked":"Venomology","floor":33.0},{"not_picked":["Power Through","Deep Breath+1","Noxious Fumes+1"],"picked":"Acrobatics","floor":35.0},{"not_picked":["Blood for Blood+1","Anger","Bane","FollowUp"],"picked":"SKIP","floor":36},{"not_picked":["Study+1","Trip","Cleave+1"],"picked":"WaveOfTheHand+1","floor":37},{"not_picked":["Weave+1","Dodge and Roll","Choke","Intimidate"],"picked":"SKIP","floor":38},{"not_picked":["Coolheaded","Streamline","Rebound"],"picked":"Sword Boomerang","floor":40},{"not_picked":["Underhanded Strike","Defragment","Outmaneuver+1"],"picked":"Shrug It Off+1","floor":41},{"not_picked":["Distraction","Cleave","Sweeping Beam+1"],"picked":"Magnetism","floor":42},{"not_picked":["Recycle","Sweeping Beam+1","Cleave"],"picked":"Wallop","floor":44},{"not_picked":["EmptyMind","Deadly Poison","ClearTheMind"],"picked":"Panacea+1","floor":45},{"not_picked":["Stack","Poisoned Stab","Redo"],"picked":"Crescendo","floor":47},{"not_picked":["Flash of Steel","Blade Dance","Hemokinesis+1"],"picked":"CutThroughFate+1","floor":48},{"not_picked":["PanicButton","Brutality","Self Repair+1"],"picked":"Flame Barrier","floor":54}],"player_experience":340609,"relics_obtained":[{"floor":7.0,"key":"Smiling Mask"},{"floor":9.0,"key":"Question Card"},{"floor":11.0,"key":"Pocketwatch"},{"floor":14.0,"key":"Mummified Hand"},{"floor":23.0,"key":"Art of War"},{"floor":25.0,"key":"Blood Vial"},{"floor":28.0,"key":"Mango"},{"floor":40,"key":"Shuriken"},{"floor":42,"key":"War Paint"},{"floor":43,"key":"Regal Pillow"},{"floor":44,"key":"InkBottle"},{"floor":54,"key":"Damaru"}],"event_choices":[{"damage_healed":0.0,"max_hp_gain":0.0,"max_hp_loss":0.0,"gold_gain":0.0,"event_name":"Shining Light","player_choice":"Entered Light","floor":3.0,"gold_loss":0.0,"damage_taken":14.0,"cards_upgraded":["Defend_P","Strike_P"]},{"damage_healed":0.0,"max_hp_gain":0.0,"max_hp_loss":0.0,"gold_gain":0.0,"event_name":"Golden Idol","player_choice":"Take Damage","floor":5.0,"gold_loss":0.0,"damage_taken":18.0,"relics_obtained":["Golden Idol"]},{"cards_removed":["Defend_P"],"damage_healed":0.0,"max_hp_gain":0.0,"max_hp_loss":0.0,"gold_gain":0.0,"event_name":"Golden Wing","player_choice":"Card Removal","floor":8.0,"gold_loss":0.0,"damage_taken":7.0},{"damage_healed":0.0,"max_hp_gain":0.0,"max_hp_loss":0.0,"gold_gain":0.0,"event_name":"Living Wall","player_choice":"Grow","floor":13.0,"gold_loss":0.0,"damage_taken":0.0,"cards_upgraded":["Sanctity"]},{"damage_healed":48.0,"max_hp_gain":0.0,"max_hp_loss":0.0,"gold_gain":0.0,"event_name":"Wheel of Change","player_choice":"Full Heal","floor":29.0,"gold_loss":0.0,"damage_taken":0.0}],"is_beta":false,"boss_relics":[{"not_picked":["Ectoplasm","Empty Cage"],"picked":"Astrolabe"},{"not_picked":["Philosopher\u0027s Stone","Velvet Choker"],"picked":"Fusion Hammer"}],"items_purged_floors":[19,39,46],"is_endless":false,"potions_floor_spawned":[4,7,10,11,20,24,25,28,31,35,36,41,42,48,54],"ascension_level":5}}