{"host":"e1dz7n8k2o9zh5uh","time":1612063952,"event":{"mods":["BaseMod","Curses Come First","Hermit","Marisa????????","Minty Spire (QoL Compilation)","Remilia??????","Replay The Spire","StSLib","The Animator","The Cursed","The Marked","The Servant 0.9.4"],"gold_per_floor":[109,121,134,154,67,97,135,109,109,125,142,156,156,156,1,18,18,122,222,237,249,259,269,269,283,283,311,337,353,353,373,319,338,338,442,442,456,456,456],"floor_reached":38,"language":"SPA","playtime":3793,"items_purged":[],"score":404,"play_id":"83ccfcda-59ea-4225-bfed-17042eefed27","local_time":"20210131003232","is_ascension_mode":false,"campfire_choices":[{"floor":17.0,"key":"REST"},{"data":"SatelliteIllusion","floor":26.0,"key":"SMITH"},{"floor":30.0,"key":"REST"},{"data":"GrandCross","floor":34,"key":"SMITH"}],"circlet_count":0,"master_deck":["Strike_MRS","Strike_MRS","Strike_MRS","Strike_MRS","Defend_MRS","Defend_MRS","Defend_MRS","Defend_MRS","MasterSpark","UpSweep","GrandCross+1","FairyDestructionRay+1","EarthLightRay","AlicesGift","AsteroidBelt","DeepEcoloBomb","BinaryStars+1","ChargingUp","SatelliteIllusion+1","AsteroidBelt+1","PulseMagic+1","AlicesGift+1","OrrerysSun+1","OortCloud+1","FairyDestructionRay+1","GrandCross","GrandCross+1"],"relics":["MiniHakkero","ReplayTheSpireMod:TigerMarble","Onion Ring","Guide Book","Replay:Wanted Poster","BreadOfAWashokuLover","Blood Vial"],"acts_visited":["Exordium","TheCity","TheBeyond"],"potions_floor_usage":[35,38,38],"damage_taken":[{"damage":2.0,"enemies":"Small Slimes","floor":1.0,"turns":4.0},{"damage":8.0,"enemies":"Jaw Worm","floor":2.0,"turns":4.0},{"damage":0.0,"enemies":"Cultist","floor":3.0,"turns":3.0},{"damage":15.0,"enemies":"Exordium Thugs","floor":4.0,"turns":3.0},{"damage":11.0,"enemies":"Gremlin Nob","floor":6.0,"turns":3.0},{"damage":0.0,"enemies":"Blue Slaver","floor":10.0,"turns":3.0},{"damage":2.0,"enemies":"Large Slime","floor":11.0,"turns":3.0},{"damage":0.0,"enemies":"Exordium Thugs","floor":12.0,"turns":3.0},{"damage":0.0,"enemies":"2 Fungi Beasts","floor":16.0,"turns":1.0},{"damage":62.0,"enemies":"The Guardian","floor":18.0,"turns":11.0},{"damage":0.0,"enemies":"Spheric Guardian","floor":20.0,"turns":1.0},{"damage":5.0,"enemies":"Chosen","floor":21.0,"turns":3.0},{"damage":0.0,"enemies":"Snecko","floor":22.0,"turns":3.0},{"damage":8.0,"enemies":"Centurion and Healer","floor":23.0,"turns":3.0},{"damage":2.0,"enemies":"3 Cultists","floor":25.0,"turns":3.0},{"damage":28.0,"enemies":"Slavers","floor":27.0,"turns":5.0},{"damage":7.0,"enemies":"Cultist and Chosen","floor":29.0,"turns":5.0},{"damage":12.0,"enemies":"Centurion and Healer","floor":31.0,"turns":4.0},{"damage":14,"enemies":"Snecko","floor":33,"turns":5},{"damage":59,"enemies":"Champ","floor":35,"turns":12},{"damage":3,"enemies":"3 Darklings","floor":37,"turns":3},{"damage":119,"enemies":"Orin","floor":38,"turns":9}],"seed_played":"5289443010874341390","potions_obtained":[{"floor":2.0,"key":"FearPotion"},{"floor":3.0,"key":"DuplicationPotion"},{"floor":4.0,"key":"BottledSpark"},{"floor":7.0,"key":"FairyPotion"},{"floor":16.0,"key":"Death Potion"},{"floor":29.0,"key":"LiquidMemories"},{"floor":37,"key":"Elixir"}],"is_trial":false,"path_per_floor":["M","M","M","M","$","E","?","?","T","M","M","M","PTL","PTL","$","M","R","B",null,"M","M","M","M","?","M","R","E","T","M","R","M","$","M","R","B",null,"M","?"],"character_chosen":"MARISA","items_purchased":["AlicesGift","AsteroidBelt","Guide Book","GrandCross"],"campfire_rested":2,"item_purchase_floors":[5,5,15,32],"current_hp_per_floor":[80,72,72,61,61,54,34,34,34,38,40,44,44,44,44,44,68,10,82,82,77,77,69,82,80,80,56,56,59,82,70,70,62,62,9,82,79,0,0],"gold":456,"neow_bonus":"TEN_PERCENT_HP_BONUS","is_daily":false,"chose_seed":false,"campfire_upgraded":2,"win_rate":0.0,"timestamp":1612063952,"path_taken":["M","M","M","M","$","E","?","?","T","M","M","M","PTL","PTL","?","M","R","BOSS","M","M","M","M","?","M","R","E","T","M","R","M","?","M","R","BOSS","M","?"],"items_purchased_type":["Card","Card","Relic","Card"],"build_version":"2020-12-22","purchased_purges":0,"victory":false,"max_hp_per_floor":[82,82,82,82,82,82,82,82,82,82,82,82,82,82,82,82,82,82,82,82,82,82,82,82,82,82,82,82,82,82,82,82,82,82,82,82,82,82,82],"card_choices":[{"not_picked":["MysteriousBeam","WitchLeyline"],"picked":"GrandCross","floor":1.0},{"not_picked":["UnstableBomb","StarlightTyphoon"],"picked":"FairyDestructionRay","floor":2.0},{"not_picked":["DragonMeteor","ShootingEcho"],"picked":"EarthLightRay","floor":3.0},{"not_picked":["DarkMatter","DoubleSpark","DarkSpark"],"picked":"SKIP","floor":4.0},{"not_picked":["DarkSpark","AsteroidBelt"],"picked":"DeepEcoloBomb","floor":6.0},{"not_picked":["NonDirectionalLaser","Acceleration"],"picked":"BinaryStars","floor":7.0},{"not_picked":["MilkyWay","RefractionSpark","Robbery"],"picked":"SKIP","floor":10.0},{"not_picked":["DoubleSpark","Acceleration","StarlightTyphoon"],"picked":"SKIP","floor":11.0},{"not_picked":["DragonMeteor","SporeBomb","GravityBeat"],"picked":"SKIP","floor":12.0},{"not_picked":["SprinkleStarSeal","IllusionStar"],"picked":"ChargingUp","floor":16.0},{"not_picked":["CollectingQuirk","EscapeVelocity"],"picked":"SatelliteIllusion","floor":18.0},{"not_picked":["WitchOfGreed","PowerUp"],"picked":"AsteroidBelt+1","floor":20.0},{"not_picked":["GalacticHalo","EnergyRecoil"],"picked":"PulseMagic+1","floor":21.0},{"not_picked":["FairyDestructionRay","UnstableBomb"],"picked":"AlicesGift+1","floor":22.0},{"not_picked":["WitchLeyline","ManaConvection"],"picked":"ChargingUp","floor":23.0},{"not_picked":["WitchOfGreed","PowerUp","StarBarrage+1"],"picked":"SKIP","floor":25.0},{"not_picked":["ShootTheMoon","ManaRampage"],"picked":"OrrerysSun+1","floor":27.0},{"not_picked":["NonDirectionalLaser","WitchLeyline"],"picked":"OortCloud+1","floor":29.0},{"not_picked":["GasGiant+1","GravityBeat"],"picked":"FairyDestructionRay+1","floor":31.0},{"not_picked":["OortCloud","DeepEcoloBomb","LuminesStrike+1"],"picked":"SKIP","floor":33},{"not_picked":["WitchLeyline","MilkyWay"],"picked":"GrandCross+1","floor":37}],"player_experience":91088,"relics_obtained":[{"floor":6.0,"key":"ReplayTheSpireMod:TigerMarble"},{"floor":9.0,"key":"Onion Ring"},{"floor":27.0,"key":"BreadOfAWashokuLover"},{"floor":28.0,"key":"Blood Vial"}],"event_choices":[{"damage_healed":0.0,"max_hp_gain":0.0,"max_hp_loss":0.0,"gold_gain":0.0,"event_name":"World of Goop","player_choice":"Left Gold","floor":8.0,"gold_loss":26.0,"damage_taken":0.0},{"cards_removed":["ChargingUp"],"damage_healed":13.0,"max_hp_gain":0.0,"max_hp_loss":0.0,"gold_gain":0.0,"event_name":"Bonfire Elementals","player_choice":"Offered Uncommon","floor":24.0,"gold_loss":0.0,"damage_taken":0.0},{"damage_healed":0,"gold_gain":0,"player_choice":"Fight","damage_taken":0,"max_hp_gain":0,"max_hp_loss":0,"event_name":"OrinTheCat","floor":38,"gold_loss":0}],"is_beta":false,"boss_relics":[{"not_picked":["Kintsugi","Philosopher\u0027s Stone"],"picked":"Replay:Wanted Poster"},{"not_picked":["Coffee Dripper","Cursed Key","Ring of Chaos"]}],"items_purged_floors":[],"is_endless":false,"potions_floor_spawned":[2,3,4,11,12,16,25,29,31,35,37],"killed_by":"Orin","ascension_level":0}}