{"host":"vex7walpoxzv48nx","time":1612059820,"event":{"mods":["AchievementEnabler","BaseMod","Bestiary","Minty Spire (QoL Compilation)","Permanent Neow","Quick Restart","Relic Stats","UnlockEverythingMod"],"gold_per_floor":[112,123,8,8,8,39,39,64,64,77,77,77,9,9,9,107,107,123,123,123],"floor_reached":19,"language":"ENG","playtime":1573,"items_purged":["Strike_R"],"score":260,"play_id":"9b2f88d8-8732-470b-a3ef-dc52607718ab","local_time":"20210131032340","is_ascension_mode":true,"campfire_choices":[{"data":"Bash","floor":7.0,"key":"SMITH"},{"data":"Flame Barrier","floor":12.0,"key":"SMITH"},{"data":"Shockwave","floor":15.0,"key":"SMITH"}],"circlet_count":0,"master_deck":["AscendersBane","Strike_R","Strike_R+1","Strike_R","Strike_R","Defend_R+1","Defend_R","Defend_R","Defend_R","Bash+1","Reaper","Wild Strike","Sever Soul","Dropkick","True Grit","Flame Barrier+1","Shockwave+1","Burning Pact","Exhume","Ghostly Armor"],"relics":["Burning Blood","Meat on the Bone","Sundial","Self Forming Clay","Velvet Choker"],"acts_visited":["Exordium","TheCity"],"potions_floor_usage":[],"damage_taken":[{"damage":12.0,"enemies":"2 Louse","floor":1.0,"turns":4.0},{"damage":10.0,"enemies":"Small Slimes","floor":2.0,"turns":4.0},{"damage":39.0,"enemies":"Lagavulin","floor":6.0,"turns":8.0},{"damage":34.0,"enemies":"3 Sentries","floor":8.0,"turns":8.0},{"damage":7.0,"enemies":"Jaw Worm","floor":10.0,"turns":2.0},{"damage":25.0,"enemies":"Hexaghost","floor":16.0,"turns":11.0},{"damage":0.0,"enemies":"3 Byrds","floor":18.0,"turns":2.0},{"damage":9,"enemies":"Spheric Guardian","floor":19,"turns":5}],"seed_played":"1645155779149277369","potions_obtained":[{"floor":10.0,"key":"ColorlessPotion"},{"floor":16.0,"key":"ColorlessPotion"}],"is_trial":false,"path_per_floor":["M","M","$","?","?","E","R","E","T","M","$","R","$","?","R","B",null,"M","M"],"character_chosen":"IRONCLAD","items_purchased":["Dropkick","Burning Pact"],"campfire_rested":0,"item_purchase_floors":[3,13],"current_hp_per_floor":[72,72,72,77,62,29,29,21,21,32,32,32,32,32,32,31,66,72,63,63],"gold":123,"neow_bonus":"THREE_RARE_CARDS","is_daily":false,"chose_seed":false,"campfire_upgraded":3,"win_rate":0.0,"timestamp":1612059820,"path_taken":["M","M","$","?","?","E","R","E","T","M","?","R","$","?","R","BOSS","M","?"],"items_purchased_type":["Card","Card"],"build_version":"2020-12-22","purchased_purges":1,"victory":false,"max_hp_per_floor":[72,72,72,77,77,77,77,77,77,77,77,77,77,77,77,77,77,77,77,77],"relic_stats":{"counters":[8,44],"Sundial":[2],"Self Forming Clay":[33],"obtain_stats":[{"Sundial":8,"Self Forming Clay":9,"Velvet Choker":17,"Burning Blood":0,"Meat on the Bone":6},{"Sundial":4,"Self Forming Clay":4,"Velvet Choker":6,"Burning Blood":0,"Meat on the Bone":3},{"Sundial":24,"Self Forming Clay":24,"Velvet Choker":37,"Burning Blood":0,"Meat on the Bone":16}],"Burning Blood":38,"Meat on the Bone":36},"card_choices":[{"not_picked":["Double Tap","Fiend Fire"],"picked":"Reaper","floor":0.0},{"not_picked":["Dual Wield","Anger"],"picked":"Wild Strike","floor":1.0},{"not_picked":["Iron Wave","Heavy Blade"],"picked":"Sever Soul","floor":2.0},{"not_picked":["Thunderclap","Entrench"],"picked":"True Grit","floor":6.0},{"not_picked":["Heavy Blade","Shrug It Off"],"picked":"Flame Barrier","floor":8.0},{"not_picked":["Battle Trance","Pommel Strike"],"picked":"Shockwave","floor":10.0},{"not_picked":["Barricade","Berserk"],"picked":"Exhume","floor":16.0},{"not_picked":["Havoc","Pommel Strike"],"picked":"Ghostly Armor","floor":18.0}],"player_experience":238836,"relics_obtained":[{"floor":6.0,"key":"Meat on the Bone"},{"floor":8.0,"key":"Sundial"},{"floor":9.0,"key":"Self Forming Clay"}],"event_choices":[{"damage_healed":0.0,"max_hp_gain":5.0,"max_hp_loss":0.0,"gold_gain":0.0,"event_name":"Big Fish","player_choice":"Donut","floor":4.0,"gold_loss":0.0,"damage_taken":0.0},{"damage_healed":0.0,"max_hp_gain":0.0,"max_hp_loss":0.0,"gold_gain":0.0,"event_name":"Shining Light","player_choice":"Entered Light","floor":5.0,"gold_loss":0.0,"damage_taken":15.0,"cards_upgraded":["Strike_R","Defend_R"]},{"damage_healed":0.0,"max_hp_gain":0.0,"max_hp_loss":0.0,"gold_gain":0.0,"event_name":"Match and Keep!","player_choice":"0 cards matched","floor":14.0,"gold_loss":0.0,"damage_taken":0.0,"cards_obtained":[]}],"is_beta":false,"boss_relics":[{"not_picked":["Runic Dome","Fusion Hammer"],"picked":"Velvet Choker"}],"items_purged_floors":[3],"is_endless":false,"potions_floor_spawned":[10,16],"killed_by":"Spheric Guardian","ascension_level":10}}