{"host":"d5i1qeb9dejicw1z","time":1612126531,"event":{"mods":["AchievementEnabler","BaseMod","Better Note","BetterRewards","Evolution","Gold Saver","Minty Spire (QoL Compilation)","Permanent Neow","Relic Filter Mod","Reliquary","StSLib"],"gold_per_floor":[306,320,320,320,320,364,364,380,380,414,414,256,281,305,305,401,401,415,395,35,35,54,54,78,102,102,52,52,73,96,114,114,203,203,221,236,236,236,306,306,306,306],"floor_reached":41,"language":"ENG","playtime":1641,"items_purged":["Defend_B"],"score":819,"play_id":"125bfb1d-83bc-4c7b-959f-29f99705a75f","local_time":"20210131125531","is_ascension_mode":true,"campfire_choices":[{"floor":7,"key":"DIG"},{"floor":11,"key":"DIG"},{"floor":15,"key":"REST"},{"floor":23,"key":"DIG"},{"floor":28,"key":"DIG"},{"floor":32,"key":"REST"},{"floor":40,"key":"DIG"}],"circlet_count":0,"master_deck":["AscendersBane","Barrage","Strike_B","Defend_B","Defend_B","Defend_B","Zap+1","Dualcast","Seek","Ball Lightning","Glacier","FTL","Ball Lightning","Fission+1","Conserve Battery","Double Energy+1","Chill","Capacitor","Thunder Strike","Static Discharge+1","Bandage Up"],"relics":["Cracked Core","EVO:Axolotl","NeowsBlessing","Shovel","Golden Idol","Eternal Feather","Unceasing Top","reliquary:ShortFuse","Odd Mushroom","Ginger","Orrery","Empty Cage","Meat on the Bone","Ornamental Fan","StrikeDummy","White Beast Statue","Nuclear Battery","Bottled Tornado","StrikeDummy"],"acts_visited":["Exordium","TheCity","TheBeyond"],"potions_floor_usage":[10,14,16,22,24,31,33,33,36,41],"damage_taken":[{"damage":0,"enemies":"Cultist","floor":1,"turns":1},{"damage":0,"enemies":"Small Slimes","floor":2,"turns":1},{"damage":0,"enemies":"Gremlin Nob","floor":6,"turns":1},{"damage":0,"enemies":"2 Louse","floor":8,"turns":4},{"damage":1,"enemies":"The Mushroom Lair","floor":10,"turns":4},{"damage":0,"enemies":"Looter","floor":13,"turns":3},{"damage":8,"enemies":"3 Louse","floor":14,"turns":3},{"damage":48,"enemies":"Hexaghost","floor":16,"turns":11},{"damage":14,"enemies":"Chosen","floor":18,"turns":5},{"damage":17,"enemies":"2 Thieves","floor":19,"turns":4},{"damage":19,"enemies":"Centurion and Healer","floor":22,"turns":8},{"damage":17,"enemies":"Chosen and Byrds","floor":24,"turns":7},{"damage":14,"enemies":"Shelled Parasite and Fungi","floor":25,"turns":7},{"damage":4,"enemies":"Sentry and Sphere","floor":29,"turns":4},{"damage":15,"enemies":"Snecko","floor":30,"turns":8},{"damage":11,"enemies":"Chosen and Byrds","floor":31,"turns":4},{"damage":72,"enemies":"Automaton","floor":33,"turns":10},{"damage":54,"enemies":"3 Darklings","floor":35,"turns":4},{"damage":23,"enemies":"3 Shapes","floor":36,"turns":6},{"damage":71,"enemies":"Reptomancer","floor":41,"turns":7}],"seed_played":"-3893740643035440656","potions_obtained":[{"floor":6,"key":"Block Potion"},{"floor":13,"key":"BlessingOfTheForge"},{"floor":14,"key":"Fruit Juice"},{"floor":19,"key":"Regen Potion"},{"floor":22,"key":"LiquidMemories"},{"floor":29,"key":"EssenceOfDarkness"},{"floor":30,"key":"CultistPotion"},{"floor":31,"key":"AttackPotion"},{"floor":33,"key":"FairyPotion"},{"floor":35,"key":"DuplicationPotion"},{"floor":36,"key":"GamblersBrew"}],"is_trial":false,"path_per_floor":["M","M","?","?","?","E","R","M","T","?","R","$","M","M","R","B",null,"M","M","$","?","M","R","M","M","T","?","R","M","M","M","R","B",null,"M","M","?","?","T","R","E"],"character_chosen":"DEFECT","items_purchased":["Orrery","Meat on the Bone"],"campfire_rested":2,"item_purchase_floors":[12,20],"current_hp_per_floor":[64,64,64,46,22,22,28,28,28,27,33,33,33,30,61,13,60,46,29,29,29,37,46,41,39,39,39,48,44,41,42,73,13,60,18,34,34,34,34,46,0,0],"gold":306,"neow_bonus":"THREE_ENEMY_KILL","is_daily":false,"chose_seed":false,"campfire_upgraded":0,"win_rate":0.0,"timestamp":1612126531,"path_taken":["M","?","?","?","?","E","R","M","T","?","R","$","M","M","R","BOSS","M","M","$","?","M","R","M","M","T","?","R","M","?","M","R","BOSS","M","M","?","?","?","R","E"],"items_purchased_type":["Relic","Relic"],"build_version":"2020-12-22","purchased_purges":1,"victory":false,"max_hp_per_floor":[71,71,71,71,71,71,71,71,71,71,71,71,71,76,76,76,76,76,76,76,76,76,76,76,76,76,76,76,76,76,76,76,76,76,76,76,76,76,76,76,76,76],"card_choices":[{"not_picked":["Streamline","White Noise","Beam Cell"],"picked":"SKIP","floor":1},{"not_picked":["Coolheaded","Consume","Beam Cell"],"picked":"SKIP","floor":2},{"not_picked":["Barrage","Streamline"],"picked":"Seek","floor":6},{"not_picked":["Heatsinks","Coolheaded","Go for the Eyes"],"picked":"SKIP","floor":8},{"not_picked":["Gash","Conserve Battery"],"picked":"Ball Lightning","floor":12},{"not_picked":["Reinforced Body","Force Field"],"picked":"Glacier","floor":12},{"not_picked":["Thunder Strike","Stack"],"picked":"FTL","floor":12},{"not_picked":["Barrage","Go for the Eyes"],"picked":"Ball Lightning","floor":13},{"not_picked":["Redo","Streamline","Turbo"],"picked":"SKIP","floor":14},{"not_picked":["All For One","Reboot"],"picked":"Fission","floor":16},{"not_picked":["Hologram","Turbo"],"picked":"Conserve Battery","floor":18},{"not_picked":["Gash","Streamline"],"picked":"Double Energy+1","floor":19},{"not_picked":["Streamline","Beam Cell"],"picked":"Chill","floor":22},{"not_picked":["Ball Lightning","Sunder","Beam Cell"],"picked":"SKIP","floor":24},{"not_picked":["Stack","Self Repair","Chaos"],"picked":"SKIP","floor":25},{"not_picked":["Barrage","Ball Lightning"],"picked":"Capacitor","floor":29},{"not_picked":["Barrage","Steam","Rebound"],"picked":"SKIP","floor":30},{"not_picked":["Streamline","Barrage","Melter"],"picked":"SKIP","floor":31},{"not_picked":["Rainbow","Fission"],"picked":"Thunder Strike","floor":33},{"not_picked":["Go for the Eyes+1","Self Repair"],"picked":"Static Discharge+1","floor":35},{"not_picked":["Doom and Gloom","Darkness","Glacier"],"picked":"SKIP","floor":36},{"not_picked":["Purity","Impatience"],"picked":"Bandage Up","floor":38}],"player_experience":1201464,"relics_obtained":[{"floor":6,"key":"Eternal Feather"},{"floor":7,"key":"Unceasing Top"},{"floor":9,"key":"reliquary:ShortFuse"},{"floor":10,"key":"Odd Mushroom"},{"floor":11,"key":"Ginger"},{"floor":23,"key":"Ornamental Fan"},{"floor":26,"key":"StrikeDummy"},{"floor":28,"key":"White Beast Statue"},{"floor":39,"key":"Bottled Tornado"},{"floor":40,"key":"reliquary:SculptingSteel"}],"event_choices":[{"damage_healed":0,"gold_gain":0,"player_choice":"Grow","damage_taken":0,"max_hp_gain":0,"max_hp_loss":0,"event_name":"Living Wall","floor":3,"gold_loss":0,"cards_upgraded":["Zap"]},{"damage_healed":0,"gold_gain":0,"player_choice":"Success","damage_taken":18,"relics_obtained":["Shovel"],"max_hp_gain":0,"max_hp_loss":0,"event_name":"Scrap Ooze","floor":4,"gold_loss":0},{"damage_healed":0,"gold_gain":0,"player_choice":"Take Damage","damage_taken":24,"relics_obtained":["Golden Idol"],"max_hp_gain":0,"max_hp_loss":0,"event_name":"Golden Idol","floor":5,"gold_loss":0},{"damage_healed":0,"gold_gain":0,"player_choice":"Fought Mushrooms","damage_taken":0,"max_hp_gain":0,"max_hp_loss":0,"event_name":"Mushrooms","floor":10,"gold_loss":0},{"cards_removed":["Fission"],"damage_healed":0,"gold_gain":0,"player_choice":"Give","damage_taken":0,"max_hp_gain":0,"max_hp_loss":0,"event_name":"betterNote:BetterNote","floor":21,"gold_loss":0,"cards_obtained":["None"]},{"damage_healed":0,"gold_gain":0,"player_choice":"Upgrade","damage_taken":0,"max_hp_gain":0,"max_hp_loss":0,"event_name":"Designer","floor":27,"gold_loss":50,"cards_upgraded":["Fission"]},{"damage_healed":0,"gold_gain":0,"player_choice":"Ignored","damage_taken":0,"max_hp_gain":0,"max_hp_loss":0,"event_name":"Mysterious Sphere","floor":37,"gold_loss":0},{"damage_healed":0,"gold_gain":0,"player_choice":"Memory 1","damage_taken":0,"max_hp_gain":0,"max_hp_loss":0,"event_name":"SensoryStone","floor":38,"gold_loss":0}],"is_beta":false,"boss_relics":[{"not_picked":["reliquary:WritOfMandamus","FrozenCore"],"picked":"Empty Cage"},{"not_picked":["Coffee Dripper","SacredBark"],"picked":"Nuclear Battery"}],"items_purged_floors":[20],"is_endless":false,"potions_floor_spawned":[6,13,14,19,22,29,30,31,33,35,36],"killed_by":"Reptomancer","ascension_level":19}}