{"host":"eq1u2q5g1w1vipa6","time":1612095388,"event":{"mods":["100% Spire Juice","Arknights","BaseMod","DeckTracker","Friendly Minions","GungeonMod","Hermit","Koishi","Lobotomy","Marisa£¨Ùöéë¡¡Øª×âÞÞ£©","Minty Spire (QoL Compilation)","Prisma Mod","StSLib","Td1madao Mod","The Bug Knight","The Hierophant","WarShipGirlsR/??á´Ò³R mod"],"gold_per_floor":[111,121,134,149,149,149,149,149,176,197,197,197,197,197,197,320,320,338,263,263,249,61,61,99,99,99,99,124,124,148,166,166,294,294,318,318,318],"floor_reached":36,"language":"KOR","playtime":2483,"items_purged":["ats:Serious Mode"],"score":368,"play_id":"7bdef2df-3925-42c5-879e-80e981f8efa6","local_time":"20210131211628","daily_mods":["Vintage","Heirloom","Time Dilation","Flight"],"is_ascension_mode":false,"campfire_choices":[{"floor":6,"key":"REST"},{"data":"ats:Strike C","floor":7,"key":"SMITH"},{"data":"ats:Strike G","floor":8,"key":"SMITH"},{"floor":11,"key":"REST"},{"data":"ats:Strike S","floor":13,"key":"SMITH"},{"floor":15,"key":"REST"},{"floor":23,"key":"REST"},{"floor":25,"key":"REST"},{"floor":27,"key":"REST"},{"data":"ats:Dogmatic Field","floor":29,"key":"SMITH"},{"data":"ats:Healing Strengthening","floor":32,"key":"SMITH"}],"circlet_count":0,"master_deck":["ats:Strike C+1","ats:Strike G+1","ats:Strike S+1","ats:Armor Crushing Shot","ats:Defend","ats:Defend+1","ats:Defend","ats:Defend","ats:Emotion Absorption+1","ats:Powerful Strike","ats:Dogmatic Field+1","Bash","ats:Shell Defense","ats:Magnetic Hammer","ats:Healing Strengthening+1","ats:Shell Defense","ats:Soul Rend"],"relics":["ats:Sanity","DemoMod:ResourcefulSack","Centennial Puzzle","ats:Remnant Ash","Pen Nib","Art of War","Toy Ornithopter","Odd Mushroom","Golden Idol","SlaversCollar","DemoMod:LamentConfigurum","Lantern","ats:Originium","Smiling Mask","DemoMod:SerJunkan","Tiny Chest","Happy Flower","Oddly Smooth Stone","ats:Tactical Delivery","Akabeko"],"acts_visited":["Exordium","TheCity","TheBeyond"],"potions_floor_usage":[10,24,28,28,28,33],"damage_taken":[{"damage":4,"enemies":"Cultist","floor":1,"turns":4},{"damage":5,"enemies":"Jaw Worm","floor":2,"turns":4},{"damage":8,"enemies":"2 Louse","floor":3,"turns":3},{"damage":10,"enemies":"Looter","floor":4,"turns":3},{"damage":26,"enemies":"The Mushroom Lair","floor":10,"turns":4},{"damage":38,"enemies":"Hexaghost","floor":16,"turns":9},{"damage":37,"enemies":"Spheric Guardian","floor":18,"turns":7},{"damage":26,"enemies":"2 Thieves","floor":21,"turns":4},{"damage":46,"enemies":"HollowMod:Nosk","floor":24,"turns":10},{"damage":16,"enemies":"Centurion and Healer","floor":28,"turns":5},{"damage":12,"enemies":"Snecko","floor":31,"turns":7},{"damage":204,"enemies":"Collector","floor":33,"turns":15},{"damage":37,"enemies":"Orb Walker","floor":35,"turns":6},{"damage":10092,"enemies":"2 Orb Walkers","floor":36,"turns":6}],"seed_played":"-3181926149055221999","potions_obtained":[{"floor":1,"key":"LiquidMemories"},{"floor":2,"key":"ats:Emergency Sanity Potion"},{"floor":4,"key":"SkillPotion"},{"floor":21,"key":"BlessingOfTheForge"},{"floor":24,"key":"ColorlessPotion"},{"floor":28,"key":"Dexterity Potion"},{"floor":35,"key":"SteroidPotion"}],"is_trial":true,"path_per_floor":["M","M","M","M","?","R","R","R","T","?","R","?","R","?","R","B",null,"M","?","?","M","$","R","E","R","T","R","M","R","T","M","R","B",null,"M","?"],"character_chosen":"DOCTOR_CLASS","items_purchased":["ats:Magnetic Hammer","ats:Healing Strengthening"],"campfire_rested":6,"item_purchase_floors":[22,22],"current_hp_per_floor":[68,63,55,45,31,52,52,52,52,41,62,62,62,44,65,27,72,36,36,36,13,13,34,14,35,35,56,72,72,72,60,60,55,72,65,0,0],"gold":318,"neow_bonus":"","is_daily":false,"chose_seed":false,"campfire_upgraded":5,"win_rate":0.0,"timestamp":1612095388,"path_taken":["M","M","?","M","?","R","R","R","T","?","R","?","R","?","R","BOSS","M","?","?","M","$","R","E","R","T","R","?","R","?","M","R","BOSS","M","?"],"items_purchased_type":["Card","Card"],"build_version":"2020-12-22","purchased_purges":1,"victory":false,"max_hp_per_floor":[72,72,72,72,72,72,72,72,72,72,72,72,72,72,72,72,72,72,72,72,72,72,72,72,72,72,72,72,72,72,72,72,72,72,72,72,72],"card_choices":[{"not_picked":["ats:Mental Burst","ats:Consecutive Shot Auto"],"picked":"ats:Powerful Strike","floor":10},{"not_picked":["ats:Wolf Pack","ats:Soul Rend"],"picked":"ats:Dogmatic Field","floor":16},{"not_picked":["ats:Magnetic Hammer","ats:Serious Mode"],"picked":"ats:Shell Defense","floor":24},{"not_picked":["ats:Roar Of Ursus","ats:Wolf Pack"],"picked":"ats:Soul Rend","floor":33}],"player_experience":230454,"relics_obtained":[{"floor":1,"key":"Centennial Puzzle"},{"floor":2,"key":"ats:Remnant Ash"},{"floor":3,"key":"Pen Nib"},{"floor":4,"key":"Art of War"},{"floor":9,"key":"Toy Ornithopter"},{"floor":10,"key":"Odd Mushroom"},{"floor":18,"key":"DemoMod:LamentConfigurum"},{"floor":21,"key":"Lantern"},{"floor":24,"key":"ats:Originium"},{"floor":24,"key":"Smiling Mask"},{"floor":26,"key":"DemoMod:SerJunkan"},{"floor":28,"key":"Tiny Chest"},{"floor":30,"key":"Happy Flower"},{"floor":31,"key":"Oddly Smooth Stone"},{"floor":35,"key":"Akabeko"}],"event_choices":[{"damage_healed":0,"gold_gain":0,"player_choice":"Entered Light","damage_taken":14,"max_hp_gain":0,"max_hp_loss":0,"event_name":"Shining Light","floor":5,"gold_loss":0,"cards_upgraded":["ats:Emotion Absorption","ats:Defend"]},{"damage_healed":0,"gold_gain":0,"player_choice":"Fought Mushrooms","damage_taken":0,"max_hp_gain":0,"max_hp_loss":0,"event_name":"Mushrooms","floor":10,"gold_loss":0},{"damage_healed":0,"gold_gain":0,"player_choice":"Leave","damage_taken":0,"max_hp_gain":0,"max_hp_loss":0,"event_name":"The Cleric","floor":12,"gold_loss":0},{"damage_healed":0,"gold_gain":0,"player_choice":"Take Damage","damage_taken":18,"relics_obtained":["Golden Idol"],"max_hp_gain":0,"max_hp_loss":0,"event_name":"Golden Idol","floor":14,"gold_loss":0},{"cards_removed":["ats:Strike V"],"damage_healed":0,"gold_gain":0,"player_choice":"Gave Gold","damage_taken":0,"max_hp_gain":0,"max_hp_loss":0,"event_name":"Beggar","floor":19,"gold_loss":75},{"damage_healed":0,"gold_gain":0,"player_choice":"3 cards matched","damage_taken":0,"max_hp_gain":0,"max_hp_loss":0,"event_name":"Match and Keep!","floor":20,"gold_loss":0,"cards_obtained":["Bash","ats:Shell Defense","ats:Serious Mode"]},{"damage_healed":0,"gold_gain":0,"player_choice":"Fight","damage_taken":0,"max_hp_gain":0,"max_hp_loss":0,"event_name":"Mysterious Sphere","floor":36,"gold_loss":0}],"is_beta":false,"boss_relics":[{"not_picked":["Black Star","Astrolabe"],"picked":"SlaversCollar"},{"not_picked":["Runic Dome","Empty Cage"],"picked":"ats:Tactical Delivery"}],"items_purged_floors":[22],"is_endless":false,"potions_floor_spawned":[1,2,4,21,24,28,35],"killed_by":"2 Orb Walkers","ascension_level":0}}