{"host":"8fuipfsvjht9cgcs","time":1612067025,"event":{"mods":["AchievementEnabler","BaseMod","Colored Map","Colored Powertips","DeckTracker","Friendly Minions","Kiyohime£¨?ýï£©","Marisa£¨Ùöéë¡¡Øª×âÞÞ£©","Minty Spire (QoL Compilation)","Prisma Mod","StSLib","SuperFastMode","The Cursed","The Gatherer"],"gold_per_floor":[117,128,60,135,152,152,152,163,163,196,213,223,238,238,238,333,333,343,343,343],"floor_reached":19,"language":"KOR","playtime":1077,"items_purged":[],"score":214,"play_id":"66c2ecff-6054-415e-ab1a-941b6bfc3501","local_time":"20210131172345","is_ascension_mode":true,"campfire_choices":[{"data":"Fusion","floor":7,"key":"SMITH"},{"data":"Dualcast","floor":15,"key":"SMITH"}],"circlet_count":0,"master_deck":["Strike_B","Strike_B","Strike_B","Defend_B","Defend_B","Defend_B","Defend_B","Zap","Dualcast+1","Rebound","Turbo","Fusion+1","Capacitor","Glacier","Compile Driver","Amplify","Genetic Algorithm","Buffer"],"relics":["Cracked Core","Pantograph","Girya","Meat on the Bone","Runic Pyramid"],"acts_visited":["Exordium","TheCity"],"potions_floor_usage":[12,19],"damage_taken":[{"damage":7,"enemies":"Jaw Worm","floor":1,"turns":2},{"damage":1,"enemies":"Cultist","floor":2,"turns":3},{"damage":0,"enemies":"Small Slimes","floor":5,"turns":2},{"damage":5,"enemies":"Looter","floor":8,"turns":5},{"damage":22,"enemies":"3 Sentries","floor":10,"turns":9},{"damage":2,"enemies":"Blue Slaver","floor":11,"turns":5},{"damage":20,"enemies":"Exordium Thugs","floor":12,"turns":5},{"damage":13,"enemies":"3 Louse","floor":13,"turns":5},{"damage":44,"enemies":"Slime Boss","floor":16,"turns":15},{"damage":6,"enemies":"Spheric Guardian","floor":18,"turns":8},{"damage":25,"enemies":"3 Byrds","floor":19,"turns":5}],"seed_played":"3430545138094808608","potions_obtained":[{"floor":2,"key":"Fire Potion"},{"floor":5,"key":"BlessingOfTheForge"},{"floor":10,"key":"AttackPotion"},{"floor":12,"key":"SmokeBomb"},{"floor":13,"key":"Regen Potion"}],"is_trial":false,"path_per_floor":["M","M","$","?","M","T","R","M","T","E","M","M","M","?","R","B",null,"M","M"],"character_chosen":"DEFECT","items_purchased":["Capacitor"],"campfire_rested":0,"item_purchase_floors":[3],"current_hp_per_floor":[68,67,67,56,56,56,56,51,51,29,39,31,30,30,30,23,62,56,31,31],"gold":343,"neow_bonus":"TRANSFORM_CARD","is_daily":false,"chose_seed":false,"campfire_upgraded":2,"win_rate":0.0,"timestamp":1612067025,"path_taken":["M","M","$","?","M","?","R","?","T","E","M","M","M","?","R","BOSS","M","M"],"items_purchased_type":["Card"],"build_version":"2020-12-22","purchased_purges":0,"victory":false,"max_hp_per_floor":[75,75,75,75,75,75,75,75,75,75,75,75,75,75,75,75,75,75,75,75],"card_choices":[{"not_picked":["Redo","Darkness"],"picked":"Turbo","floor":1},{"not_picked":["Undo","Hologram"],"picked":"Fusion","floor":2},{"not_picked":["Rip and Tear","Hello World"],"picked":"Glacier","floor":5},{"not_picked":["Stack","Glacier"],"picked":"Compile Driver","floor":8},{"not_picked":["Sweeping Beam","Beam Cell"],"picked":"Amplify","floor":10},{"not_picked":["Cold Snap","Turbo","Streamline"],"picked":"SKIP","floor":11},{"not_picked":["Chaos","Streamline"],"picked":"Genetic Algorithm","floor":12},{"not_picked":["Sweeping Beam","Rebound","Gash"],"picked":"SKIP","floor":13},{"not_picked":["Seek","Amplify"],"picked":"Buffer","floor":16},{"not_picked":["Melter","Streamline","Static Discharge"],"picked":"SKIP","floor":18}],"player_experience":471973,"relics_obtained":[{"floor":6,"key":"Pantograph"},{"floor":9,"key":"Girya"},{"floor":10,"key":"Meat on the Bone"}],"event_choices":[{"damage_healed":0,"gold_gain":75,"player_choice":"Gather Gold","damage_taken":11,"max_hp_gain":0,"max_hp_loss":0,"event_name":"World of Goop","floor":4,"gold_loss":0},{"damage_healed":0,"gold_gain":0,"player_choice":"Got Potions","damage_taken":0,"max_hp_gain":0,"max_hp_loss":0,"event_name":"Lab","floor":14,"gold_loss":0}],"is_beta":false,"boss_relics":[{"not_picked":["Empty Cage","Astrolabe"],"picked":"Runic Pyramid"}],"items_purged_floors":[],"is_endless":false,"potions_floor_spawned":[2,5,10,12,13],"killed_by":"3 Byrds","ascension_level":5}}