{"host":"87mnajev72vv2sjg","time":1612074798,"event":{"mods":["BaseMod","BetterRewards","Colored Map","Curses Come First","Infinite Spire","Minty Spire (QoL Compilation)","Shop Mod","StSLib","SuperFastMode","The Wild Card"],"gold_per_floor":[113,128,144,163,179,210,210,266,347,367,367,382,396,407,407,407,407],"floor_reached":16,"language":"ENG","playtime":950,"items_purged":[],"score":106,"play_id":"da836d21-c8b7-411a-9a33-bc3b30c3bb6c","local_time":"20210131013318","is_ascension_mode":false,"campfire_choices":[{"floor":7,"key":"REST"},{"data":"theWildCard:Scathach","floor":11,"key":"SMITH"},{"floor":15,"key":"REST"}],"circlet_count":0,"master_deck":["theWildCard:BasicStrike","theWildCard:BasicStrike","theWildCard:BasicStrike","theWildCard:BasicStrike","theWildCard:BasicDefend","theWildCard:BasicDefend","theWildCard:BasicDefend","theWildCard:BasicDefend","theWildCard:CallToAdventure","theWildCard:Arsene","theWildCard:Scathach+1","theWildCard:Michael","theWildCard:SeveringSlash","theWildCard:SeveringSlash","theWildCard:Patience","theWildCard:ArcanaArtistry","theWildCard:SeveringSlash","theWildCard:StingingStrike","theWildCard:StingingStrike","theWildCard:ArchaicAssault"],"relics":["theWildCard:VelvetContract","NeowsBlessing","Ancient Tea Set","Mango","Bottled Flame","Odd Mushroom"],"acts_visited":["Exordium"],"potions_floor_usage":[],"damage_taken":[{"damage":0,"enemies":"Jaw Worm","floor":1,"turns":1},{"damage":0,"enemies":"2 Louse","floor":2,"turns":1},{"damage":0,"enemies":"Cultist","floor":3,"turns":1},{"damage":0,"enemies":"Large Slime","floor":4,"turns":3},{"damage":0,"enemies":"Lots of Slimes","floor":5,"turns":1},{"damage":44,"enemies":"Gremlin Nob","floor":6,"turns":5},{"damage":21,"enemies":"Gremlin Nob","floor":8,"turns":4},{"damage":18,"enemies":"The Mushroom Lair","floor":10,"turns":3},{"damage":5,"enemies":"Blue Slaver","floor":12,"turns":4},{"damage":1,"enemies":"2 Fungi Beasts","floor":13,"turns":3},{"damage":32,"enemies":"Large Slime","floor":14,"turns":5},{"damage":57,"enemies":"Hexaghost","floor":16,"turns":11}],"seed_played":"-3302670928680115233","potions_obtained":[{"floor":2,"key":"DuplicationPotion"},{"floor":5,"key":"DuplicationPotion"},{"floor":6,"key":"LiquidBronze"},{"floor":13,"key":"Strength Potion"}],"is_trial":false,"path_per_floor":["M","M","M","M","M","E","R","?","T","?","R","M","M","M","R","B"],"character_chosen":"THE_WILD_CARD","items_purchased":[],"campfire_rested":2,"item_purchase_floors":[],"current_hp_per_floor":[60,60,60,60,60,22,40,33,33,15,15,22,21,6,28,0,0],"gold":407,"neow_bonus":"THREE_ENEMY_KILL","is_daily":false,"chose_seed":false,"campfire_upgraded":1,"win_rate":0.0,"timestamp":1612074798,"path_taken":["M","M","M","M","M","E","R","?","T","?","R","?","M","M","R","BOSS"],"items_purchased_type":[],"build_version":"2020-12-22","purchased_purges":0,"victory":false,"max_hp_per_floor":[60,60,60,60,60,60,60,74,74,74,74,74,74,74,74,74,74],"card_choices":[{"not_picked":["theWildCard:BladeOfGenerations","theWildCard:MagicalMight"],"picked":"theWildCard:Scathach","floor":1},{"not_picked":["theWildCard:Proficiency","theWildCard:Sakuya"],"picked":"theWildCard:Michael","floor":2},{"not_picked":["theWildCard:ArcaneArts","theWildCard:Attunement"],"picked":"theWildCard:SeveringSlash","floor":3},{"not_picked":["theWildCard:Safeguard","theWildCard:Providence","theWildCard:Abstinence"],"picked":"SKIP","floor":4},{"not_picked":["theWildCard:ArcaneArts","theWildCard:Unburden"],"picked":"theWildCard:SeveringSlash","floor":5},{"not_picked":["theWildCard:StalwartBlade","theWildCard:Attunement"],"picked":"theWildCard:Patience","floor":6},{"not_picked":["theWildCard:PowerOfTheArcana","theWildCard:PaleRider"],"picked":"theWildCard:ArcanaArtistry","floor":8},{"not_picked":["theWildCard:UnendingRitual","theWildCard:FinalHour"],"picked":"theWildCard:SeveringSlash","floor":10},{"not_picked":["theWildCard:Unburden","theWildCard:Scathach"],"picked":"theWildCard:StingingStrike","floor":12},{"not_picked":["theWildCard:StalwartBlade","theWildCard:MagicalMight"],"picked":"theWildCard:StingingStrike","floor":13},{"not_picked":["theWildCard:StalwartBlade","theWildCard:StingingStrike"],"picked":"theWildCard:ArchaicAssault","floor":14}],"player_experience":317960,"relics_obtained":[{"floor":6,"key":"Ancient Tea Set"},{"floor":8,"key":"Mango"},{"floor":9,"key":"Bottled Flame"},{"floor":10,"key":"Odd Mushroom"}],"event_choices":[{"damage_healed":0,"gold_gain":30,"player_choice":"Searched \u00272\u0027 times","damage_taken":0,"max_hp_gain":0,"max_hp_loss":0,"event_name":"Dead Adventurer","floor":8,"gold_loss":0},{"damage_healed":0,"gold_gain":0,"player_choice":"Fought Mushrooms","damage_taken":0,"max_hp_gain":0,"max_hp_loss":0,"event_name":"Mushrooms","floor":10,"gold_loss":0}],"is_beta":false,"boss_relics":[],"items_purged_floors":[],"is_endless":false,"potions_floor_spawned":[2,5,6,10,13],"killed_by":"Hexaghost","ascension_level":0}}