{"host":"skr63qsdfgeey3it","time":1612072347,"event":{"mods":["BaseMod","Colored Map","Hubris","Minty Spire (QoL Compilation)","Replay The Spire","Spicy Shops","StSLib"],"gold_per_floor":[110,30,30,305,322,352,363,105,105,121,132,132,132,151,151,255,255,142,155,4,4,22,49,229,229,229],"floor_reached":25,"language":"ENG","playtime":1398,"items_purged":["Regret"],"score":372,"play_id":"03e9314f-ae4f-4a25-88a8-9bbff1af7f43","local_time":"20210130235227","is_ascension_mode":true,"campfire_choices":[{"floor":12,"key":"REST"}],"circlet_count":0,"master_deck":["AscendersBane","Strike_B+1","Strike_B+1","Defend_B","Zap","Dualcast","Static Discharge","Echo Form","hubris:Ukulele","Leap","Undo","Parasite","Hello World","Ball Lightning","Ball Lightning","Streamline+1","Double Energy","Force Field"],"relics":["Cracked Core","NeowsBlessing","Replay:Wax Seal","hubris:Reverence","Runic Capacitor","Replay:Bottled Flurry","FaceOfCleric","Prayer Wheel","Kintsugi","Lee\u0027s Waffle","Pantograph"],"acts_visited":["Exordium","TheCity"],"potions_floor_usage":[16,18,18,23,25],"damage_taken":[{"damage":0,"enemies":"Jaw Worm","floor":1,"turns":1},{"damage":0,"enemies":"2 Louse","floor":5,"turns":1},{"damage":0,"enemies":"3 Sentries","floor":6,"turns":1},{"damage":6,"enemies":"Cultist","floor":7,"turns":3},{"damage":9,"enemies":"3 Louse","floor":10,"turns":3},{"damage":11,"enemies":"Lots of Slimes","floor":11,"turns":5},{"damage":1,"enemies":"Red Slaver","floor":14,"turns":3},{"damage":11,"enemies":"The Guardian","floor":16,"turns":9},{"damage":22,"enemies":"2 Thieves","floor":18,"turns":4},{"damage":19,"enemies":"3 Byrds","floor":19,"turns":4},{"damage":12,"enemies":"Centurion and Healer","floor":22,"turns":5},{"damage":41,"enemies":"Gremlin Leader","floor":23,"turns":6},{"damage":18,"enemies":"Snake Plant","floor":25,"turns":5}],"seed_played":"-8325783450801117045","potions_obtained":[{"floor":6,"key":"Elixir"},{"floor":11,"key":"LiquidMemories"},{"floor":14,"key":"GamblersBrew"},{"floor":22,"key":"Strength Potion"},{"floor":23,"key":"SkillPotion"}],"is_trial":false,"path_per_floor":["M","$","?","?","M","E","M","$","T","M","M","R","?","M","R_BF","B",null,"M","M","$","$","M","E","?","M"],"character_chosen":"DEFECT","items_purchased":["Replay:Wax Seal","hubris:Ukulele","Runic Capacitor","Lee\u0027s Waffle"],"campfire_rested":1,"item_purchase_floors":[2,8,8,20],"current_hp_per_floor":[68,68,53,53,53,53,47,47,47,38,27,49,49,49,49,39,68,47,29,86,86,75,35,16,0,0],"gold":229,"neow_bonus":"THREE_ENEMY_KILL","is_daily":false,"chose_seed":false,"campfire_upgraded":0,"win_rate":0.0,"timestamp":1612072347,"path_taken":["M","$","?","?","M","E","?","$","T","M","M","R","?","M","R_BF","BOSS","M","M","?","$","?","E","?","M"],"items_purchased_type":["Relic","Card","Relic","Relic"],"build_version":"2020-12-22","purchased_purges":1,"victory":false,"max_hp_per_floor":[75,75,75,75,75,75,75,75,75,75,75,75,75,76,76,77,77,78,79,86,86,87,88,88,88,88],"card_choices":[{"not_picked":["Sweeping Beam","ReplaySort","Steam"],"picked":"SKIP","floor":1},{"not_picked":["Tempest","Sweeping Beam"],"picked":"Static Discharge","floor":5},{"not_picked":["Panic Button","BasicCrystalCard"],"picked":"Echo Form","floor":6},{"not_picked":["Melter","Double Energy","FTL"],"picked":"SKIP","floor":7},{"not_picked":["Beam Cell","Turbo"],"picked":"Leap","floor":10},{"not_picked":["Steam Power","Beam Cell"],"picked":"Undo","floor":11},{"not_picked":["Sweeping Beam","Panic Button","Hyperbeam"],"picked":"SKIP","floor":14},{"not_picked":["Reboot","Seek"],"picked":"Multi-Cast","floor":16},{"not_picked":["Steam+1","Coolheaded"],"picked":"Hello World","floor":18},{"not_picked":["Beam Cell+1","ReplayTheSpireMod:Reroute Power"],"picked":"Ball Lightning","floor":18},{"not_picked":["BasicCrystalCard","Steam"],"picked":"Ball Lightning","floor":19},{"not_picked":["Time Bomb","FTL"],"picked":"Streamline+1","floor":19},{"not_picked":["ReplayTheSpireMod:System Scan","White Noise"],"picked":"Double Energy","floor":22},{"not_picked":["Leap","Gash"],"picked":"Force Field","floor":22},{"not_picked":["Steam+1","Leap","BasicCrystalCard"],"picked":"SKIP","floor":23}],"player_experience":834804,"relics_obtained":[{"floor":6,"key":"hubris:Reverence"},{"floor":9,"key":"Replay:Bottled Flurry"},{"floor":23,"key":"Pantograph"}],"event_choices":[{"damage_healed":0,"gold_gain":0,"player_choice":"Entered Light","damage_taken":15,"max_hp_gain":0,"max_hp_loss":0,"event_name":"Shining Light","floor":3,"gold_loss":0,"cards_upgraded":["Strike_B","Strike_B"]},{"damage_healed":0,"gold_gain":275,"player_choice":"Desecrate","damage_taken":0,"max_hp_gain":0,"max_hp_loss":0,"event_name":"Golden Shrine","floor":4,"gold_loss":0,"cards_obtained":["Regret"]},{"damage_healed":0,"gold_gain":0,"player_choice":"Trade","damage_taken":0,"relics_obtained":["FaceOfCleric"],"max_hp_gain":0,"max_hp_loss":0,"event_name":"FaceTrader","floor":13,"gold_loss":0},{"damage_healed":0,"gold_gain":180,"player_choice":"GOLD GOLD ","damage_taken":19,"max_hp_gain":0,"max_hp_loss":0,"event_name":"Knowing Skull","floor":24,"potions_obtained":[],"gold_loss":0,"cards_obtained":[]}],"is_beta":false,"boss_relics":[{"not_picked":["Replay:Wanted Poster","Replay:Bronze Core"],"picked":"Kintsugi"}],"items_purged_floors":[8],"is_endless":false,"potions_floor_spawned":[6,11,14,22,23],"killed_by":"Snake Plant","ascension_level":10}}