{"host":"sd43e7bfckslw1n5","time":1612078115,"event":{"mods":["BaseMod","Colored Powertips","Hermit","Minty Spire (QoL Compilation)","StSLib","Steal the Spire","The Wild Card"],"gold_per_floor":[113,288,299,299,312,346,346,359,386,386,397,414,414,430,430,535,535,518,534,534,387,387,387,387],"floor_reached":23,"language":"ENG","playtime":1606,"items_purged":[],"score":203,"play_id":"9e51eefb-a1c4-4cfb-a084-4ea189ed4a16","local_time":"20210131012835","is_ascension_mode":true,"campfire_choices":[{"data":"Zap","floor":7.0,"key":"SMITH"},{"floor":10.0,"key":"REST"},{"data":"Creative AI","floor":13.0,"key":"SMITH"},{"data":"Hello World","floor":15,"key":"SMITH"}],"circlet_count":0,"master_deck":["Strike_B","Strike_B","Strike_B","Strike_B","Defend_B","Defend_B","Defend_B","Defend_B","Zap+1","Dualcast","Gash","Static Discharge","Cold Snap","Steam","Hello World+1","Creative AI+1","Barrage","Heatsinks","Amplify","Redo+1","Stack","Coolheaded","Consume","Conserve Battery+1","Chaos","Glacier+1"],"relics":["Cracked Core","Bronze Scales","Potion Belt","Orichalcum","Inserter","Nilry\u0027s Codex","Orrery","MutagenicStrength"],"acts_visited":["Exordium","TheCity"],"potions_floor_usage":[23,23],"damage_taken":[{"damage":4.0,"enemies":"Small Slimes","floor":1.0,"turns":3.0},{"damage":6.0,"enemies":"Jaw Worm","floor":3.0,"turns":3.0},{"damage":1.0,"enemies":"Cultist","floor":5.0,"turns":3.0},{"damage":29.0,"enemies":"Lagavulin","floor":6.0,"turns":6.0},{"damage":0.0,"enemies":"Looter","floor":8.0,"turns":3.0},{"damage":7.0,"enemies":"Blue Slaver","floor":11.0,"turns":3.0},{"damage":16.0,"enemies":"2 Fungi Beasts","floor":12.0,"turns":3.0},{"damage":9,"enemies":"Exordium Thugs","floor":14,"turns":4},{"damage":15,"enemies":"The Guardian","floor":16,"turns":9},{"damage":11,"enemies":"2 Thieves","floor":18,"turns":4},{"damage":15,"enemies":"Shell Parasite","floor":19,"turns":4},{"damage":33,"enemies":"Book of Stabbing","floor":23,"turns":5}],"seed_played":"8696090091235642620","potions_obtained":[{"floor":6.0,"key":"DistilledChaos"},{"floor":11.0,"key":"Explosive Potion"},{"floor":16,"key":"SkillPotion"}],"is_trial":false,"path_per_floor":["M","?","M","?","M","E","R","M","T","R","M","M","R","M","R","B",null,"M","M","?","$","?","E"],"character_chosen":"DEFECT","items_purchased":["Orrery"],"campfire_rested":1,"item_purchase_floors":[21],"current_hp_per_floor":[71,71,65,65,64,35,35,35,35,57,50,34,34,25,25,10,75,64,49,33,33,33,0,0],"gold":387,"neow_bonus":"RANDOM_COMMON_RELIC","is_daily":false,"chose_seed":false,"campfire_upgraded":3,"win_rate":0.0,"timestamp":1612078115,"path_taken":["M","?","M","?","M","E","R","M","T","R","M","M","R","?","R","BOSS","M","M","?","$","?","E"],"items_purchased_type":["Relic"],"build_version":"2020-12-22","purchased_purges":0,"victory":false,"max_hp_per_floor":[75,75,75,75,75,75,75,75,75,75,75,75,75,75,75,75,75,75,75,75,75,75,75,75],"card_choices":[{"not_picked":["Rebound","Beam Cell"],"picked":"Gash","floor":1.0},{"not_picked":["Rebound","Barrage"],"picked":"Static Discharge","floor":3.0},{"not_picked":["Redo","Hologram"],"picked":"Cold Snap","floor":5.0},{"not_picked":["Rebound","Leap"],"picked":"Steam","floor":6.0},{"not_picked":["Stack","Beam Cell"],"picked":"Hello World","floor":8.0},{"not_picked":["Coolheaded","Force Field"],"picked":"Creative AI","floor":11.0},{"not_picked":["Reprogram","Hologram"],"picked":"Barrage","floor":12.0},{"not_picked":["Steam","Reprogram"],"picked":"Heatsinks","floor":14},{"not_picked":["Seek","Thunder Strike"],"picked":"Amplify","floor":16},{"not_picked":["Auto Shields","Static Discharge"],"picked":"Redo+1","floor":18},{"not_picked":["Steam Power","Rebound"],"picked":"Stack","floor":19},{"not_picked":["Go for the Eyes","Reboot"],"picked":"Coolheaded","floor":21},{"not_picked":["Rebound+1","Redo"],"picked":"Consume","floor":21},{"not_picked":["Stack+1","Steam Power+1"],"picked":"Conserve Battery+1","floor":21},{"not_picked":["Coolheaded","Stack"],"picked":"Chaos","floor":21},{"not_picked":["Ball Lightning","FTL+1"],"picked":"Glacier+1","floor":21}],"player_experience":81327,"relics_obtained":[{"floor":6.0,"key":"Potion Belt"},{"floor":9.0,"key":"Orichalcum"},{"floor":20,"key":"Nilry\u0027s Codex"}],"event_choices":[{"damage_healed":0.0,"max_hp_gain":0.0,"max_hp_loss":0.0,"gold_gain":175.0,"event_name":"Liars Game","player_choice":"AGREE","floor":2.0,"gold_loss":0.0,"damage_taken":0.0,"cards_obtained":["Doubt"]},{"cards_removed":["Doubt"],"damage_healed":0.0,"max_hp_gain":0.0,"max_hp_loss":0.0,"gold_gain":0.0,"event_name":"Wheel of Change","player_choice":"Card Removal","floor":4.0,"gold_loss":0.0,"damage_taken":0.0},{"damage_healed":0,"gold_gain":0,"player_choice":"Obtained Book","damage_taken":16,"max_hp_gain":0,"max_hp_loss":0,"event_name":"Cursed Tome","floor":20,"gold_loss":0},{"damage_healed":0,"gold_gain":0,"player_choice":"Inject Mutagens","damage_taken":0,"relics_obtained":["MutagenicStrength"],"max_hp_gain":0,"max_hp_loss":0,"event_name":"Drug Dealer","floor":22,"gold_loss":0}],"is_beta":false,"boss_relics":[{"not_picked":["Runic Dome","Snecko Eye"],"picked":"Inserter"}],"items_purged_floors":[],"is_endless":false,"potions_floor_spawned":[6,11,16],"killed_by":"Book of Stabbing","ascension_level":1}}