{"host":"91blwi3hgehj6ch9","time":1612101256,"event":{"mods":["2.2 Compatiblity","AchievementEnabler","BaseMod","Colored Map","DeckTracker","Keyboard Shortcuts","Minty Spire (QoL Compilation)","Permanent Neow","Quick Restart","StSLib","SuperFastMode","everything is the same but u backflip on backflip"],"gold_per_floor":[116,132,132,132,149,181,195,120,120,52,63,63,90,101,101,174,174,187,286,286,33,33,61,61,80,80,114,130,159,159,34,34,112,112,130,145,163,175,193,227,227,252,252,283,283,298,298,329,329,329,329,329,110,140,140],"floor_reached":56,"language":"KOR","playtime":2016,"items_purged":["Strike_P","Defend_P","Strike_P","Strike_P"],"score":2400,"play_id":"77820684-740f-43f2-bae4-f2b21eea0231","local_time":"20210131225416","is_ascension_mode":true,"campfire_choices":[{"data":"WheelKick","floor":15.0,"key":"SMITH"},{"floor":24.0,"key":"REST"},{"floor":30.0,"key":"REST"},{"floor":32.0,"key":"RECALL"},{"floor":41.0,"key":"REST"},{"floor":47.0,"key":"REST"},{"floor":49.0,"key":"REST"},{"floor":52.0,"key":"REST"}],"circlet_count":0,"master_deck":["AscendersBane","Strike_P+1","Defend_P","Defend_P+1","Eruption","Vigilance","Wallop+1","Swivel","FollowUp","Protect+1","Omniscience","Worship","WheelKick+1","Vault+1","Ragnarok+1","Fasting2+1","LessonLearned+1","SpiritShield+1","MentalFortress+1","Wallop+1","SpiritShield+1","Adaptation+1"],"relics":["Snecko Eye","Frozen Egg 2","Pantograph","Letter Opener","Bag of Marbles","Fusion Hammer","Eternal Feather","TeardropLocket","Yang","HornCleat","PreservedInsect","Sozu","Lantern","Gremlin Horn","Shuriken","Lizard Tail","Bottled Lightning"],"acts_visited":["Exordium","TheCity","TheBeyond","TheEnding"],"potions_floor_usage":[55],"damage_taken":[{"damage":0.0,"enemies":"2 Louse","floor":1.0,"turns":2.0},{"damage":0.0,"enemies":"Small Slimes","floor":2.0,"turns":1.0},{"damage":0.0,"enemies":"Jaw Worm","floor":5.0,"turns":2.0},{"damage":0.0,"enemies":"Lagavulin","floor":6.0,"turns":3.0},{"damage":0.0,"enemies":"Blue Slaver","floor":7.0,"turns":3.0},{"damage":0.0,"enemies":"Exordium Thugs","floor":11.0,"turns":3.0},{"damage":2.0,"enemies":"Gremlin Nob","floor":13.0,"turns":3.0},{"damage":0.0,"enemies":"Lots of Slimes","floor":14.0,"turns":2.0},{"damage":7.0,"enemies":"Slime Boss","floor":16.0,"turns":6.0},{"damage":6.0,"enemies":"Shell Parasite","floor":18.0,"turns":3.0},{"damage":0.0,"enemies":"Gremlin Leader","floor":23.0,"turns":3.0},{"damage":0.0,"enemies":"Chosen","floor":25.0,"turns":3.0},{"damage":0.0,"enemies":"Book of Stabbing","floor":27.0,"turns":3.0},{"damage":0.0,"enemies":"Sentry and Sphere","floor":28.0,"turns":2.0},{"damage":23.0,"enemies":"Gremlin Leader","floor":29.0,"turns":4.0},{"damage":0.0,"enemies":"Champ","floor":33.0,"turns":5.0},{"damage":0.0,"enemies":"3 Darklings","floor":35.0,"turns":2.0},{"damage":0.0,"enemies":"3 Shapes","floor":36.0,"turns":2.0},{"damage":0.0,"enemies":"3 Darklings","floor":37.0,"turns":2.0},{"damage":0.0,"enemies":"Writhing Mass","floor":38.0,"turns":2.0},{"damage":0.0,"enemies":"Transient","floor":39.0,"turns":6.0},{"damage":0.0,"enemies":"Reptomancer","floor":40.0,"turns":2.0},{"damage":0.0,"enemies":"Giant Head","floor":42.0,"turns":3.0},{"damage":0.0,"enemies":"Nemesis","floor":44.0,"turns":2.0},{"damage":0.0,"enemies":"4 Shapes","floor":46.0,"turns":2.0},{"damage":22.0,"enemies":"Reptomancer","floor":48.0,"turns":3.0},{"damage":2.0,"enemies":"Awakened One","floor":50.0,"turns":8.0},{"damage":0.0,"enemies":"Shield and Spear","floor":54.0,"turns":3.0},{"damage":106,"enemies":"The Heart","floor":55,"turns":11}],"seed_played":"4356529661881987339","potions_obtained":[{"floor":1.0,"key":"BlessingOfTheForge"},{"floor":5.0,"key":"AttackPotion"},{"floor":16.0,"key":"SkillPotion"},{"floor":25.0,"key":"Weak Potion"}],"is_trial":false,"path_per_floor":["M","M","?","?","M","E","M","$","T","$","M","?","E","M","R","B",null,"M","?","T","$","?","E","R","M","T","E","M","E","R","$","R","B",null,"M","M","M","M","M","E","R","E","T","E","?","M","R","E","R","B",null,"R","$","E","B",null],"character_chosen":"WATCHER","items_purchased":["Omniscience","Ragnarok","Adaptation+1"],"campfire_rested":6,"item_purchase_floors":[10,21,53],"current_hp_per_floor":[61,61,61,54,54,54,54,54,54,54,54,40,38,38,38,56,65,59,59,59,59,47,47,73,73,73,73,73,50,73,73,73,73,73,73,73,73,73,73,73,73,73,73,73,73,73,73,51,73,71,73,73,73,73,6],"gold":140,"neow_bonus":"BOSS_RELIC","is_daily":false,"chose_seed":false,"campfire_upgraded":1,"win_rate":0.0,"timestamp":1612101256,"path_taken":["M","M","?","?","M","E","M","$","T","$","M","?","E","M","R","BOSS","M","?","?","$","?","E","R","?","T","E","M","E","R","?","R","BOSS","M","M","M","M","?","E","R","E","T","E","?","M","R","E","R","BOSS","R","$","E","BOSS"],"items_purchased_type":["Card","Card","Card"],"build_version":"2020-12-22","purchased_purges":4,"victory":true,"max_hp_per_floor":[68,68,68,68,68,68,68,68,68,68,68,68,68,68,68,68,68,68,68,68,68,73,73,73,73,73,73,73,73,73,73,73,73,73,73,73,73,73,73,73,73,73,73,73,73,73,73,73,73,73,73,73,73,73,73],"card_choices":[{"not_picked":["DeceiveReality","ReachHeaven"],"picked":"Wallop","floor":1.0},{"not_picked":["Prostrate","EmptyBody"],"picked":"Swivel","floor":2.0},{"not_picked":["CrushJoints","BowlingBash"],"picked":"FollowUp","floor":5.0},{"not_picked":["ConjureBlade","SashWhip","JustLucky"],"picked":"SKIP","floor":6.0},{"not_picked":["Study+1","CutThroughFate"],"picked":"Protect","floor":7.0},{"not_picked":["Crescendo","ThirdEye","FlurryOfBlows"],"picked":"SKIP","floor":11.0},{"not_picked":["LessonLearned","WaveOfTheHand"],"picked":"Worship","floor":13.0},{"not_picked":["FollowUp","Weave"],"picked":"WheelKick","floor":14.0},{"not_picked":["Blasphemy","Judgement"],"picked":"Vault","floor":16.0},{"not_picked":["BattleHymn+1","FlurryOfBlows","Indignation"],"picked":"SKIP","floor":18.0},{"not_picked":["Judgement","FlyingSleeves","WreathOfFlame"],"picked":"SKIP","floor":23.0},{"not_picked":["CarveReality+1","BattleHymn+1","Crescendo"],"picked":"SKIP","floor":25.0},{"not_picked":["CutThroughFate","BowlingBash"],"picked":"Fasting2+1","floor":27.0},{"not_picked":["LikeWater+1","Pray","ClearTheMind+1"],"picked":"SKIP","floor":28.0},{"not_picked":["Meditate","DeceiveReality"],"picked":"LessonLearned","floor":29.0},{"not_picked":["ConjureBlade","DeusExMachina"],"picked":"SpiritShield","floor":33.0},{"not_picked":["Meditate","WaveOfTheHand","FearNoEvil"],"picked":"SKIP","floor":35.0},{"not_picked":["PathToVictory","Prostrate","EmptyFist"],"picked":"SKIP","floor":36.0},{"not_picked":["ClearTheMind","CutThroughFate"],"picked":"MentalFortress+1","floor":37.0},{"not_picked":["EmptyBody","SashWhip+1","Wallop"],"picked":"SKIP","floor":38.0},{"not_picked":["Consecrate","CutThroughFate","Halt"],"picked":"SKIP","floor":39.0},{"not_picked":["JustLucky","EmptyBody+1"],"picked":"Wallop","floor":40.0},{"not_picked":["ThirdEye","BowlingBash+1","Wireheading+1"],"picked":"SKIP","floor":42.0},{"not_picked":["BattleHymn+1","Pray+1","FollowUp"],"picked":"SKIP","floor":44.0},{"not_picked":["FearNoEvil+1","Sanctity","WaveOfTheHand"],"picked":"SKIP","floor":46.0},{"not_picked":["Crescendo+1","Evaluate"],"picked":"SpiritShield","floor":48.0},{"not_picked":["ReachHeaven","Evaluate","Prostrate"],"picked":"SKIP","floor":54.0}],"player_experience":190923,"relics_obtained":[{"floor":6.0,"key":"Pantograph"},{"floor":9.0,"key":"Letter Opener"},{"floor":13.0,"key":"Bag of Marbles"},{"floor":20.0,"key":"Eternal Feather"},{"floor":23.0,"key":"TeardropLocket"},{"floor":26.0,"key":"Yang"},{"floor":27.0,"key":"HornCleat"},{"floor":29.0,"key":"PreservedInsect"},{"floor":40.0,"key":"Lantern"},{"floor":42.0,"key":"Gremlin Horn"},{"floor":44.0,"key":"Shuriken"},{"floor":48.0,"key":"Lizard Tail"},{"floor":54.0,"key":"Bottled Lightning"}],"event_choices":[{"cards_removed":["Defend_P"],"damage_healed":0.0,"max_hp_gain":0.0,"max_hp_loss":0.0,"gold_gain":0.0,"event_name":"Living Wall","player_choice":"Forget","floor":3.0,"gold_loss":0.0,"damage_taken":0.0},{"damage_healed":0.0,"max_hp_gain":0.0,"max_hp_loss":0.0,"gold_gain":0.0,"event_name":"Scrap Ooze","player_choice":"Success","floor":4.0,"gold_loss":0.0,"damage_taken":7.0,"relics_obtained":["Frozen Egg 2"]},{"damage_healed":0.0,"max_hp_gain":0.0,"max_hp_loss":0.0,"gold_gain":0.0,"event_name":"Shining Light","player_choice":"Entered Light","floor":12.0,"gold_loss":0.0,"damage_taken":14.0,"cards_upgraded":["Wallop","Defend_P"]},{"damage_healed":0.0,"max_hp_gain":0.0,"max_hp_loss":0.0,"gold_gain":99.0,"event_name":"Nest","player_choice":"Stole From Cult","floor":19.0,"gold_loss":0.0,"damage_taken":0.0},{"damage_healed":0.0,"max_hp_gain":5.0,"max_hp_loss":0.0,"gold_gain":0.0,"event_name":"Forgotten Altar","player_choice":"Shed Blood","floor":22.0,"gold_loss":0.0,"damage_taken":17.0},{"damage_healed":0.0,"max_hp_gain":0.0,"max_hp_loss":0.0,"gold_gain":0.0,"event_name":"Upgrade Shrine","player_choice":"Upgraded","floor":45.0,"gold_loss":0.0,"damage_taken":0.0,"cards_upgraded":["Wallop"]}],"is_beta":false,"boss_relics":[{"not_picked":["Runic Pyramid","SlaversCollar"],"picked":"Fusion Hammer"},{"not_picked":["Calling Bell","Astrolabe"],"picked":"Sozu"}],"items_purged_floors":[8,21,31,53],"is_endless":false,"potions_floor_spawned":[1,5,6,13,16,25,27,28,37,38,39,44,46,54],"ascension_level":14}}