{"host":"6xsbn6ynqlzwllfm","time":1612079185,"event":{"mods":["2.2 Compatiblity","BaseMod","Bestiary","Colored Map","Colored Powertips","Curses Come First","Highlight Path","Keyboard Shortcuts","Minty Spire (QoL Compilation)","Relic Stats","Slay the Relics Exporter","StSLib","SuperFastMode"],"gold_per_floor":[20,20,20,20,70,103,117,117,142,174,174,190,190,201,201,201,201],"floor_reached":16,"language":"ENG","playtime":318,"items_purged":[],"score":266,"play_id":"098d5c24-9ccc-4f15-9a2f-f72d2e147464","local_time":"20210131024625","is_ascension_mode":true,"campfire_choices":[{"data":"Omniscience","floor":8.0,"key":"SMITH"},{"data":"FlyingSleeves","floor":11.0,"key":"SMITH"},{"data":"MentalFortress","floor":13.0,"key":"SMITH"},{"data":"TalkToTheHand","floor":15,"key":"SMITH"}],"circlet_count":0,"master_deck":["AscendersBane","Strike_P","Strike_P+1","Strike_P","Defend_P","Defend_P","Defend_P+1","Eruption","Vigilance","Omniscience+1","FlyingSleeves+1","Judgement","Protect","MentalFortress+1","TalkToTheHand+1","Protect","BowlingBash"],"relics":["PureWater","Lantern","Juzu Bracelet","Tiny Chest"],"acts_visited":["Exordium"],"potions_floor_usage":[16],"damage_taken":[{"damage":0.0,"enemies":"2 Louse","floor":1.0,"turns":2.0},{"damage":0.0,"enemies":"Lagavulin","floor":6.0,"turns":4.0},{"damage":2.0,"enemies":"Small Slimes","floor":7.0,"turns":2.0},{"damage":27.0,"enemies":"Gremlin Nob","floor":10.0,"turns":4.0},{"damage":0.0,"enemies":"Cultist","floor":12.0,"turns":3.0},{"damage":0,"enemies":"Blue Slaver","floor":14,"turns":3},{"damage":6,"enemies":"The Guardian","floor":16,"turns":8}],"seed_played":"-2872410759823441152","potions_obtained":[{"floor":1.0,"key":"EntropicBrew"},{"floor":6.0,"key":"EssenceOfSteel"},{"floor":10.0,"key":"Fire Potion"}],"is_trial":false,"path_per_floor":["M","?","?","?","?","E","M","R","T","E","R","M","R","M","R","B"],"character_chosen":"WATCHER","items_purchased":[],"campfire_rested":0,"item_purchase_floors":[],"current_hp_per_floor":[61,61,41,34,34,34,32,32,32,5,5,5,5,5,5,0,0],"gold":201,"neow_bonus":"THREE_RARE_CARDS","is_daily":false,"chose_seed":false,"campfire_upgraded":4,"win_rate":0.0,"timestamp":1612079185,"path_taken":["M","?","?","?","?","E","M","R","T","E","R","M","R","M","R","BOSS"],"items_purchased_type":[],"build_version":"2020-12-22","purchased_purges":0,"victory":false,"max_hp_per_floor":[68,68,68,68,68,68,68,68,68,68,68,68,68,68,68,68,68],"relic_stats":{"counters":[7,26],"Tiny Chest":0,"Juzu Bracelet":0,"obtain_stats":[{"Lantern":6,"Tiny Chest":10,"Juzu Bracelet":9,"PureWater":0},{"Lantern":2,"Tiny Chest":4,"Juzu Bracelet":3,"PureWater":0},{"Lantern":6,"Tiny Chest":12,"Juzu Bracelet":8,"PureWater":0}]},"card_choices":[{"not_picked":["Devotion","Brilliance"],"picked":"Omniscience","floor":0.0},{"not_picked":["ThirdEye","Crescendo"],"picked":"FlyingSleeves","floor":1.0},{"not_picked":["Evaluate","Prostrate"],"picked":"Protect","floor":6.0},{"not_picked":["WreathOfFlame","Protect"],"picked":"MentalFortress","floor":7.0},{"not_picked":["Consecrate","Prostrate"],"picked":"TalkToTheHand","floor":10.0},{"not_picked":["Sanctity","CutThroughFate"],"picked":"Protect","floor":12.0},{"not_picked":["SignatureMove","Conclude"],"picked":"BowlingBash","floor":14}],"player_experience":1331669,"relics_obtained":[{"floor":6.0,"key":"Lantern"},{"floor":9.0,"key":"Juzu Bracelet"},{"floor":10.0,"key":"Tiny Chest"}],"event_choices":[{"damage_healed":0.0,"max_hp_gain":0.0,"max_hp_loss":0.0,"gold_gain":0.0,"cards_transformed":["Strike_P"],"event_name":"Living Wall","player_choice":"Change","floor":2.0,"gold_loss":0.0,"damage_taken":0.0,"cards_obtained":["Judgement"]},{"damage_healed":0.0,"max_hp_gain":0.0,"max_hp_loss":0.0,"gold_gain":0.0,"event_name":"Shining Light","player_choice":"Entered Light","floor":3.0,"gold_loss":0.0,"damage_taken":20.0,"cards_upgraded":["Defend_P","Strike_P"]},{"cards_removed":["Defend_P"],"damage_healed":0.0,"max_hp_gain":0.0,"max_hp_loss":0.0,"gold_gain":0.0,"event_name":"Golden Wing","player_choice":"Card Removal","floor":4.0,"gold_loss":0.0,"damage_taken":7.0},{"damage_healed":0.0,"max_hp_gain":0.0,"max_hp_loss":0.0,"gold_gain":50.0,"event_name":"Golden Shrine","player_choice":"Pray","floor":5.0,"gold_loss":0.0,"damage_taken":0.0}],"is_beta":false,"boss_relics":[],"items_purged_floors":[],"is_endless":false,"potions_floor_spawned":[1,6,10],"killed_by":"The Guardian","ascension_level":20}}