{"host":"9slw7l0ws16384qq","time":1612115725,"event":{"mods":["A Penny For Your Troubles","BaseMod","Colored Map","Downfall","Evolution","Hubris","Minty Spire (QoL Compilation)","Replay The Spire","StS++","StSLib"],"gold_per_floor":[99,117,131,65,83,112,192,30,30,47,65,85,85,105,124,227,227,227,243,243,253,508,538,588,602,630,640,540,540,340,375,389,486,486,486,501,513,513,388,404,430,430,461,478,478,378,390,406,416,417],"floor_reached":51,"language":"FRA","playtime":2143,"items_purged":["bronze:Defend","bronze:Strike","bronze:Strike"],"score":1012,"play_id":"06ee4500-a904-4a1b-9a7f-82b9210ccfcb","local_time":"20210131185525","is_ascension_mode":true,"campfire_choices":[{"data":"bronze:OilSpill","floor":1,"key":"SMITH"},{"data":"bronze:OilSpill","floor":13,"key":"SMITH"},{"data":"bronze:Mutator","floor":18,"key":"SMITH"},{"data":"bronze:Branch","floor":30,"key":"SMITH"},{"floor":35,"key":"RECALL"}],"circlet_count":0,"master_deck":["bronze:OilSpill+1","bronze:Defend","bronze:Defend","bronze:Goto","bronze:OilSpill+1","bronze:OilSpill+1","bronze:OilSpill+1","bronze:Branch+1","bronze:Branch","bronze:Branch","bronze:Mutator+1","bronze:OilSpill+1","bronze:Branch","bronze:OilSpill+1"],"relics":["bronze:BronzeCore","EVO:Axolotl","hubris:OldNail","Shuriken","Lee\u0027s Waffle","Sozu","Bronze Scales","Dream Catcher","hubris:BottledHeart","downfall:HeartBlessingBlue","downfall:HeartBlessingGreen","hubris:BundleOfHerbs","Coffee Dripper","bronze:SilverBullet","bronze:BottledCode","hubris:Potato"],"acts_visited":["Exordium","TheCity","TheBeyond"],"potions_floor_usage":[26,50,50],"damage_taken":[{"damage":1,"enemies":"Cultist","floor":2,"turns":3},{"damage":0,"enemies":"Small Slimes","floor":3,"turns":2},{"damage":5,"enemies":"downfall:FleeingMerchant","floor":4,"turns":4},{"damage":0,"enemies":"2 Louse","floor":5,"turns":2},{"damage":26,"enemies":"Lagavulin","floor":6,"turns":4},{"damage":10,"enemies":"downfall:FleeingMerchant","floor":8,"turns":4},{"damage":8,"enemies":"Red Slaver","floor":10,"turns":2},{"damage":0,"enemies":"Blue Slaver","floor":11,"turns":2},{"damage":0,"enemies":"Gremlin Gang","floor":12,"turns":3},{"damage":6,"enemies":"3 Louse","floor":14,"turns":2},{"damage":7,"enemies":"Large Slime","floor":15,"turns":4},{"damage":25,"enemies":"IC_STATUS_ARCHETYPE","floor":16,"turns":5},{"damage":0,"enemies":"Chosen","floor":19,"turns":3},{"damage":0,"enemies":"Spheric Guardian","floor":21,"turns":2},{"damage":12,"enemies":"downfall:FleeingMerchant","floor":22,"turns":3},{"damage":8,"enemies":"Gremlin Leader","floor":23,"turns":5},{"damage":7,"enemies":"Centurion and Healer","floor":25,"turns":4},{"damage":11,"enemies":"Slavers","floor":26,"turns":5},{"damage":2,"enemies":"Chosen and Byrds","floor":27,"turns":4},{"damage":0,"enemies":"Gremlin Leader","floor":31,"turns":4},{"damage":0,"enemies":"Snecko","floor":32,"turns":3},{"damage":0,"enemies":"DF_ARCHETYPE_CLAW","floor":33,"turns":5},{"damage":0,"enemies":"3 Shapes","floor":36,"turns":3},{"damage":0,"enemies":"Orb Walker","floor":37,"turns":2},{"damage":0,"enemies":"Spire Growth","floor":40,"turns":3},{"damage":0,"enemies":"Reptomancer","floor":43,"turns":5},{"damage":0,"enemies":"Jaw Worm Horde","floor":44,"turns":3},{"damage":0,"enemies":"4 Shapes","floor":47,"turns":2},{"damage":0,"enemies":"Transient","floor":48,"turns":5},{"damage":0,"enemies":"Sphere and 2 Shapes","floor":49,"turns":1},{"damage":0,"enemies":"WA_ARCHETYPE_DIVINITY","floor":50,"turns":4}],"seed_played":"-7333925674289333826","potions_obtained":[{"floor":5,"key":"Strength Potion"},{"floor":10,"key":"ColorlessPotion"},{"floor":11,"key":"bronze:BurnAndBuffPotion"}],"is_trial":false,"path_per_floor":["R","M","M","$","M","E","T","$","?","M","M","M","R","M","M","B",null,"R","M","?","M","$","E","T","M","E","M","$","?","R","E","M","B",null,"R","M","M","?","$","M","T","?","E","M","?","NS","M","M","M","B",null],"character_chosen":"THE_AUTOMATON","items_purchased":["bronze:OilSpill","Lee\u0027s Waffle"],"campfire_rested":0,"item_purchase_floors":[4,8],"current_hp_per_floor":[77,76,76,71,71,45,45,84,84,76,76,76,76,70,63,38,84,84,84,76,76,64,56,56,49,38,36,36,1,1,1,1,1,1,1,1,1,1,1,1,1,1,1,1,1,1,1,1,1,1],"gold":417,"neow_bonus":"TEN_PERCENT_HP_BONUS","is_daily":false,"chose_seed":false,"campfire_upgraded":4,"win_rate":0.0,"timestamp":1612115725,"path_taken":["R","M","M","$","M","E","T","?","?","M","M","?","R","M","M","BOSS","R","M","?","?","$","E","T","M","E","M","$","?","R","E","M","BOSS","R","M","M","?","$","M","T","?","E","M","?","NS","?","M","M","BOSS"],"items_purchased_type":["Card","Relic"],"build_version":"2020-12-22","purchased_purges":3,"victory":true,"max_hp_per_floor":[77,77,77,77,77,77,77,84,84,84,84,84,84,84,84,84,84,84,84,84,84,84,84,84,84,84,84,84,1,1,1,1,1,1,1,1,1,1,1,1,1,1,1,1,1,1,1,1,1,1],"card_choices":[{"not_picked":["bronze:Shield","bronze:DelayedGuard"],"picked":"bronze:OilSpill","floor":2},{"not_picked":["bronze:Turbo","bronze:Overheat","bronze:BitShift"],"picked":"SKIP","floor":3},{"not_picked":["bronze:Flail","bronze:Return","bronze:Refactor"],"picked":"SKIP","floor":4},{"not_picked":["bronze:Flail","bronze:FineTuning","bronze:BitShift"],"picked":"SKIP","floor":5},{"not_picked":["bronze:BuggyMess","bronze:BitShift"],"picked":"bronze:OilSpill","floor":6},{"not_picked":["bronze:ChosenStrike","bronze:BitShift"],"picked":"bronze:Branch","floor":8},{"not_picked":["bronze:DarkDash","bronze:Overheat","bronze:NullPointer"],"picked":"SKIP","floor":10},{"not_picked":["bronze:FindAndReplace","bronze:DelayedSlice"],"picked":"bronze:Branch","floor":11},{"not_picked":["bronze:Shell","bronze:Backtrace","bronze:GetLatest"],"picked":"SKIP","floor":12},{"not_picked":["bronze:Repair","bronze:BuggyMess"],"picked":"bronze:Branch","floor":14},{"not_picked":["bronze:Iterate","bronze:BuggyMess","bronze:Deprecate"],"picked":"SKIP","floor":15},{"not_picked":["bronze:Format","bronze:Assembly"],"picked":"bronze:Mutator","floor":16},{"not_picked":["bronze:WhirlingStrike+1","bronze:Iterate","bronze:Invalidate+1"],"picked":"SKIP","floor":19},{"not_picked":["bronze:Deprecate","bronze:Refactor","bronze:WildBeam"],"picked":"SKIP","floor":21},{"not_picked":["bronze:WhirlingStrike","bronze:Iterate","bronze:FineTuning+1"],"picked":"SKIP","floor":22},{"not_picked":["bronze:ClassDefault+1","bronze:GetLatest","bronze:WhirlingStrike"],"picked":"SKIP","floor":23},{"not_picked":["bronze:CutThrough","bronze:Optimize","bronze:DelayedGuard+1"],"picked":"SKIP","floor":25},{"not_picked":["bronze:Separator","bronze:CleanCode","bronze:Return+1"],"picked":"SKIP","floor":26},{"not_picked":["bronze:Philosophize+1","bronze:FineTuning+1","bronze:ChildClass"],"picked":"SKIP","floor":27},{"not_picked":["bronze:Turbo","bronze:BuggyMess","bronze:Constructor"],"picked":"SKIP","floor":31},{"not_picked":["bronze:Philosophize","bronze:Boost+1","bronze:Iterate"],"picked":"SKIP","floor":32},{"not_picked":["bronze:BitShift+1","bronze:Boost+1","bronze:FollowUp"],"picked":"SKIP","floor":36},{"not_picked":["bronze:BugBarrage","bronze:WhirlingStrike"],"picked":"bronze:OilSpill","floor":37},{"not_picked":["bronze:Separator","bronze:ClassDefault","bronze:BitShift+1"],"picked":"SKIP","floor":40},{"not_picked":["bronze:HardenedForm","bronze:CutThrough"],"picked":"bronze:Branch","floor":43},{"not_picked":["bronze:DelayedGuard","bronze:BugBarrage","bronze:ForceShield"],"picked":"SKIP","floor":44},{"not_picked":["bronze:MaxOutput+1","bronze:Constructor","bronze:DelayedGuard"],"picked":"SKIP","floor":47},{"not_picked":["bronze:Constructor+1","bronze:Optimize"],"picked":"bronze:OilSpill+1","floor":48},{"not_picked":["bronze:DelayedSlice","bronze:Mutator","bronze:Invalidate"],"picked":"SKIP","floor":49}],"player_experience":1559196,"relics_obtained":[{"floor":6,"key":"hubris:OldNail"},{"floor":7,"key":"Shuriken"},{"floor":23,"key":"Bronze Scales"},{"floor":26,"key":"Dream Catcher"},{"floor":31,"key":"hubris:BundleOfHerbs"},{"floor":41,"key":"bronze:SilverBullet"},{"floor":43,"key":"hubris:Potato"}],"event_choices":[],"is_beta":false,"boss_relics":[{"not_picked":["Snecko Eye","Replay:Wanted Poster"],"picked":"Sozu"},{"not_picked":["Black Star","Replay:Bronze Core"],"picked":"Coffee Dripper"}],"items_purged_floors":[22,28,39],"is_endless":false,"potions_floor_spawned":[5,10,11,12,23,25,27,31,33,36,40,48,49],"ascension_level":1}}