{"host":"vb6wt0mawj2xz8v4","time":1612116528,"event":{"mods":["AchievementEnabler","Aspiration","BaseMod","Conspire","Hermit","Highlight Path","Hubris","Jorbs\u0027s Wanderer Trilogy","Minty Spire (QoL Compilation)","Quick Restart","Replay The Spire","Shop Mod","StSLib","SuperFastMode","The Cursed","The Disciple","The Hierophant","The Jungle","The Runesmith"],"gold_per_floor":[111,25,25,52,52,52,81,93,93,106,119,41,73,18,18,119,119,139,87,37,65,106,106,106,106,156,224,234,234,234],"floor_reached":29,"language":"ENG","playtime":1130,"items_purged":[],"score":281,"play_id":"f45fe947-ca3d-4dc5-b4b3-827deb5b22c4","local_time":"20210131130848","is_ascension_mode":false,"campfire_choices":[{"data":"conspire:Banana","floor":6,"key":"SMITH"},{"data":"Runesmith:ChaoticBlast","floor":15,"key":"SMITH"},{"data":"Runesmith:EnergizedChisel","floor":23,"key":"SMITH"},{"data":"Runesmith:CraftFirestone","floor":25,"key":"SMITH"}],"circlet_count":0,"master_deck":["Runesmith:Strike_RS","Runesmith:Strike_RS","Runesmith:Strike_RS","Runesmith:Strike_RS","Runesmith:Defend_RS","Runesmith:Defend_RS+1","Runesmith:Defend_RS","Runesmith:Defend_RS","Runesmith:CraftFirestone+1","Runesmith:Fortify","Runesmith:ChaoticBlast+1","conspire:Banana+1","Runesmith:Refine","Runesmith:HeatExchange","Runesmith:Overpower","Runesmith:BackupBattery","Runesmith:LightningRod","Runesmith:OneForEveryone","Runesmith:EnergizedChisel+1","Runesmith:PerfectChisel+1","Runesmith:GenerateForcefield","Runesmith:ChiselStab","Runesmith:UnstableHammer","conspire:SpireCoStock","Runesmith:EarthShield+1","ReplayTheSpireMod:Splinters","Runesmith:EnergizedChisel","Runesmith:HammerThrow+1"],"relics":["Runesmith:BrokenRuby","NeowsBlessing","hubris:Icosahedron","hubris:MysteriousPyramids","hubris:Reverence","aspiration:SeaSaltIceCream","Happy Flower","Bag of Preparation","conspire:SeveredTorchhead","MealTicket"],"acts_visited":["Exordium","Exordium"],"potions_floor_usage":[13,17,29,29],"damage_taken":[{"damage":0,"enemies":"Cultist","floor":1,"turns":1},{"damage":0,"enemies":"conspire:MimicChest","floor":4,"turns":1},{"damage":0,"enemies":"3 Sentries","floor":7,"turns":2},{"damage":1,"enemies":"2 Louse","floor":8,"turns":2},{"damage":7,"enemies":"Jaw Worm","floor":10,"turns":4},{"damage":7,"enemies":"Blue Slaver","floor":11,"turns":3},{"damage":5,"enemies":"Lagavulin","floor":13,"turns":7},{"damage":15,"enemies":"Hexaghost","floor":16,"turns":9},{"damage":20,"enemies":"theJungle:GiantWrat","floor":18,"turns":5},{"damage":11,"enemies":"theJungle:MUSHROOMGANG","floor":21,"turns":3},{"damage":22,"enemies":"theJungle:Snecko_Cultist_And_Trap","floor":22,"turns":6},{"damage":17,"enemies":"theJungle:2_Snecko_Cultists","floor":28,"turns":5},{"damage":31,"enemies":"theJungle:MamaSnecko","floor":29,"turns":5}],"seed_played":"5917519303922426709","potions_obtained":[{"floor":7,"key":"Swift Potion"},{"floor":8,"key":"Dexterity Potion"},{"floor":13,"key":"Elixir"},{"floor":16,"key":"Fruit Juice"},{"floor":18,"key":"Dexterity Potion"}],"is_trial":false,"path_per_floor":["M","$","?","?","?","R","E","M","T","M","M","$","E","$","R","B",null,"M","$","?","M","M","R","?","R","T","?","M","E"],"character_chosen":"RUNESMITH_CLASS","items_purchased":["conspire:Banana","Runesmith:OneForEveryone","Runesmith:PerfectChisel+1","Runesmith:UnstableHammer"],"campfire_rested":0,"item_purchase_floors":[2,12,14,19],"current_hp_per_floor":[70,70,70,70,70,70,72,73,73,68,63,63,60,60,60,47,87,69,69,69,60,40,40,40,40,40,40,25,0,0],"gold":234,"neow_bonus":"THREE_ENEMY_KILL","is_daily":false,"chose_seed":false,"campfire_upgraded":4,"win_rate":0.0,"timestamp":1612116528,"path_taken":["M","$","?","?","?","R","E","M","T","M","M","$","E","?","R","BOSS","M","$","?","M","M","R","?","R","T","?","?","E"],"items_purchased_type":["Card","Card","Card","Card"],"build_version":"2020-12-22","purchased_purges":0,"victory":false,"max_hp_per_floor":[70,70,70,70,70,70,72,74,74,76,78,78,80,80,80,82,87,89,89,89,91,93,93,93,93,93,93,95,97,97],"card_choices":[{"not_picked":["Runesmith:CraftMagma","Runesmith:Repurpose"],"picked":"Runesmith:ChaoticBlast","floor":1},{"not_picked":["Runesmith:EnergizedChisel","Runesmith:BackupBattery"],"picked":"Runesmith:Refine","floor":4},{"not_picked":["Runesmith:HammerAndChisel","Runesmith:HammerThrow"],"picked":"Runesmith:HeatExchange","floor":7},{"not_picked":["Runesmith:CraftProtectio","Runesmith:HeatExchange"],"picked":"Runesmith:Overpower","floor":8},{"not_picked":["Runesmith:Malloc","Runesmith:MakeshiftArmor"],"picked":"Runesmith:BackupBattery","floor":10},{"not_picked":["Runesmith:MakeshiftArmor","Runesmith:StaticCage"],"picked":"Runesmith:LightningRod","floor":11},{"not_picked":["Runesmith:CraftIndustria","Runesmith:Grindstone"],"picked":"Runesmith:EnergizedChisel","floor":13},{"not_picked":["Runesmith:DuctTape","Runesmith:FissionHammer"],"picked":"Runesmith:GenerateForcefield","floor":16},{"not_picked":["Runesmith:Repurpose","Runesmith:Refine"],"picked":"Runesmith:ChiselStab","floor":18},{"not_picked":["Runesmith:HammerThrow+1","Runesmith:RuneHurl"],"picked":"Runesmith:EarthShield+1","floor":21},{"not_picked":["Runesmith:HeatExchange","Runesmith:StaticCage","Runesmith:BackupBattery"],"picked":"SKIP","floor":22},{"not_picked":["Runesmith:StaticCage","Runesmith:Refine"],"picked":"Runesmith:EnergizedChisel","floor":27},{"not_picked":["Runesmith:Repurpose","Runesmith:Discharge"],"picked":"Runesmith:HammerThrow+1","floor":28}],"player_experience":453053,"relics_obtained":[{"floor":4,"key":"hubris:MysteriousPyramids"},{"floor":7,"key":"hubris:Reverence"},{"floor":9,"key":"aspiration:SeaSaltIceCream"},{"floor":13,"key":"Bag of Preparation"},{"floor":26,"key":"MealTicket"}],"event_choices":[{"damage_healed":0,"gold_gain":0,"player_choice":"Invest 1","damage_taken":0,"max_hp_gain":0,"max_hp_loss":0,"event_name":"conspire:Investor","floor":20,"gold_loss":0}],"is_beta":false,"boss_relics":[{"not_picked":["Runesmith:UraniumAnvil","hubris:BlackHole"],"picked":"conspire:SeveredTorchhead"}],"items_purged_floors":[],"is_endless":false,"potions_floor_spawned":[4,7,8,13,16,18,28],"killed_by":"theJungle:MamaSnecko","ascension_level":0}}