{"host":"fzjk61lpi4bwj033","time":1612133573,"event":{"mods":["Ascension Unlocker","BaseMod","Conspire","Downfall","Hermit","Hubris","Infinite Spire","Jorbs\u0027s Wanderer Trilogy","Minty Spire (QoL Compilation)","Rare Cards Sparkle","Replay The Spire","StSLib","The Jungle"],"gold_per_floor":[116,116,127,143,43,43,77,77,77,109,69,13,13,28,28,104,104,121,126,126,126,176,103,103,18,18,18,45,45,45,56,56,129,129,146,200,219,239,239,274,274,301,381,381,381,401,401,414,414,514,514],"floor_reached":50,"language":"ENG","playtime":2476,"items_purged":[],"score":1313,"play_id":"de83caa9-9f29-4253-83ef-c356ddadf9a3","local_time":"20210131165253","is_ascension_mode":true,"campfire_choices":[{"data":"Ghostly","floor":6.0,"key":"SMITH"},{"data":"Neutralize","floor":8.0,"key":"SMITH"},{"floor":15.0,"key":"REST"},{"data":"ReplayTheSpireMod:Faulty Equipment","floor":24.0,"key":"SMITH"},{"data":"Replay:Bag of Tricks","floor":27.0,"key":"SMITH"},{"data":"Malaise","floor":30.0,"key":"SMITH"},{"floor":32.0,"key":"REST"},{"floor":41.0,"key":"RECALL"},{"data":"Bouncing Flask","floor":44,"key":"SMITH"},{"data":"Catalyst","floor":49,"key":"SMITH"}],"circlet_count":0,"master_deck":["AscendersBane","stsjorbsmod:Prestidigitation+1","Survivor","Neutralize+1","All Out Attack","Quick Slash","Ghostly+1","Deadly Poison","Hidden Blade+1","Cloak And Dagger","Poisoned Stab","Envenom","conspire:DoublingDagger","Sneak Up","Skewer","Cloak And Dagger","Replay:Bag of Tricks+1","Finisher","Night Terror","Cloak And Dagger","Malaise+1","Draining Mist+1","Corpse Explosion+1","Bouncing Flask+1","Backflip+1","Catalyst+1"],"relics":["Ring of the Snake","conspire:Dentures","Replay:Rubber Ducky","Paper Crane","Prayer Wheel","Replay:Grab Bag","hubris:RunicObelisk","Sozu","Pandora\u0027s Box","Snecko Eye","ReplayTheSpireMod:CursedCoin","Replay:Wax Seal","Incense Burner","hubris:Icosahedron","hubris:CrystalStatue","Golden Egg","Tiny House","Lantern","The Courier","Omamori","theJungle:SneckoAutograph","Coffee Dripper","Lizard Tail","Art of War"],"acts_visited":["Exordium","Exordium","TheBeyond"],"potions_floor_usage":[50],"damage_taken":[{"damage":0.0,"enemies":"Small Slimes","floor":1.0,"turns":4.0},{"damage":0.0,"enemies":"2 Louse","floor":3.0,"turns":3.0},{"damage":7.0,"enemies":"Jaw Worm","floor":4.0,"turns":5.0},{"damage":28.0,"enemies":"Gremlin Nob","floor":7.0,"turns":5.0},{"damage":8.0,"enemies":"Lagavulin","floor":10.0,"turns":8.0},{"damage":0.0,"enemies":"Looter","floor":11.0,"turns":4.0},{"damage":0.0,"enemies":"Blue Slaver","floor":14.0,"turns":3.0},{"damage":63.0,"enemies":"Fading Forest","floor":16.0,"turns":13.0},{"damage":5.0,"enemies":"theJungle:GiantWrat","floor":18.0,"turns":4.0},{"damage":0.0,"enemies":"Nightmare","floor":23.0,"turns":7.0},{"damage":22.0,"enemies":"theJungle:Flameango_and_Byrd","floor":25.0,"turns":5.0},{"damage":0.0,"enemies":"theJungle:Cassacara","floor":28.0,"turns":5.0},{"damage":2.0,"enemies":"theJungle:JungleHuntersEncounter","floor":31.0,"turns":7.0},{"damage":0.0,"enemies":"theJungle:QueenSpyder","floor":33.0,"turns":9.0},{"damage":1.0,"enemies":"Orb Walker","floor":35.0,"turns":4.0},{"damage":50.0,"enemies":"2 Orb Walkers","floor":36.0,"turns":4.0},{"damage":19.0,"enemies":"3 Darklings","floor":37.0,"turns":4.0},{"damage":4.0,"enemies":"Writhing Mass","floor":38.0,"turns":5.0},{"damage":20.0,"enemies":"Reptomancer","floor":40.0,"turns":8.0},{"damage":5.0,"enemies":"R_Hoarder","floor":42.0,"turns":6.0},{"damage":0,"enemies":"Transient","floor":46,"turns":6},{"damage":3,"enemies":"4 Shapes","floor":48,"turns":3},{"damage":7,"enemies":"Time Eater","floor":50,"turns":7}],"seed_played":"-8191707291054212443","potions_obtained":[{"floor":0.0,"key":"Regen Potion"},{"floor":0.0,"key":"conspire:TimeTravelPotion"},{"floor":10.0,"key":"Languid Potion"},{"floor":16.0,"key":"SteroidPotion"}],"is_trial":false,"path_per_floor":["M","?","M","M","?","R","E","R","T","E","M","$","?","M","R","B",null,"M","$","?","T","AVR","NM","R","M","T","R","E","?","R","M","R","B",null,"M","?","M","M","?","E","R","E","T","R","$","M","?","M","R","B"],"character_chosen":"THE_SILENT","items_purchased":["Cloak And Dagger","ReplayTheSpireMod:CursedCoin","Replay:Wax Seal","Incense Burner"],"campfire_rested":2,"item_purchase_floors":[12,19,19,19],"current_hp_per_floor":[59,59,59,52,52,52,38,38,38,30,30,30,30,30,49,38,59,54,54,54,54,59,59,59,37,37,37,37,37,37,35,56,56,67,66,16,35,31,31,11,11,6,6,6,6,6,9,6,6,0,0],"gold":514,"neow_bonus":"THREE_SMALL_POTIONS","is_daily":false,"chose_seed":false,"campfire_upgraded":7,"win_rate":0.0,"timestamp":1612133573,"path_taken":["M","?","M","M","?","R","E","R","T","E","M","?","?","M","R","BOSS","M","$","?","?","AVR","NM","R","?","T","R","E","?","R","M","R","BOSS","M","?","M","M","?","E","R","E","T","R","?","M","?","M","R","BOSS"],"items_purchased_type":["Card","Relic","Relic","Relic"],"build_version":"2020-12-22","purchased_purges":0,"victory":false,"max_hp_per_floor":[66,66,66,66,66,66,66,66,66,66,66,66,66,66,66,66,66,66,66,66,66,71,71,71,71,71,71,71,71,71,71,71,71,71,71,71,71,71,71,71,71,71,71,71,71,71,74,74,74,74,74],"card_choices":[{"not_picked":["ReplayTheSpireMod:Shiv Toss","conspire:DoublingDagger"],"picked":"All Out Attack","floor":1.0},{"not_picked":["Bane","Outmaneuver","Deflect"],"picked":"SKIP","floor":3.0},{"not_picked":["Concentrate","Unload"],"picked":"Quick Slash","floor":4.0},{"not_picked":["Outmaneuver","Dodge and Roll"],"picked":"Deadly Poison","floor":7.0},{"not_picked":["Setup","Quick Slash","hubris:TrickCloak"],"picked":"SKIP","floor":10.0},{"not_picked":["Setup","Deflect"],"picked":"Hidden Blade","floor":11.0},{"not_picked":["Deflect","Tactician","Flechettes"],"picked":"SKIP","floor":11.0},{"not_picked":["Quick Slash","Prepared"],"picked":"Poisoned Stab","floor":14.0},{"not_picked":["Acrobatics","Poisoned Stab","Flying Knee"],"picked":"SKIP","floor":14.0},{"not_picked":["ReplayTheSpireMod:Necrosis","Die Die Die"],"picked":"Envenom","floor":16.0},{"not_picked":["Backflip","Prepared","Dagger Spray"],"picked":"SKIP","floor":18.0},{"not_picked":["Prepared","Storm of Steel","Dodge and Roll"],"picked":"SKIP","floor":18.0},{"not_picked":["Sucker Punch","Burst","Bane"],"picked":"SKIP","floor":23.0},{"not_picked":["conspire:DoublingDagger","Cloak And Dagger","Outmaneuver"],"picked":"SKIP","floor":25.0},{"not_picked":["ReplayTheSpireMod:The Works+1","Prepared","Backflip"],"picked":"SKIP","floor":25.0},{"not_picked":["ReplayTheSpireMod:Tripwire","ReplayTheSpireMod:Scrap Shanks+1","Underhanded Strike"],"picked":"SKIP","floor":28.0},{"not_picked":["Endless Agony","Outmaneuver"],"picked":"Draining Mist","floor":31.0},{"not_picked":["Dagger Throw+1","Phantasmal Killer","Dagger Spray"],"picked":"SKIP","floor":31.0},{"not_picked":["Venomology","Phantasmal Killer"],"picked":"Corpse Explosion","floor":33.0},{"not_picked":["Underhanded Strike","hubris:Sniper","Outmaneuver"],"picked":"SKIP","floor":35.0},{"not_picked":["ReplayTheSpireMod:Tripwire","PiercingWail","hubris:SlightOfHand"],"picked":"SKIP","floor":35.0},{"not_picked":["Footwork","Deadly Poison"],"picked":"Bouncing Flask","floor":37.0},{"not_picked":["ReplayTheSpireMod:The Works","Concentrate+1","hubris:Counter+1"],"picked":"SKIP","floor":37.0},{"not_picked":["Bane","Backflip","ReplayTheSpireMod:Speed Training+1"],"picked":"SKIP","floor":38.0},{"not_picked":["Outmaneuver","Adrenaline","Masterful Stab+1"],"picked":"SKIP","floor":38.0},{"not_picked":["Expertise","Reflex"],"picked":"Backflip+1","floor":40.0},{"not_picked":["Skewer+1","PiercingWail+1","ReplayTheSpireMod:The Works"],"picked":"SKIP","floor":42},{"not_picked":["Quick Slash","Slice+1"],"picked":"Catalyst","floor":46},{"not_picked":["Bouncing Flask","Dagger Spray","Outmaneuver"],"picked":"SKIP","floor":46},{"not_picked":["Poisoned Stab","Blade Dance","Predator"],"picked":"SKIP","floor":48},{"not_picked":["Prepared","Sucker Punch","Grand Finale"],"picked":"SKIP","floor":48}],"player_experience":812623,"relics_obtained":[{"floor":2.0,"key":"conspire:Dentures"},{"floor":7.0,"key":"Replay:Rubber Ducky"},{"floor":9.0,"key":"Paper Crane"},{"floor":10.0,"key":"Prayer Wheel"},{"floor":21.0,"key":"hubris:CrystalStatue"},{"floor":23.0,"key":"Lantern"},{"floor":26.0,"key":"The Courier"},{"floor":28.0,"key":"Omamori"},{"floor":36.0,"key":"Lizard Tail"},{"floor":40.0,"key":"Art of War"}],"event_choices":[{"damage_healed":0.0,"max_hp_gain":0.0,"max_hp_loss":0.0,"gold_gain":0.0,"event_name":"conspire:LoneGhost","player_choice":"Argue","floor":5.0,"gold_loss":0.0,"damage_taken":0.0},{"cards_removed":["Strike_G"],"damage_healed":0.0,"max_hp_gain":0.0,"max_hp_loss":0.0,"gold_gain":0.0,"event_name":"Bonfire Elementals","player_choice":"Offered Basic","floor":13.0,"gold_loss":0.0,"damage_taken":0.0},{"damage_healed":0.0,"max_hp_gain":0.0,"max_hp_loss":0.0,"gold_gain":0.0,"event_name":"Mysterious Sphere","player_choice":"Fight","floor":36.0,"gold_loss":0.0,"damage_taken":0.0},{"damage_healed":0.0,"max_hp_gain":0.0,"max_hp_loss":0.0,"gold_gain":0.0,"event_name":"Accursed Blacksmith","player_choice":"Forge","floor":39.0,"gold_loss":0.0,"damage_taken":0.0,"cards_upgraded":["Draining Mist"]}],"is_beta":false,"boss_relics":[{"not_picked":["Fusion Hammer","SacredBark"],"picked":"Replay:Grab Bag"},{"not_picked":["infinitespire:Cupcake","hubris:GrandSneckoEye"],"picked":"hubris:RunicObelisk"},{"not_picked":["conspire:SeveredTorchhead","ChewingGum"],"picked":"Sozu"},{"not_picked":["Snecko Scales","Kintsugi"],"picked":"Pandora\u0027s Box"},{"not_picked":["Runic Pyramid","hubris:ScarierMask"],"picked":"Snecko Eye"},{"not_picked":["Busted Crown","Replay:Wanted Poster"],"picked":"Coffee Dripper"}],"items_purged_floors":[],"is_endless":false,"potions_floor_spawned":[1,10,16,18,28,37,38,46,48],"killed_by":"Time Eater","ascension_level":20}}