{"host":"y2kfqdipa4rrljwb","time":1612080480,"event":{"mods":["ATMod(阿瑾Mod)","AchievementEnabler","Act Like it!","Aspiration","BaseMod","Energized Spire","Friendly Minions","Infinite Spire","Minty Spire (QoL Compilation)","Pale of the Ancients","Random Character Button","Random Character Mod","Relic Stats","Reliquary","Replay The Spire","RumiaBox-露米娅的神秘盒子","StSLib","TestMod","【功能Mod】混沌之环修复补丁","【遗物卡牌】REMEMod"],"gold_per_floor":[118,43,443,463,477,509,509,544,626,644,661,661,675,700,700,704,704],"floor_reached":16,"language":"ZHS","playtime":2202,"items_purged":["Strike_B"],"score":215,"play_id":"708ae78e-eeb4-4465-8e99-81b695288005","local_time":"20210131160800","is_ascension_mode":true,"campfire_choices":[{"data":"Gash","floor":12.0,"key":"SMITH"},{"data":"Recycle","floor":15,"key":"SMITH"}],"circlet_count":0,"master_deck":["Strike_B","Strike_B","Strike_B","Defend_B","Defend_B","Defend_B","Defend_B","Zap","Dualcast+1","Gash+1","Cold Snap","Chill","REME_SelfUpgrade","Ball Lightning","Recycle+1"],"relics":["REME_ComplimentaryCards","AT_ATBox","REME_DuelDisc","Replay:Baseball","reliquary:RoseTintedGlasses","GodSword3","infinitespire:Midas Blood"],"acts_visited":["Exordium"],"potions_floor_usage":[],"damage_taken":[{"damage":0.0,"enemies":"2 Louse","floor":1.0,"turns":4.0},{"damage":4.0,"enemies":"Jaw Worm","floor":4.0,"turns":4.0},{"damage":0.0,"enemies":"Cultist","floor":5.0,"turns":2.0},{"damage":22.0,"enemies":"Gremlin Nob","floor":6.0,"turns":4.0},{"damage":13.0,"enemies":"3 Sentries","floor":8.0,"turns":10.0},{"damage":3.0,"enemies":"Exordium Thugs","floor":10.0,"turns":4.0},{"damage":0.0,"enemies":"Exordium Wildlife","floor":11.0,"turns":5.0},{"damage":0.0,"enemies":"Red Slaver","floor":13.0,"turns":3.0},{"damage":15.0,"enemies":"Lagavulin","floor":14.0,"turns":6.0},{"damage":19,"enemies":"Slime Boss","floor":16,"turns":7}],"seed_played":"7248397520010757235","potions_obtained":[{"floor":1.0,"key":"ColorlessPotion"},{"floor":6.0,"key":"Block Potion"},{"floor":8.0,"key":"Reflective Coating"},{"floor":10.0,"key":"DuplicationPotion"}],"is_trial":false,"path_per_floor":["M","$","?","M","M","E","?","E","T","M","M","R","M","E","R","B"],"character_chosen":"DEFECT","items_purchased":[],"campfire_rested":0,"item_purchase_floors":[],"current_hp_per_floor":[75,75,75,71,71,49,49,36,36,33,33,33,33,18,18,0,0],"gold":704,"neow_bonus":"BOSS_RELIC","is_daily":false,"chose_seed":false,"campfire_upgraded":2,"win_rate":0.0,"timestamp":1612080480,"path_taken":["M","$","?","M","M","E","?","E","T","M","M","R","M","E","R","BOSS"],"items_purchased_type":[],"build_version":"2020-12-22","purchased_purges":1,"victory":false,"max_hp_per_floor":[75,75,75,75,75,75,75,75,75,75,75,75,75,75,75,75,75],"relic_stats":{"counters":[10,48],"obtain_stats":[{"Replay:Baseball":6,"AT_ATBox":0,"testmod-TestBox":0,"REME_DuelDisc":0,"reliquary:RoseTintedGlasses":8,"Cracked Core":0,"GodSword3":9,"REME_ComplimentaryCards":0,"infinitespire:Midas Blood":14},{"Replay:Baseball":4,"AT_ATBox":0,"testmod-TestBox":0,"REME_DuelDisc":0,"reliquary:RoseTintedGlasses":5,"Cracked Core":0,"GodSword3":5,"REME_ComplimentaryCards":0,"infinitespire:Midas Blood":9},{"Replay:Baseball":14,"AT_ATBox":0,"testmod-TestBox":0,"REME_DuelDisc":0,"reliquary:RoseTintedGlasses":24,"Cracked Core":0,"GodSword3":24,"REME_ComplimentaryCards":0,"infinitespire:Midas Blood":41}]},"card_choices":[{"not_picked":["Sweeping Beam","Rebound","Leap"],"picked":"SKIP","floor":1.0},{"not_picked":["Barrage","Steam"],"picked":"Gash","floor":4.0},{"not_picked":["Panic Button","REME_Whirling"],"picked":"Cold Snap","floor":5.0},{"not_picked":["AT_EMC2","FTL"],"picked":"Chill","floor":6.0},{"not_picked":["Aggregate","AT_HeatAcrobatics","Thunder Strike"],"picked":"SKIP","floor":8.0},{"not_picked":["AT_EMC2","Compile Driver","AT_DarkMatter"],"picked":"SKIP","floor":10.0},{"not_picked":["Panic Button","Melter"],"picked":"REME_SelfUpgrade","floor":11.0},{"not_picked":["Capacitor","Leap"],"picked":"Ball Lightning","floor":13.0},{"not_picked":["Steam","Redo","Darkness"],"picked":"Recycle","floor":14.0}],"player_experience":208837,"relics_obtained":[{"floor":6.0,"key":"Replay:Baseball"},{"floor":8.0,"key":"reliquary:RoseTintedGlasses"},{"floor":9.0,"key":"GodSword3"},{"floor":14.0,"key":"infinitespire:Midas Blood"}],"event_choices":[{"damage_healed":0.0,"max_hp_gain":0.0,"max_hp_loss":0.0,"gold_gain":400.0,"event_name":"恩洛斯的盘子","player_choice":"Sell","floor":3.0,"relics_lost":["testmod-TestBox"],"gold_loss":0.0,"damage_taken":0.0},{"damage_healed":0.0,"max_hp_gain":0.0,"max_hp_loss":0.0,"gold_gain":0.0,"event_name":"Accursed Blacksmith","player_choice":"Forge","floor":7.0,"gold_loss":0.0,"damage_taken":0.0,"cards_upgraded":["Dualcast"]}],"is_beta":false,"boss_relics":[],"items_purged_floors":[2],"is_endless":false,"potions_floor_spawned":[1,6,8,10],"killed_by":"Slime Boss","ascension_level":5}}