{"host":"k7udt7atmcuzf6l0","time":1612119463,"event":{"mods":["AchievementEnabler","BaseMod","BetterRewards","Colored Map","Colored Powertips","Highlight Path","Minty Spire (QoL Compilation)","Quick Restart","Rare Cards Sparkle","Relic Stats","StSLib","UnlockEverythingMod"],"gold_per_floor":[110,126,146,166,241,241,241,241],"floor_reached":7,"language":"ZHS","playtime":244,"items_purged":[],"score":43,"play_id":"3c1ea6cf-8bd6-43d3-8997-16bdaac619fb","local_time":"20210201025743","is_ascension_mode":false,"campfire_choices":[{"data":"Flex","floor":6,"key":"SMITH"}],"circlet_count":0,"master_deck":["Strike_R","Strike_R","Strike_R","Strike_R","Strike_R","Defend_R","Defend_R","Defend_R","Defend_R","Bash","Immolate","Flex+1","Pummel","Twin Strike"],"relics":["Burning Blood"],"acts_visited":["Exordium"],"potions_floor_usage":[2],"damage_taken":[{"damage":6,"enemies":"Cultist","floor":1,"turns":3},{"damage":3,"enemies":"Jaw Worm","floor":2,"turns":3},{"damage":0,"enemies":"2 Louse","floor":3,"turns":1},{"damage":18,"enemies":"Exordium Thugs","floor":4,"turns":4},{"damage":36,"enemies":"Lagavulin","floor":7,"turns":4}],"seed_played":"-3381084601628707068","potions_obtained":[{"floor":1,"key":"Weak Potion"}],"is_trial":false,"path_per_floor":["M","M","M","M","?","R","E"],"character_chosen":"IRONCLAD","items_purchased":[],"campfire_rested":0,"item_purchase_floors":[],"current_hp_per_floor":[56,59,65,53,42,42,6,6],"gold":241,"neow_bonus":"THREE_RARE_CARDS","is_daily":false,"chose_seed":false,"campfire_upgraded":1,"win_rate":0.0,"timestamp":1612119463,"path_taken":["M","?","M","M","?","R","E"],"items_purchased_type":[],"build_version":"2020-12-22","purchased_purges":0,"victory":false,"max_hp_per_floor":[80,80,80,80,80,80,80,80],"relic_stats":{"counters":[5,15],"obtain_stats":[{"Burning Blood":0},{"Burning Blood":0},{"Burning Blood":0}],"Burning Blood":24},"card_choices":[{"not_picked":["Bludgeon","Fiend Fire"],"picked":"Immolate","floor":0},{"not_picked":["Rage","Iron Wave"],"picked":"Flex","floor":1},{"not_picked":["Anger","Clothesline","Searing Blow"],"picked":"SKIP","floor":2},{"not_picked":["Sentinel","Cleave"],"picked":"Pummel","floor":3},{"not_picked":["Entrench","Intimidate"],"picked":"Twin Strike","floor":4}],"player_experience":23904,"relics_obtained":[],"event_choices":[{"damage_healed":0,"gold_gain":75,"player_choice":"Gather Gold","damage_taken":11,"max_hp_gain":0,"max_hp_loss":0,"event_name":"World of Goop","floor":5,"gold_loss":0}],"is_beta":false,"boss_relics":[],"items_purged_floors":[],"is_endless":false,"potions_floor_spawned":[1],"killed_by":"Lagavulin","ascension_level":0}}