{"host":"aqym1xxr3lb31d9m","time":1612125482,"event":{"mods":["BaseMod","Block Reminder","Colored Map","Colored Powertips","DeckTracker","Highlight Path","Minty Spire (QoL Compilation)","Quick Restart","Random Character Button","StSLib","SuperFastMode","UnlockEverythingMod"],"gold_per_floor":[117,117,117,136,22,50,61,61,84,118,128,128,128,128,128,201,201,213,48,61,73,84,84,40,40,340,340,209,227,258,258,258,335,335,353,368,368,386,386,386],"floor_reached":39,"language":"JPN","playtime":1570,"items_purged":["Doubt"],"score":872,"play_id":"432ffe85-5585-45a3-9405-7706d371a5f9","local_time":"20210201053802","is_ascension_mode":true,"campfire_choices":[{"data":"Streamline","floor":8,"key":"SMITH"},{"data":"Defragment","floor":13,"key":"SMITH"},{"data":"Beam Cell","floor":15,"key":"SMITH"},{"data":"Coolheaded","floor":23,"key":"SMITH"},{"data":"Sunder","floor":25,"key":"SMITH"},{"data":"Fission","floor":32,"key":"SMITH"}],"circlet_count":0,"master_deck":["AscendersBane","Strike_B","Strike_B","Strike_B","Defend_B","Defend_B","Defend_B","Defend_B","Zap","Dualcast","Electrodynamics","Beam Cell+1","Compile Driver","Defragment+1","Streamline+1","Rebound","Cold Snap","Core Surge","Sweeping Beam","Creative AI","Coolheaded+1","Sunder+1","Sunder+1","Fission+1","Reboot","Hologram","Coolheaded+1","Blizzard"],"relics":["FrozenCore","NeowsBlessing","Potion Belt","Lizard Tail","Bag of Marbles","HornCleat","Cursed Key","ClockworkSouvenir","Old Coin","Gremlin Horn"],"acts_visited":["Exordium","TheCity","TheBeyond"],"potions_floor_usage":[10,16,18,27,30,33,33,38],"damage_taken":[{"damage":0,"enemies":"2 Louse","floor":1,"turns":1},{"damage":0,"enemies":"Small Slimes","floor":4,"turns":1},{"damage":0,"enemies":"Gremlin Nob","floor":6,"turns":1},{"damage":0,"enemies":"Cultist","floor":7,"turns":2},{"damage":10,"enemies":"3 Sentries","floor":10,"turns":3},{"damage":3,"enemies":"Lots of Slimes","floor":11,"turns":4},{"damage":22,"enemies":"The Guardian","floor":16,"turns":8},{"damage":0,"enemies":"Spheric Guardian","floor":18,"turns":3},{"damage":22,"enemies":"2 Thieves","floor":20,"turns":3},{"damage":3,"enemies":"Centurion and Healer","floor":21,"turns":4},{"damage":15,"enemies":"Cultist and Chosen","floor":22,"turns":4},{"damage":0,"enemies":"Sentry and Sphere","floor":27,"turns":3},{"damage":4,"enemies":"Snecko","floor":29,"turns":3},{"damage":11,"enemies":"Slavers","floor":30,"turns":3},{"damage":54,"enemies":"Champ","floor":33,"turns":13},{"damage":0,"enemies":"Orb Walker","floor":35,"turns":3},{"damage":10,"enemies":"3 Darklings","floor":36,"turns":5},{"damage":6,"enemies":"Jaw Worm Horde","floor":38,"turns":3},{"damage":49,"enemies":"Maw","floor":39,"turns":8}],"seed_played":"8222666909758933863","potions_obtained":[{"floor":4,"key":"PowerPotion"},{"floor":14,"key":"Fire Potion"},{"floor":14,"key":"EssenceOfDarkness"},{"floor":16,"key":"SmokeBomb"},{"floor":20,"key":"DistilledChaos"},{"floor":22,"key":"CultistPotion"},{"floor":30,"key":"Fire Potion"},{"floor":35,"key":"SpeedPotion"},{"floor":38,"key":"FocusPotion"}],"is_trial":false,"path_per_floor":["M","?","?","M","$","E","M","R","T","E","M","$","R","?","R","B",null,"M","$","M","M","M","R","$","R","T","M","$","M","E","?","R","B",null,"M","M","?","M","M"],"character_chosen":"DEFECT","items_purchased":["Compile Driver","Regen Potion","ClockworkSouvenir","Sunder","PowerPotion"],"campfire_rested":0,"item_purchase_floors":[5,5,19,24,28],"current_hp_per_floor":[64,64,64,64,64,64,64,64,64,54,51,51,51,51,51,29,61,61,61,39,36,21,21,21,21,21,21,21,17,6,6,6,7,55,55,45,45,39,0,0],"gold":386,"neow_bonus":"THREE_ENEMY_KILL","is_daily":false,"chose_seed":false,"campfire_upgraded":6,"win_rate":0.0,"timestamp":1612125482,"path_taken":["M","?","?","?","$","E","M","R","T","E","?","?","R","?","R","BOSS","M","$","M","M","M","R","?","R","T","M","?","M","E","?","R","BOSS","M","M","?","M","M"],"items_purchased_type":["Card","Potion","Relic","Card","Potion"],"build_version":"2020-12-22","purchased_purges":1,"victory":false,"max_hp_per_floor":[71,71,71,71,71,71,71,71,71,71,71,71,71,71,71,71,71,71,71,71,71,71,71,71,71,71,71,71,71,71,71,71,71,71,71,71,71,71,71,71],"card_choices":[{"not_picked":["Conserve Battery","Aggregate"],"picked":"Cold Snap","floor":1},{"not_picked":["Conserve Battery","Hologram"],"picked":"Beam Cell","floor":4},{"not_picked":["Turbo","Storm"],"picked":"Defragment","floor":6},{"not_picked":["Go for the Eyes","Aggregate"],"picked":"Streamline","floor":7},{"not_picked":["Redo","Aggregate"],"picked":"Rebound","floor":10},{"not_picked":["BootSequence","Streamline"],"picked":"Cold Snap","floor":11},{"not_picked":["Hyperbeam","Rainbow"],"picked":"Core Surge","floor":16},{"not_picked":["Beam Cell","Compile Driver"],"picked":"Sweeping Beam","floor":18},{"not_picked":["Self Repair","Undo"],"picked":"Creative AI","floor":20},{"not_picked":["Sweeping Beam","Turbo","Gash"],"picked":"SKIP","floor":21},{"not_picked":["Turbo","Conserve Battery"],"picked":"Coolheaded","floor":22},{"not_picked":["Redo","Stack"],"picked":"Sunder+1","floor":29},{"not_picked":["Streamline+1","Sweeping Beam"],"picked":"Fission","floor":30},{"not_picked":["Multi-Cast","Meteor Strike"],"picked":"Reboot","floor":33},{"not_picked":["Sweeping Beam+1","Ball Lightning+1"],"picked":"Hologram","floor":35},{"not_picked":["Beam Cell","Heatsinks+1"],"picked":"Coolheaded+1","floor":36},{"not_picked":["Rebound","Streamline"],"picked":"Blizzard","floor":38}],"player_experience":4167646,"relics_obtained":[{"floor":6,"key":"Lizard Tail"},{"floor":9,"key":"Bag of Marbles"},{"floor":10,"key":"HornCleat"},{"floor":26,"key":"Old Coin"},{"floor":30,"key":"Gremlin Horn"}],"event_choices":[{"damage_healed":0,"gold_gain":0,"cards_transformed":["Strike_B"],"player_choice":"Change","damage_taken":0,"max_hp_gain":0,"max_hp_loss":0,"event_name":"Living Wall","floor":2,"gold_loss":0,"cards_obtained":["Electrodynamics"]},{"cards_removed":["Cold Snap"],"damage_healed":0,"gold_gain":0,"player_choice":"Gave Card","damage_taken":0,"relics_obtained":["Potion Belt"],"max_hp_gain":0,"max_hp_loss":0,"event_name":"WeMeetAgain","floor":3,"gold_loss":0},{"damage_healed":0,"gold_gain":0,"player_choice":"Got Potions","damage_taken":0,"max_hp_gain":0,"max_hp_loss":0,"event_name":"Lab","floor":14,"gold_loss":0},{"damage_healed":0,"gold_gain":0,"player_choice":"Ignored","damage_taken":0,"max_hp_gain":0,"max_hp_loss":0,"event_name":"Vampires","floor":31,"gold_loss":0},{"damage_healed":0,"gold_gain":0,"player_choice":"Ignored","damage_taken":0,"max_hp_gain":0,"max_hp_loss":0,"event_name":"Tomb of Lord Red Mask","floor":37,"gold_loss":0}],"is_beta":false,"boss_relics":[{"not_picked":["Runic Dome","Empty Cage"],"picked":"Cursed Key"},{"not_picked":["Fusion Hammer","Nuclear Battery"],"picked":"FrozenCore"}],"items_purged_floors":[28],"is_endless":false,"potions_floor_spawned":[4,16,20,22,29,30,35,38],"killed_by":"Maw","ascension_level":20}}