{"host":"lly094a91h6n5nv5","time":1612081697,"event":{"mods":["AchievementEnabler","BaseMod","Colored Map","Minty Spire (QoL Compilation)"],"gold_per_floor":[116,66,66,86,86,120,120,155,208,208,224,224,235,235,235,340,340,357,357,384,17,27,61,73,103,103,136,136,98,98,124,124,222,222,232,232,242,36,48,85,97,136,175,187,236,248,90,101,101,101,101,101,23,57,57],"floor_reached":56,"language":"ENG","playtime":3238,"items_purged":["Strike_B"],"score":1499,"play_id":"78d3aa1e-0499-4a44-8889-742c5f97faf5","local_time":"20210131022817","is_ascension_mode":true,"campfire_choices":[{"data":"Zap","floor":7.0,"key":"SMITH"},{"data":"Fission","floor":10.0,"key":"SMITH"},{"data":"Storm","floor":15.0,"key":"SMITH"},{"data":"Fission","floor":28.0,"key":"SMITH"},{"data":"Loop","floor":30.0,"key":"SMITH"},{"data":"Dualcast","floor":32.0,"key":"SMITH"},{"floor":41,"key":"RECALL"},{"data":"Skim","floor":44,"key":"SMITH"},{"data":"Glacier","floor":46,"key":"SMITH"},{"data":"Undo","floor":49,"key":"SMITH"},{"data":"Defend_B","floor":52,"key":"SMITH"}],"circlet_count":0,"master_deck":["Strike_B","Defend_B+1","Defend_B","Defend_B","Defend_B","Zap+1","Dualcast+1","Storm+1","Static Discharge+1","Fission+1","Undo+1","Loop+1","Echo Form+1","Storm+1","Machine Learning+1","Glacier+1","Creative AI+1","Fission+1","Capacitor+1","Chill","Electrodynamics+1","Skim+1","Consume+1","Biased Cognition+1","Coolheaded+1","Fission+1","Loop+1","Skim+1"],"relics":["Cracked Core","NeowsBlessing","Art of War","Nunchaku","Happy Flower","Frozen Egg 2","Coffee Dripper","Omamori","Red Mask","Oddly Smooth Stone","Orichalcum","Lantern","Gremlin Horn","Boot","Vajra","Black Star","Bag of Preparation","MawBank","CeramicFish","Lizard Tail","Toxic Egg 2","DollysMirror","HornCleat","StoneCalendar"],"acts_visited":["TheCity","TheBeyond","TheEnding"],"potions_floor_usage":[50,55,55],"damage_taken":[{"damage":0.0,"enemies":"Small Slimes","floor":1.0,"turns":1.0},{"damage":0.0,"enemies":"Jaw Worm","floor":4.0,"turns":1.0},{"damage":0.0,"enemies":"Lagavulin","floor":6.0,"turns":1.0},{"damage":25.0,"enemies":"3 Sentries","floor":8.0,"turns":6.0},{"damage":1.0,"enemies":"Cultist","floor":11.0,"turns":4.0},{"damage":3.0,"enemies":"Blue Slaver","floor":13.0,"turns":3.0},{"damage":29.0,"enemies":"Hexaghost","floor":16.0,"turns":8.0},{"damage":2.0,"enemies":"3 Byrds","floor":18.0,"turns":4.0},{"damage":25.0,"enemies":"Masked Bandits","floor":20.0,"turns":4.0},{"damage":0.0,"enemies":"Spheric Guardian","floor":22.0,"turns":3.0},{"damage":18.0,"enemies":"Book of Stabbing","floor":23.0,"turns":6.0},{"damage":0.0,"enemies":"Chosen and Byrds","floor":24.0,"turns":3.0},{"damage":18.0,"enemies":"Slavers","floor":25.0,"turns":5.0},{"damage":0.0,"enemies":"Gremlin Leader","floor":27.0,"turns":4.0},{"damage":13.0,"enemies":"Slavers","floor":31.0,"turns":4.0},{"damage":1.0,"enemies":"Automaton","floor":33.0,"turns":7.0},{"damage":0.0,"enemies":"3 Shapes","floor":35.0,"turns":2.0},{"damage":7,"enemies":"Orb Walker","floor":37,"turns":3},{"damage":0,"enemies":"Spire Growth","floor":39,"turns":3},{"damage":12,"enemies":"Giant Head","floor":40,"turns":7},{"damage":0,"enemies":"Sphere and 2 Shapes","floor":42,"turns":1},{"damage":0,"enemies":"Nemesis","floor":45,"turns":1},{"damage":0,"enemies":"Maw","floor":48,"turns":3},{"damage":15,"enemies":"Donu and Deca","floor":50,"turns":2},{"damage":0,"enemies":"Shield and Spear","floor":54,"turns":1},{"damage":27,"enemies":"The Heart","floor":55,"turns":5}],"seed_played":"1622486525359832693","potions_obtained":[{"floor":1.0,"key":"SmokeBomb"},{"floor":8.0,"key":"Explosive Potion"},{"floor":11.0,"key":"FearPotion"},{"floor":16.0,"key":"Swift Potion"},{"floor":22.0,"key":"Dexterity Potion"},{"floor":31.0,"key":"SmokeBomb"},{"floor":33.0,"key":"BlessingOfTheForge"},{"floor":35.0,"key":"PowerPotion"},{"floor":42,"key":"Energy Potion"}],"is_trial":false,"path_per_floor":["M","?","?","M","?","E","R","E","T","R","M","?","M","?","R","B",null,"M","?","?","$","M","E","M","E","T","E","R","$","R","E","R","B",null,"M","?","M","$","M","E","R","M","T","R","E","R","$","M","R","B",null,"R","$","E","B",null],"character_chosen":"DEFECT","items_purchased":["Machine Learning+1","Oddly Smooth Stone","Capacitor+1","Bag of Preparation","FocusPotion","DollysMirror","Loop+1","Swift Potion","Skim+1"],"campfire_rested":0,"item_purchase_floors":[21,21,29,38,38,47,47,53,53],"current_hp_per_floor":[75,75,80,80,80,80,80,55,55,55,54,54,51,48,48,19,80,78,78,53,53,53,35,35,17,17,17,17,17,17,4,4,3,80,80,80,73,73,73,61,61,61,61,61,61,61,61,61,61,46,80,80,80,80,53],"gold":57,"neow_bonus":"THREE_ENEMY_KILL","is_daily":false,"chose_seed":false,"campfire_upgraded":10,"win_rate":0.0,"timestamp":1612081697,"path_taken":["M","?","?","M","?","E","R","E","T","R","?","?","M","?","R","BOSS","M","?","?","$","M","E","M","E","T","E","R","$","R","E","R","BOSS","M","?","?","$","M","E","R","M","T","R","E","R","$","M","R","BOSS","R","$","E","BOSS"],"items_purchased_type":["Card","Relic","Card","Relic","Potion","Relic","Card","Potion","Card"],"build_version":"2020-12-22","purchased_purges":1,"victory":true,"max_hp_per_floor":[75,75,80,80,80,80,80,80,80,80,80,80,80,80,80,80,80,80,80,80,80,80,80,80,80,80,80,80,80,80,80,80,80,80,80,80,80,80,80,80,80,80,80,80,80,80,80,80,80,80,80,80,80,80,80],"card_choices":[{"not_picked":["Melter","Cold Snap"],"picked":"Sweeping Beam","floor":1.0},{"not_picked":["Heatsinks","BootSequence"],"picked":"Storm","floor":4.0},{"not_picked":["Sweeping Beam","Steam","Beam Cell"],"picked":"SKIP","floor":6.0},{"not_picked":["Storm","Coolheaded"],"picked":"Fission","floor":8.0},{"not_picked":["Redo","Reprogram"],"picked":"Undo","floor":11.0},{"not_picked":["Aggregate","Turbo"],"picked":"Loop","floor":13.0},{"not_picked":["Thunder Strike","Multi-Cast"],"picked":"Echo Form+1","floor":16.0},{"not_picked":["Barrage","Turbo","Steam"],"picked":"SKIP","floor":18.0},{"not_picked":["Reprogram+1","White Noise"],"picked":"Storm+1","floor":20.0},{"not_picked":["Rebound","Stack+1","Double Energy"],"picked":"SKIP","floor":22.0},{"not_picked":["Gash","Barrage"],"picked":"Glacier","floor":23.0},{"not_picked":["Reinforced Body","Static Discharge+1"],"picked":"Creative AI+1","floor":24.0},{"not_picked":["Go for the Eyes","Leap"],"picked":"Fission","floor":25.0},{"not_picked":["Static Discharge+1","Blizzard+1","Redo"],"picked":"SKIP","floor":27.0},{"not_picked":["Conserve Battery","Streamline"],"picked":"Chill","floor":31.0},{"not_picked":["Reboot","Amplify"],"picked":"Electrodynamics+1","floor":33.0},{"not_picked":["Barrage","Streamline","Go for the Eyes"],"picked":"SKIP","floor":35.0},{"not_picked":["Steam","Coolheaded"],"picked":"Skim","floor":37},{"not_picked":["Rebound","Heatsinks+1","Steam"],"picked":"SKIP","floor":39},{"not_picked":["Go for the Eyes+1","Auto Shields"],"picked":"Consume+1","floor":40},{"not_picked":["Reinforced Body","FTL+1"],"picked":"Biased Cognition+1","floor":42},{"not_picked":["Lockon","Beam Cell+1"],"picked":"Coolheaded+1","floor":45},{"not_picked":["Rebound","Go for the Eyes","Barrage+1"],"picked":"SKIP","floor":48},{"not_picked":["Amplify+1","Steam Power+1","Barrage"],"picked":"SKIP","floor":54}],"player_experience":84419,"relics_obtained":[{"floor":6.0,"key":"Art of War"},{"floor":8.0,"key":"Nunchaku"},{"floor":9.0,"key":"Happy Flower"},{"floor":20.0,"key":"Red Mask"},{"floor":23.0,"key":"Orichalcum"},{"floor":25.0,"key":"Lantern"},{"floor":26.0,"key":"Gremlin Horn"},{"floor":27.0,"key":"Boot"},{"floor":31.0,"key":"Vajra"},{"floor":40,"key":"MawBank"},{"floor":40,"key":"CeramicFish"},{"floor":45,"key":"Lizard Tail"},{"floor":45,"key":"Toxic Egg 2"},{"floor":54,"key":"HornCleat"},{"floor":54,"key":"StoneCalendar"}],"event_choices":[{"cards_removed":["Strike_B"],"damage_healed":0.0,"max_hp_gain":0.0,"max_hp_loss":0.0,"gold_gain":0.0,"event_name":"The Cleric","player_choice":"Card Removal","floor":2.0,"gold_loss":50.0,"damage_taken":0.0},{"damage_healed":0.0,"max_hp_gain":5.0,"max_hp_loss":0.0,"gold_gain":0.0,"event_name":"Big Fish","player_choice":"Donut","floor":3.0,"gold_loss":0.0,"damage_taken":0.0},{"damage_healed":0.0,"max_hp_gain":0.0,"max_hp_loss":0.0,"gold_gain":0.0,"cards_transformed":["Strike_B"],"event_name":"Transmorgrifier","player_choice":"Transformed","floor":5.0,"gold_loss":0.0,"damage_taken":0.0,"cards_obtained":["Static Discharge"]},{"damage_healed":0.0,"max_hp_gain":0.0,"max_hp_loss":0.0,"gold_gain":0.0,"event_name":"Living Wall","player_choice":"Grow","floor":12.0,"gold_loss":0.0,"damage_taken":0.0,"cards_upgraded":["Static Discharge"]},{"damage_healed":0.0,"max_hp_gain":0.0,"max_hp_loss":0.0,"gold_gain":0.0,"event_name":"Scrap Ooze","player_choice":"Success","floor":14.0,"gold_loss":0.0,"damage_taken":3.0,"relics_obtained":["Frozen Egg 2"]},{"damage_healed":0.0,"max_hp_gain":0.0,"max_hp_loss":0.0,"gold_gain":0.0,"event_name":"The Mausoleum","player_choice":"Opened","floor":19.0,"gold_loss":0.0,"damage_taken":0.0,"relics_obtained":["Omamori"]},{"damage_healed":0.0,"max_hp_gain":0.0,"max_hp_loss":0.0,"gold_gain":0.0,"event_name":"Masked Bandits","player_choice":"Fought Bandits","floor":20.0,"gold_loss":0.0,"damage_taken":0.0},{"cards_removed":["Sweeping Beam"],"damage_healed":5,"gold_gain":0,"player_choice":"Offered Common","damage_taken":0,"max_hp_gain":0,"max_hp_loss":0,"event_name":"Bonfire Elementals","floor":36,"gold_loss":0},{"cards_removed":["Sweeping Beam"],"damage_healed":5,"gold_gain":0,"player_choice":"Offered Special","damage_taken":0,"max_hp_gain":0,"max_hp_loss":0,"event_name":"Bonfire Elementals","floor":36,"gold_loss":0}],"is_beta":false,"boss_relics":[{"not_picked":["Velvet Choker","Ectoplasm"],"picked":"Coffee Dripper"},{"not_picked":["Pandora\u0027s Box","Snecko Eye"],"picked":"Black Star"}],"items_purged_floors":[21],"is_endless":false,"potions_floor_spawned":[1,8,11,16,22,31,33,35,40,42,45],"ascension_level":3}}