{"host":"nsxzlb359hv0da5z","time":1612060036,"event":{"mods":["BaseMod","Bestiary","Colored Map","Minty Spire (QoL Compilation)","Permanent Neow","Relic Stats","Slay the Relics Exporter","ojb\u0027s Info Mod"],"gold_per_floor":[129,141,168,195,207,219,231,243,255,299,327,339,419,456,468,558,570,596,162,173,498,517,517,190,222,222,222,252,30,80,91,91,91,91],"floor_reached":33,"language":"ENG","playtime":2300,"items_purged":["Regret"],"score":636,"play_id":"1a288b83-91ea-41b1-bbe1-698c140004ed","local_time":"20210130182716","is_ascension_mode":true,"campfire_choices":[{"data":"Skewer","floor":6,"key":"SMITH"},{"data":"Deadly Poison","floor":8,"key":"SMITH"},{"data":"Bouncing Flask","floor":12,"key":"SMITH"},{"floor":15,"key":"REST"},{"data":"Catalyst","floor":23,"key":"SMITH"},{"data":"Strike_G","floor":27,"key":"PURGE"},{"data":"Neutralize","floor":32,"key":"SMITH"}],"circlet_count":0,"master_deck":["AscendersBane","Defend_G","Defend_G","Defend_G","Defend_G","Survivor","Neutralize+1","CurseOfTheBell","Skewer+1","Deadly Poison+1","Bouncing Flask+1","Calculated Gamble","Catalyst+1","Acrobatics+1","Glass Knife","Backflip+1","Apotheosis+1","Footwork","PiercingWail+1","PiercingWail+1","Leg Sweep+1","Glass Knife","Dodge and Roll+1","Escape Plan+1","After Image","Dark Shackles+1","Bite","Bite","Bite","Bite","Bite"],"relics":["Calling Bell","MawBank","Paper Crane","Calipers","SsserpentHead","Sundial","Centennial Puzzle","Toxic Egg 2","Coffee Dripper","PreservedInsect","Oddly Smooth Stone","Peace Pipe","Omamori"],"acts_visited":["Exordium","TheCity"],"potions_floor_usage":[10,13,28,31],"damage_taken":[{"damage":0,"enemies":"2 Louse","floor":1,"turns":5},{"damage":0,"enemies":"Cultist","floor":3,"turns":4},{"damage":2,"enemies":"Jaw Worm","floor":4,"turns":4},{"damage":8,"enemies":"Gremlin Nob","floor":10,"turns":3},{"damage":2,"enemies":"Blue Slaver","floor":11,"turns":4},{"damage":22,"enemies":"Gremlin Gang","floor":13,"turns":5},{"damage":7,"enemies":"Lagavulin","floor":14,"turns":4},{"damage":4,"enemies":"The Guardian","floor":16,"turns":6},{"damage":15,"enemies":"2 Thieves","floor":18,"turns":3},{"damage":9,"enemies":"Chosen","floor":20,"turns":5},{"damage":0,"enemies":"3 Cultists","floor":22,"turns":5},{"damage":13,"enemies":"Book of Stabbing","floor":25,"turns":5},{"damage":16,"enemies":"Slavers","floor":28,"turns":8},{"damage":0,"enemies":"Chosen and Byrds","floor":31,"turns":5},{"damage":17,"enemies":"Collector","floor":33,"turns":3}],"seed_played":"-7835344245460318906","potions_obtained":[{"floor":4,"key":"Fire Potion"},{"floor":11,"key":"ColorlessPotion"},{"floor":14,"key":"FearPotion"},{"floor":18,"key":"Explosive Potion"},{"floor":28,"key":"DistilledChaos"}],"is_trial":false,"path_per_floor":["M","?","M","M","?","R","?","R","T","E","M","R","M","E","R","B",null,"M","$","M","?","M","R","$","E","T","R","E","$","?","M","R","B"],"character_chosen":"THE_SILENT","items_purchased":["Apotheosis+1","Footwork","PreservedInsect","PiercingWail+1","Leg Sweep+1","Glass Knife","After Image","Dark Shackles+1"],"campfire_rested":1,"item_purchase_floors":[19,19,19,19,24,24,29,29],"current_hp_per_floor":[59,59,59,57,50,50,50,50,50,42,40,40,18,11,30,26,56,41,41,32,32,32,32,32,19,19,19,3,3,3,10,10,0,0],"gold":91,"neow_bonus":"BOSS_RELIC","is_daily":false,"chose_seed":false,"campfire_upgraded":5,"win_rate":0.0,"timestamp":1612060036,"path_taken":["M","?","?","M","?","R","?","R","T","E","M","R","?","E","R","BOSS","M","$","M","?","M","R","$","E","T","R","E","?","?","M","R","BOSS"],"items_purchased_type":["Card","Card","Relic","Card","Card","Card","Card","Card"],"build_version":"2020-12-22","purchased_purges":1,"victory":false,"max_hp_per_floor":[66,66,66,66,66,66,66,66,66,66,66,66,66,66,66,66,66,66,66,66,66,66,66,66,66,66,66,66,66,46,46,46,46,46],"relic_stats":{"Peace Pipe":2,"SsserpentHead":200,"Centennial Puzzle":[27],"counters":[15,69],"Sundial":[6],"PreservedInsect":84,"MawBank":228,"obtain_stats":[{"Calipers":0,"Oddly Smooth Stone":25,"PreservedInsect":19,"Omamori":28,"Paper Crane":0,"MawBank":0,"Calling Bell":0,"Peace Pipe":26,"SsserpentHead":7,"Centennial Puzzle":10,"Sundial":9,"Coffee Dripper":17,"Toxic Egg 2":14,"Ring of the Snake":0},{"Calipers":0,"Oddly Smooth Stone":12,"PreservedInsect":9,"Omamori":13,"Paper Crane":0,"MawBank":0,"Calling Bell":0,"Peace Pipe":12,"SsserpentHead":3,"Centennial Puzzle":4,"Sundial":3,"Coffee Dripper":8,"Toxic Egg 2":7,"Ring of the Snake":0},{"Calipers":0,"Oddly Smooth Stone":53,"PreservedInsect":38,"Omamori":61,"Paper Crane":0,"MawBank":0,"Calling Bell":0,"Peace Pipe":53,"SsserpentHead":13,"Centennial Puzzle":16,"Sundial":13,"Coffee Dripper":35,"Toxic Egg 2":29,"Ring of the Snake":0}]},"card_choices":[{"not_picked":["Prepared","Backflip"],"picked":"Skewer","floor":1},{"not_picked":["Expertise","Poisoned Stab"],"picked":"Deadly Poison","floor":3},{"not_picked":["Caltrops","Choke"],"picked":"Bouncing Flask","floor":4},{"not_picked":["Setup","Acrobatics"],"picked":"Calculated Gamble","floor":10},{"not_picked":["Prepared","Poisoned Stab","Heel Hook"],"picked":"SKIP","floor":11},{"not_picked":["Escape Plan","Outmaneuver"],"picked":"Catalyst","floor":13},{"not_picked":["Blade Dance+1","Concentrate+1"],"picked":"Acrobatics+1","floor":14},{"not_picked":["Die Die Die","Venomology+1"],"picked":"Glass Knife","floor":16},{"not_picked":["Heel Hook+1","Outmaneuver+1"],"picked":"Backflip+1","floor":18},{"not_picked":["Endless Agony","Concentrate+1","Dagger Throw"],"picked":"SKIP","floor":20},{"not_picked":["Flying Knee","All Out Attack"],"picked":"PiercingWail+1","floor":22},{"not_picked":["Sucker Punch","Quick Slash"],"picked":"Dodge and Roll+1","floor":25},{"not_picked":["Infinite Blades","Deadly Poison+1"],"picked":"Escape Plan+1","floor":28},{"not_picked":["Dagger Spray","Deadly Poison+1","Deflect+1"],"picked":"SKIP","floor":31}],"player_experience":2029341,"relics_obtained":[{"floor":0,"key":"MawBank"},{"floor":0,"key":"Paper Crane"},{"floor":0,"key":"Calipers"},{"floor":9,"key":"Sundial"},{"floor":10,"key":"Centennial Puzzle"},{"floor":14,"key":"Toxic Egg 2"},{"floor":25,"key":"Oddly Smooth Stone"},{"floor":26,"key":"Peace Pipe"},{"floor":28,"key":"Omamori"}],"event_choices":[{"cards_removed":["Strike_G"],"damage_healed":0,"gold_gain":0,"player_choice":"Purged","damage_taken":0,"max_hp_gain":0,"max_hp_loss":0,"event_name":"Purifier","floor":2,"gold_loss":0},{"cards_removed":["Defend_G"],"damage_healed":0,"gold_gain":0,"player_choice":"Card Removal","damage_taken":7,"max_hp_gain":0,"max_hp_loss":0,"event_name":"Golden Wing","floor":5,"gold_loss":0},{"damage_healed":0,"gold_gain":0,"player_choice":"Trade","damage_taken":0,"relics_obtained":["SsserpentHead"],"max_hp_gain":0,"max_hp_loss":0,"event_name":"FaceTrader","floor":7,"gold_loss":0},{"damage_healed":0,"gold_gain":275,"player_choice":"Desecrate","damage_taken":0,"max_hp_gain":0,"max_hp_loss":0,"event_name":"Golden Shrine","floor":21,"gold_loss":0,"cards_obtained":["Regret"]},{"damage_healed":0,"gold_gain":0,"player_choice":"Became a vampire","damage_taken":0,"max_hp_gain":0,"max_hp_loss":20,"event_name":"Vampires","floor":30,"gold_loss":0,"cards_obtained":["Bite","Bite","Bite","Bite","Bite"]}],"is_beta":false,"boss_relics":[{"not_picked":["Runic Pyramid","Busted Crown"],"picked":"Coffee Dripper"}],"items_purged_floors":[24],"is_endless":false,"potions_floor_spawned":[4,11,14,18,25,28],"killed_by":"Collector","ascension_level":20}}