{"host":"zwuytn9vh5b8tdl7","time":1612055750,"event":{"mods":["AchievementEnabler","BaseMod","Colored Powertips","GifTheSpireLib","Minty Spire (QoL Compilation)","Rare Cards Sparkle","StSLib","The Animator"],"gold_per_floor":[128,203,203,203,279,622,639,639,687,687,710,724,724,768,768,870,870,886,904,1003,387,387,387,391,391],"floor_reached":24,"language":"ENG","playtime":2087,"items_purged":[],"score":202,"play_id":"0f40ae73-6d2c-4986-9827-a8db2a1e7a24","local_time":"20210130201550","is_ascension_mode":false,"campfire_choices":[{"floor":8,"key":"REST"},{"floor":10,"key":"REST"},{"floor":15,"key":"REST"},{"floor":23,"key":"REST"}],"circlet_count":0,"master_deck":["animator:Strike_Fate+1","animator:Defend_Fate","animator:Strike","animator:Strike","animator:Strike","animator:Defend","animator:Defend","animator:Alexander","animator:Rider","animator:GuildGirl","animator:Viivi","animator:Lancer","animator:Archer","animator:Assassin","animator:Archer","animator:Berserker","animator:Sonic+1","animator:Saber","animator:Guy+1","animator:HououinKyouma+1","animator:Gillette"],"relics":["animator:LivingPicture","animator:TheMissingPiece","Toy Ornithopter","Mummified Hand","Old Coin","animator:WornHelmet","Toxic Egg 2","animator:RacePiece","Vajra","Frozen Egg 2"],"acts_visited":["Exordium","TheCity"],"potions_floor_usage":[16,16,16,19],"damage_taken":[{"damage":4,"enemies":"Cultist","floor":1,"turns":4},{"damage":21,"enemies":"3 Sentries","floor":6,"turns":8},{"damage":0,"enemies":"Small Slimes","floor":7,"turns":4},{"damage":3,"enemies":"2 Louse","floor":11,"turns":3},{"damage":7,"enemies":"Lots of Slimes","floor":12,"turns":4},{"damage":34,"enemies":"Gremlin Nob","floor":14,"turns":5},{"damage":40,"enemies":"The Guardian","floor":16,"turns":13},{"damage":40,"enemies":"Shell Parasite","floor":18,"turns":7},{"damage":24,"enemies":"3 Byrds","floor":19,"turns":6},{"damage":49,"enemies":"Slavers","floor":24,"turns":4}],"seed_played":"-5732604367328880305","potions_obtained":[{"floor":7,"key":"AttackPotion"},{"floor":11,"key":"EssenceOfSteel"},{"floor":12,"key":"Block Potion"},{"floor":16,"key":"LiquidMemories"},{"floor":18,"key":"FairyPotion"}],"is_trial":false,"path_per_floor":["M","?","?","?","T","E","M","R","T","R","M","M","?","E","R","B",null,"M","M","?","$","?","R","E"],"character_chosen":"THE_ANIMATOR","items_purchased":["animator:Guy+1","Vajra","Frozen Egg 2","animator:HououinKyouma+1"],"campfire_rested":4,"item_purchase_floors":[21,21,21,21],"current_hp_per_floor":[62,51,51,51,51,30,30,49,49,66,63,57,57,23,43,18,67,27,9,9,9,9,29,0,0],"gold":391,"neow_bonus":"RANDOM_COMMON_RELIC","is_daily":false,"chose_seed":false,"campfire_upgraded":0,"win_rate":0.0,"timestamp":1612055750,"path_taken":["M","?","?","?","?","E","M","R","T","R","M","M","?","E","R","BOSS","M","?","?","$","?","R","E"],"items_purchased_type":["Card","Relic","Relic","Card"],"build_version":"2020-12-22","purchased_purges":0,"victory":false,"max_hp_per_floor":[66,66,66,66,66,66,66,66,66,66,66,67,67,67,67,67,67,67,68,68,68,68,68,68,68],"card_choices":[{"not_picked":["animator:Berserker","animator:IzunaHatsuse"],"picked":"animator:MamiTomoe","floor":1},{"not_picked":["animator:Alexander","animator:SwordMaiden"],"picked":"animator:GuildGirl","floor":6},{"not_picked":["animator:Sebas","animator:Entoma"],"picked":"animator:Viivi","floor":7},{"not_picked":["animator:Alexander","animator:RinTohsaka"],"picked":"animator:Lancer","floor":11},{"not_picked":["animator:ChlammyZell","animator:PandorasActor"],"picked":"animator:ShinjiMatou","floor":12},{"not_picked":["animator:DolaStephanie+1","animator:AcuraAkari+1"],"picked":"animator:Archer","floor":14},{"not_picked":["animator:Hans","animator:Wiz+1"],"picked":"animator:Eris+1","floor":16},{"not_picked":["animator:MetalKnight","animator:Alexander"],"picked":"animator:Sonic+1","floor":18},{"not_picked":["animator:Alexander","animator:ShinjiMatou+1"],"picked":"animator:Saber","floor":19}],"player_experience":344274,"relics_obtained":[{"floor":5,"key":"Mummified Hand"},{"floor":6,"key":"Old Coin"},{"floor":9,"key":"animator:WornHelmet"},{"floor":14,"key":"Toxic Egg 2"}],"event_choices":[{"damage_healed":0,"gold_gain":75,"player_choice":"Gather Gold","damage_taken":11,"max_hp_gain":0,"max_hp_loss":0,"event_name":"World of Goop","floor":2,"gold_loss":0},{"damage_healed":0,"gold_gain":0,"player_choice":"Grow","damage_taken":0,"max_hp_gain":0,"max_hp_loss":0,"event_name":"Living Wall","floor":3,"gold_loss":0,"cards_upgraded":["animator:Strike_Fate"]},{"damage_healed":0,"gold_gain":0,"player_choice":"Leave","damage_taken":0,"max_hp_gain":0,"max_hp_loss":0,"event_name":"The Cleric","floor":4,"gold_loss":0},{"damage_healed":0,"gold_gain":0,"player_choice":"Ignored","damage_taken":0,"max_hp_gain":0,"max_hp_loss":0,"event_name":"NoteForYourself","floor":13,"gold_loss":0},{"damage_healed":0,"gold_gain":99,"player_choice":"Stole From Cult","damage_taken":0,"max_hp_gain":0,"max_hp_loss":0,"event_name":"Nest","floor":20,"gold_loss":0},{"damage_healed":0,"gold_gain":0,"player_choice":"Read","damage_taken":0,"max_hp_gain":0,"max_hp_loss":0,"event_name":"The Library","floor":22,"gold_loss":0,"cards_obtained":["animator:Gillette"]}],"is_beta":false,"boss_relics":[{"not_picked":["Busted Crown","Cursed Key"],"picked":"animator:RacePiece"}],"items_purged_floors":[],"is_endless":false,"potions_floor_spawned":[7,11,12,16,18],"killed_by":"Slavers","ascension_level":0}}