{"host":"ohzd90ieay82el1q","time":1612089597,"event":{"mods":["Act Like it!","Arknights","Aspiration","BaseMod","Chen","Colored Map","Colored Powertips","DeckTracker","Gensokyo","Highlight Path","Hubris","Infinite Spire","Koishi","Marisa£®ÏF”Í°°ƒß¿Ì…≥£©","Minty Spire (QoL Compilation)","Quick Restart","Random Character Button","Reimu£®≤©¿ˆ¡È√Œ£©","Relic Sorter","Remilia£®¿Ÿ√◊¿Ú—«£©","Replay The Spire","StSLib","SuperFastMode","Synergy Search","The Cursed","The Gatherer","The Jungle","The Runesmith","The Servant 0.9.4","Youmu£®ªÍ∆«—˝√Œ£©","[IsaacMod]“‘»ˆº‚À˛","[JumpMod]ŒË∂Øº‚À˛","°æ“≈ŒÔø®≈∆°øREMEMod"],"gold_per_floor":[117,117,117,117,140,184,184,200,200,200,225,225,244,269,269,388,388,413,413,413,427,445,513,513,577,577,577,577,636,551,612,612,787,787,821,834,852,852,287,346,346,439,484,522,583,667,667,680,680,680],"floor_reached":51,"language":"ZHS","playtime":2895,"items_purged":["Defend_RM"],"score":1049,"play_id":"6a21e11a-aba0-492d-8f1b-ae26c14dbee1","local_time":"20210131183957","is_ascension_mode":true,"campfire_choices":[{"floor":7.0,"key":"REST"},{"data":"NightDance","floor":10.0,"key":"SMITH"},{"data":"ScarletImprint","floor":12.0,"key":"SMITH"},{"floor":15.0,"key":"REST"},{"floor":27.0,"key":"REST"},{"floor":32.0,"key":"REST"},{"data":"DoctorFetus","floor":41.0,"key":"SMITH"},{"data":"CharismaGuard","floor":47,"key":"SMITH"},{"data":"EternalNight","floor":49,"key":"SMITH"}],"circlet_count":0,"master_deck":["NightDance+1","Strike_RM","Strike_RM","Strike_RM","Defend_RM","Defend_RM","Defend_RM","RedMoon","ScarletShoot","DoctorFetus+1","NightDance+1","Injury","BloodAndWine","BloodHunter","FavorOfDestiny","ScarletImprint+1","NightDance","HunterOfTheNight","BatForm","CharismaGuard+1","FavorOfDestiny+1","EternalNight","BloodHunter+1","AfternoonTea","ScarletImprint+1","VampireKiss","TricksterDevil","HunterOfTheNight+1","NightDance","EternalNight+1","Wraith","FavorOfDestiny","ScarletNetherworld+1","Looming Evil","Pot Of Greed","Pot Of Greed","Pot Of Greed","ScarletImprint+1","ScarletImprint+1","Pot Of Greed","ScarletImprint+1"],"relics":["ScarletHat","hubris:Icosahedron","HowToJump","HushsDoor","KeepersGift","REME_ComplimentaryCards","MealTicket","Golden Idol","hubris:Towel","Lizard Tail","REME_HandOfSuture","aspiration:SecretTechniqueScroll","Runesmith:AutoHammer","Meat on the Bone","Leech","Blue Doll","aspiration:RitualStick","REME_LimitBreaker","Happy Flower","Cursed Key","Replay:Lucky Slots","aspiration:HiddenCompartment","Pen Nib","RuthlessExorcism:ReiMu","Pantograph","Grinning Jar","hubris:CuriousFeather"],"acts_visited":["Exordium","TheCity","TheBeyond"],"potions_floor_usage":[45,50,50],"damage_taken":[{"damage":0.0,"enemies":"Jaw Worm","floor":1.0,"turns":3.0},{"damage":0.0,"enemies":"Small Slimes","floor":5.0,"turns":1.0},{"damage":29.0,"enemies":"Gremlin Nob","floor":6.0,"turns":5.0},{"damage":2.0,"enemies":"2 Louse","floor":8.0,"turns":3.0},{"damage":8.0,"enemies":"Large Slime","floor":11.0,"turns":4.0},{"damage":19.0,"enemies":"Blue Slaver","floor":13.0,"turns":6.0},{"damage":0.0,"enemies":"Gremlin Gang","floor":14.0,"turns":1.0},{"damage":30.0,"enemies":"Slime Boss","floor":16.0,"turns":6.0},{"damage":16.0,"enemies":"Shell Parasite","floor":18.0,"turns":4.0},{"damage":10.0,"enemies":"Chosen","floor":21.0,"turns":3.0},{"damage":28.0,"enemies":"Snake Plant","floor":22.0,"turns":6.0},{"damage":33.0,"enemies":"REME_1_Revenger","floor":23.0,"turns":4.0},{"damage":27.0,"enemies":"Slavers","floor":25.0,"turns":4.0},{"damage":15.0,"enemies":"Gremlin Leader","floor":29.0,"turns":5.0},{"damage":20.0,"enemies":"Chosen and Byrds","floor":31.0,"turns":5.0},{"damage":27.0,"enemies":"Automaton","floor":33.0,"turns":7.0},{"damage":9.0,"enemies":"Orb Walker","floor":35.0,"turns":4.0},{"damage":1.0,"enemies":"3 Shapes","floor":36.0,"turns":3.0},{"damage":3.0,"enemies":"Jaw Worm Horde","floor":37.0,"turns":2.0},{"damage":0.0,"enemies":"R_Hoarder","floor":40.0,"turns":8.0},{"damage":39.0,"enemies":"Reptomancer","floor":42.0,"turns":4.0},{"damage":20,"enemies":"Writhing Mass","floor":44,"turns":4},{"damage":4,"enemies":"Giant Head","floor":45,"turns":6},{"damage":25,"enemies":"Transient","floor":46,"turns":5},{"damage":3,"enemies":"Spire Growth","floor":48,"turns":3},{"damage":84,"enemies":"infinitespire:MassOfShapes","floor":50,"turns":9}],"seed_played":"-8823333014765232806","potions_obtained":[{"floor":1.0,"key":"Strength Potion"},{"floor":5.0,"key":"LiquidMemories"},{"floor":11.0,"key":"BlessingOfTheForge"},{"floor":18.0,"key":"LifebloodPotion"},{"floor":22.0,"key":"Swift Potion"},{"floor":25.0,"key":"SpeedPotion"},{"floor":29.0,"key":"Milkshake"},{"floor":35.0,"key":"Fire Potion"},{"floor":36.0,"key":"FairyPotion"},{"floor":44,"key":"Fire Potion"}],"is_trial":false,"path_per_floor":["M","?","?","?","M","E","R","M","T","R","M","R","M","M","R_BF","B",null,"M","?","T","M","M","E","?","E","T","R","?","E","?","M","R","B",null,"M","M","M","?","$","E","R","E","T","M","E","M","R","M","R","B",null],"character_chosen":"REMILIA","items_purchased":["Replay:Lucky Slots","aspiration:HiddenCompartment","Pen Nib"],"campfire_rested":4,"item_purchase_floors":[39,39,39],"current_hp_per_floor":[75,75,75,75,75,46,68,66,66,66,58,58,41,41,63,33,75,64,64,64,58,35,7,32,29,29,51,36,42,42,41,63,44,75,72,74,75,75,75,75,75,53,53,43,74,59,59,67,67,48],"gold":680,"neow_bonus":"RANDOM_COMMON_RELIC","is_daily":false,"chose_seed":false,"campfire_upgraded":5,"win_rate":0.0,"timestamp":1612089597,"path_taken":["M","?","?","?","?","E","R","M","T","R","M","R","M","M","R_BF","BOSS","M","?","?","M","M","E","?","E","T","R","?","E","?","?","R","BOSS","M","M","?","?","$","E","R","E","T","M","E","M","R","M","R","BOSS"],"items_purchased_type":["Relic","Relic","Relic"],"build_version":"2020-12-22","purchased_purges":1,"victory":true,"max_hp_per_floor":[75,75,75,75,75,75,75,75,75,75,75,75,75,75,75,75,75,75,75,75,75,75,75,75,75,75,75,75,75,75,75,75,75,75,75,75,75,75,75,75,75,75,75,75,75,75,75,75,75,75],"card_choices":[{"not_picked":[],"picked":"DoctorFetus","floor":0.0},{"not_picked":["TwelveNightmare","VampireSweep"],"picked":"NightDance","floor":1.0},{"not_picked":["Stigmanizer","Bomb"],"picked":"BloodAndWine","floor":5.0},{"not_picked":["VampireFantasy","FitfulNightmare"],"picked":"BloodHunter","floor":6.0},{"not_picked":["VampireFantasy","EternalNight"],"picked":"FavorOfDestiny","floor":8.0},{"not_picked":["ScarletDevilSign","VampirishNight"],"picked":"ScarletImprint","floor":11.0},{"not_picked":["UnstableMagic","ScarletDevilSign"],"picked":"NightDance","floor":13.0},{"not_picked":["ScarletMeister","ScarletDevilSign"],"picked":"HunterOfTheNight","floor":14.0},{"not_picked":["BloodRain","TransientEternity"],"picked":"BatForm","floor":16.0},{"not_picked":["Stigmanizer","DiffusionOfMisfortune"],"picked":"CharismaGuard","floor":18.0},{"not_picked":["BloodyMagicSquare+1","RedRainbow+1"],"picked":"FavorOfDestiny+1","floor":21.0},{"not_picked":["Ultimatum+1","MastersStateliness"],"picked":"EternalNight","floor":22.0},{"not_picked":["BadLadyScramble","TwelveNightmare"],"picked":"BloodHunter+1","floor":23.0},{"not_picked":["ScarletGensokyo","Stigmanizer"],"picked":"AfternoonTea","floor":25.0},{"not_picked":["ScarletDevilSign","ChainGang"],"picked":"ScarletImprint+1","floor":29.0},{"not_picked":["Stigmanizer","ScarletDevil"],"picked":"VampireKiss","floor":31.0},{"not_picked":["KillingBlow","TransientEternity"],"picked":"TricksterDevil","floor":33.0},{"not_picked":["BloodHunter","NightDance"],"picked":"HunterOfTheNight+1","floor":35.0},{"not_picked":["UnderTheZenith+1","BatForm"],"picked":"NightDance","floor":36.0},{"not_picked":["BloodHunter","Maim"],"picked":"EternalNight","floor":37.0},{"not_picked":["Stigmanizer","UnstableMagic"],"picked":"FavorOfDestiny","floor":40.0},{"not_picked":["DiffusionOfMisfortune+1","UnstableMagic+1"],"picked":"ScarletNetherworld+1","floor":42.0},{"not_picked":["BombardNight+1","MastersStateliness"],"picked":"ScarletImprint+1","floor":44},{"not_picked":["StarOfDavid+1","UnstableMagic+1","BlasphemousPunishment+1"],"picked":"SKIP","floor":45},{"not_picked":["StarOfDavid+1","BloodyHallows"],"picked":"ScarletImprint+1","floor":46},{"not_picked":["ReincarnationDial+1","MiserableFate"],"picked":"ScarletImprint+1","floor":48}],"player_experience":101062,"relics_obtained":[{"floor":6.0,"key":"Lizard Tail"},{"floor":9.0,"key":"REME_HandOfSuture"},{"floor":20.0,"key":"Runesmith:AutoHammer"},{"floor":23.0,"key":"Meat on the Bone"},{"floor":25.0,"key":"Leech"},{"floor":26.0,"key":"Blue Doll"},{"floor":29.0,"key":"REME_LimitBreaker"},{"floor":40.0,"key":"RuthlessExorcism:ReiMu"},{"floor":42.0,"key":"Pantograph"},{"floor":43.0,"key":"Grinning Jar"},{"floor":45,"key":"hubris:CuriousFeather"}],"event_choices":[{"damage_healed":0.0,"max_hp_gain":0.0,"max_hp_loss":0.0,"gold_gain":0.0,"event_name":"Golden Idol","player_choice":"Take Wound","floor":3.0,"gold_loss":0.0,"damage_taken":0.0,"relics_obtained":["Golden Idol"],"cards_obtained":["Injury"]},{"cards_removed":["Strike_RM"],"damage_healed":0.0,"max_hp_gain":0.0,"max_hp_loss":0.0,"gold_gain":0.0,"event_name":"Back to Basics","player_choice":"Elegance","floor":19.0,"gold_loss":0.0,"damage_taken":0.0},{"damage_healed":25.0,"max_hp_gain":0.0,"max_hp_loss":0.0,"gold_gain":0.0,"event_name":"The Library","player_choice":"Heal","floor":24.0,"gold_loss":0.0,"damage_taken":0.0},{"damage_healed":0.0,"max_hp_gain":0.0,"max_hp_loss":0.0,"gold_gain":0.0,"event_name":"Addict","player_choice":"Obtained Relic","floor":30.0,"gold_loss":85.0,"damage_taken":0.0,"relics_obtained":["Happy Flower"]},{"damage_healed":0.0,"max_hp_gain":0.0,"max_hp_loss":0.0,"gold_gain":0.0,"event_name":"OrinTheCat","player_choice":"Ignored","floor":38.0,"gold_loss":0.0,"damage_taken":0.0}],"is_beta":false,"boss_relics":[{"not_picked":["hubris:Stopwatch","Ring of Chaos"],"picked":"aspiration:SecretTechniqueScroll"},{"not_picked":[]},{"not_picked":["aspiration:FutureDiary","ReplayTheSpireMod:SealedPack"],"picked":"Cursed Key"},{"not_picked":[]}],"items_purged_floors":[39],"is_endless":false,"potions_floor_spawned":[1,5,14,16,18,22,25,29,35,36,44,45,48],"ascension_level":2}}