{"host":"y76clbnovzmw9ubx","time":1612134154,"event":{"mods":["AchievementEnabler","BaseMod","Minty Spire (QoL Compilation)","Permanent Neow","Relic Stats"],"gold_per_floor":[39,91,125,156,234,284,18,18,99,158,158,215,215,215],"floor_reached":13,"language":"ENG","playtime":935,"items_purged":[],"score":194,"play_id":"c39da155-4689-4513-8ad2-1192933a4a58","local_time":"20210131180234","is_ascension_mode":true,"campfire_choices":[{"floor":8,"key":"REST"},{"floor":11,"key":"REST"}],"circlet_count":0,"master_deck":["AscendersBane","Strike_G+1","Strike_G","Strike_G","Strike_G","Strike_G+1","Defend_G","Defend_G","Defend_G","Defend_G","Defend_G","Survivor","Neutralize","HandOfGreed","Terror","Slice","Bullet Time","Skewer","Blur","Apotheosis","Caltrops","Cloak And Dagger"],"relics":["Ring of the Snake","Whetstone","HornCleat","TungstenRod"],"acts_visited":["Exordium"],"potions_floor_usage":[5,6,10,13],"damage_taken":[{"damage":0,"enemies":"Jaw Worm","floor":1,"turns":5},{"damage":7,"enemies":"2 Louse","floor":2,"turns":6},{"damage":1,"enemies":"Cultist","floor":3,"turns":4},{"damage":20,"enemies":"Large Slime","floor":4,"turns":8},{"damage":0,"enemies":"Gremlin Gang","floor":5,"turns":8},{"damage":6,"enemies":"Gremlin Nob","floor":6,"turns":3},{"damage":25,"enemies":"3 Sentries","floor":10,"turns":11},{"damage":19,"enemies":"Exordium Wildlife","floor":12,"turns":5},{"damage":27,"enemies":"Gremlin Nob","floor":13,"turns":3}],"seed_played":"4759594725391293997","potions_obtained":[{"floor":1,"key":"AttackPotion"},{"floor":2,"key":"Fire Potion"},{"floor":5,"key":"Weak Potion"},{"floor":12,"key":"SkillPotion"}],"is_trial":false,"path_per_floor":["M","M","M","M","M","E","$","R","T","E","R","M","E"],"character_chosen":"THE_SILENT","items_purchased":["Apotheosis","Caltrops"],"campfire_rested":2,"item_purchase_floors":[7,7],"current_hp_per_floor":[59,52,51,31,31,25,25,44,44,19,38,19,0,0],"gold":215,"neow_bonus":"RANDOM_COLORLESS_2","is_daily":false,"chose_seed":false,"campfire_upgraded":0,"win_rate":0.0,"timestamp":1612134154,"path_taken":["M","M","M","M","M","E","$","R","T","E","R","M","E"],"items_purchased_type":["Card","Card"],"build_version":"2020-12-22","purchased_purges":0,"victory":false,"max_hp_per_floor":[66,66,66,66,66,66,66,66,66,66,66,66,66,66],"relic_stats":{"counters":[9,53],"Whetstone":["Strike_G","Strike_G"],"obtain_stats":[{"HornCleat":9,"Whetstone":6,"TungstenRod":10,"Ring of the Snake":0},{"HornCleat":6,"Whetstone":6,"TungstenRod":7,"Ring of the Snake":0},{"HornCleat":34,"Whetstone":34,"TungstenRod":45,"Ring of the Snake":0}],"TungstenRod":3,"Ring of the Snake":[18]},"card_choices":[{"not_picked":["The Bomb","Apotheosis"],"picked":"HandOfGreed","floor":0},{"not_picked":["Sucker Punch","Endless Agony"],"picked":"Terror","floor":1},{"not_picked":["Blade Dance","Riddle With Holes","Acrobatics"],"picked":"SKIP","floor":2},{"not_picked":["PiercingWail","Underhanded Strike"],"picked":"Slice","floor":3},{"not_picked":["Eviscerate","Dash"],"picked":"Bullet Time","floor":4},{"not_picked":["Acrobatics","Blade Dance"],"picked":"Skewer","floor":5},{"not_picked":["Quick Slash","Predator"],"picked":"Blur","floor":6},{"not_picked":["Sucker Punch","Catalyst"],"picked":"Cloak And Dagger","floor":10},{"not_picked":["Bane","Bouncing Flask","Outmaneuver"],"picked":"SKIP","floor":12}],"player_experience":3174271,"relics_obtained":[{"floor":6,"key":"Whetstone"},{"floor":9,"key":"HornCleat"},{"floor":10,"key":"TungstenRod"}],"event_choices":[],"is_beta":false,"boss_relics":[],"items_purged_floors":[],"is_endless":false,"potions_floor_spawned":[1,2,4,5,12],"killed_by":"Gremlin Nob","ascension_level":20}}