{"host":"zfh44j5h77tkupss","time":1612136879,"event":{"mods":["AchievementEnabler","BaseMod","Bestiary","Better Skull","Better Third Choice","Better Vampires","Colored Map","Colored Powertips","Highlight Path","Minty Spire (QoL Compilation)","Permanent Neow","Quick Restart","Rare Cards Sparkle","Relic Stats","StSLib"],"gold_per_floor":[117,136,150,225,244,244,194,219,244,244,244,277,290,309,309,309,309],"floor_reached":16,"language":"ENG","playtime":555,"items_purged":[],"score":157,"play_id":"a83823fb-f74c-4fc1-b549-a0c523ef9a32","local_time":"20210201004759","is_ascension_mode":true,"campfire_choices":[{"floor":6.0,"key":"REST"},{"floor":10.0,"key":"REST"},{"floor":15.0,"key":"REST"}],"circlet_count":0,"master_deck":["Strike_G+1","Strike_G","Strike_G+1","Strike_G","Strike_G","Defend_G","Defend_G","Defend_G","Defend_G","Survivor","Neutralize","Crippling Poison"],"relics":["Busted Crown","Snake Skull","Whetstone","Tiny Chest"],"acts_visited":["Exordium"],"potions_floor_usage":[16,16],"damage_taken":[{"damage":0.0,"enemies":"Cultist","floor":1.0,"turns":4.0},{"damage":4.0,"enemies":"2 Louse","floor":2.0,"turns":3.0},{"damage":2.0,"enemies":"Small Slimes","floor":3.0,"turns":5.0},{"damage":12.0,"enemies":"Exordium Thugs","floor":5.0,"turns":6.0},{"damage":34.0,"enemies":"Gremlin Nob","floor":8.0,"turns":6.0},{"damage":13.0,"enemies":"3 Sentries","floor":12.0,"turns":10.0},{"damage":1.0,"enemies":"Gremlin Gang","floor":13.0,"turns":4.0},{"damage":0.0,"enemies":"Looter","floor":14.0,"turns":3.0},{"damage":53,"enemies":"The Guardian","floor":16,"turns":14}],"seed_played":"-2108378038170836604","potions_obtained":[{"floor":2.0,"key":"Poison Potion"},{"floor":3.0,"key":"Strength Potion"},{"floor":5.0,"key":"Explosive Potion"},{"floor":11.0,"key":"Block Potion"},{"floor":11.0,"key":"DuplicationPotion"},{"floor":11.0,"key":"Block Potion"}],"is_trial":false,"path_per_floor":["M","M","M","?","M","R","?","E","T","R","?","E","M","M","R","B"],"character_chosen":"THE_SILENT","items_purchased":[],"campfire_rested":3,"item_purchase_floors":[],"current_hp_per_floor":[63,59,57,46,34,55,55,21,21,42,42,29,28,28,49,0,0],"gold":309,"neow_bonus":"BOSS_RELIC","is_daily":false,"chose_seed":false,"campfire_upgraded":0,"win_rate":0.0,"timestamp":1612136879,"path_taken":["M","?","M","?","M","R","?","E","T","R","?","E","M","M","R","BOSS"],"items_purchased_type":[],"build_version":"2020-12-22","purchased_purges":0,"victory":false,"max_hp_per_floor":[70,70,70,70,70,70,70,70,70,70,70,70,70,70,70,70,70],"relic_stats":{"Busted Crown":16,"counters":[9,55],"Tiny Chest":0,"Snake Skull":[10],"Whetstone":["Strike_G","Strike_G"],"obtain_stats":[{"Busted Crown":0,"Tiny Chest":12,"Snake Skull":8,"Whetstone":9,"Ring of the Snake":0},{"Busted Crown":0,"Tiny Chest":6,"Snake Skull":5,"Whetstone":5,"Ring of the Snake":0},{"Busted Crown":0,"Tiny Chest":34,"Snake Skull":24,"Whetstone":24,"Ring of the Snake":0}]},"card_choices":[{"not_picked":["Outmaneuver"],"picked":"SKIP","floor":1.0},{"not_picked":[],"picked":"Crippling Poison","floor":2.0},{"not_picked":["Acrobatics"],"picked":"SKIP","floor":3.0},{"not_picked":["Reflex"],"picked":"SKIP","floor":5.0},{"not_picked":["Flying Knee"],"picked":"SKIP","floor":8.0},{"not_picked":["Tactician"],"picked":"SKIP","floor":12.0},{"not_picked":["Quick Slash"],"picked":"SKIP","floor":13.0},{"not_picked":["Dagger Spray"],"picked":"SKIP","floor":14.0}],"player_experience":335213,"relics_obtained":[{"floor":8.0,"key":"Snake Skull"},{"floor":9.0,"key":"Whetstone"},{"floor":12.0,"key":"Tiny Chest"}],"event_choices":[{"damage_healed":0.0,"max_hp_gain":0.0,"max_hp_loss":0.0,"gold_gain":75.0,"event_name":"betterThird:BetterGoop","player_choice":"Gold","floor":4.0,"gold_loss":0.0,"damage_taken":11.0},{"cards_removed":["Defend_G"],"damage_healed":0.0,"max_hp_gain":0.0,"max_hp_loss":0.0,"gold_gain":0.0,"event_name":"The Cleric","player_choice":"Card Removal","floor":7.0,"gold_loss":50.0,"damage_taken":0.0},{"damage_healed":0.0,"max_hp_gain":0.0,"max_hp_loss":0.0,"gold_gain":0.0,"event_name":"Lab","player_choice":"Got Potions","floor":11.0,"gold_loss":0.0,"damage_taken":0.0}],"is_beta":false,"boss_relics":[],"items_purged_floors":[],"is_endless":false,"potions_floor_spawned":[2,3,5],"killed_by":"The Guardian","ascension_level":8}}