{"host":"wuernuywc9gl215o","time":1612123806,"event":{"mods":["AchievementEnabler","BaseMod","Block Reminder","Key Reminder","Minty Spire (QoL Compilation)","Permanent Neow","Potion Indicator Mod","Quick Restart","Relic Stats"],"gold_per_floor":[117,49,68,68,85,85,113,113,139,139,150,165,180,196,196,299,299,313,329,348,33,45,45,76,94,94,94,128,128,160,173,173,173,173],"floor_reached":33,"language":"ENG","playtime":2124,"items_purged":["Strike_G"],"score":460,"play_id":"925289f8-4c7c-4929-9451-62df3e14e06c","local_time":"20210131201006","is_ascension_mode":true,"campfire_choices":[{"data":"Deadly Poison","floor":6.0,"key":"SMITH"},{"floor":8.0,"key":"REST"},{"data":"Caltrops","floor":10.0,"key":"SMITH"},{"data":"Catalyst","floor":15.0,"key":"SMITH"},{"data":"Catalyst","floor":23.0,"key":"SMITH"},{"floor":32.0,"key":"REST"}],"circlet_count":0,"master_deck":["Strike_G","Strike_G","Strike_G","Defend_G","Defend_G","Defend_G","Defend_G","Defend_G","Survivor","Neutralize","Deadly Poison+1","Caltrops+1","Caltrops","Blade Dance","Dagger Spray","Dash","Blade Dance","Catalyst+1","Cloak And Dagger","Leg Sweep","Corpse Explosion","Concentrate","Backstab","Catalyst+1","Prepared","Backflip+1","Backstab+1","Flechettes","Flying Knee","Underhanded Strike"],"relics":["Ring of the Snake","Dream Catcher","Omamori","Runic Pyramid","Medical Kit","The Specimen","Pantograph","Blood Vial","Singing Bowl"],"acts_visited":["Exordium","TheCity"],"potions_floor_usage":[],"damage_taken":[{"damage":8.0,"enemies":"2 Louse","floor":1.0,"turns":6.0},{"damage":2.0,"enemies":"Small Slimes","floor":3.0,"turns":4.0},{"damage":1.0,"enemies":"Cultist","floor":5.0,"turns":5.0},{"damage":22.0,"enemies":"Lagavulin","floor":7.0,"turns":6.0},{"damage":3.0,"enemies":"Lots of Slimes","floor":11.0,"turns":3.0},{"damage":2.0,"enemies":"3 Louse","floor":12.0,"turns":3.0},{"damage":0.0,"enemies":"Large Slime","floor":13.0,"turns":4.0},{"damage":0.0,"enemies":"Blue Slaver","floor":14.0,"turns":3.0},{"damage":4.0,"enemies":"The Guardian","floor":16.0,"turns":9.0},{"damage":2.0,"enemies":"Shell Parasite","floor":18.0,"turns":4.0},{"damage":0.0,"enemies":"3 Byrds","floor":19.0,"turns":4.0},{"damage":4.0,"enemies":"Snake Plant","floor":20.0,"turns":5.0},{"damage":15.0,"enemies":"3 Cultists","floor":22.0,"turns":4.0},{"damage":9.0,"enemies":"Slavers","floor":24.0,"turns":5.0},{"damage":9.0,"enemies":"Snecko","floor":25.0,"turns":4.0},{"damage":2.0,"enemies":"Book of Stabbing","floor":28.0,"turns":4.0},{"damage":26.0,"enemies":"Gremlin Leader","floor":30.0,"turns":5.0},{"damage":19.0,"enemies":"Centurion and Healer","floor":31.0,"turns":3.0},{"damage":80,"enemies":"Collector","floor":33,"turns":6}],"seed_played":"-2626684113288946675","potions_obtained":[{"floor":5.0,"key":"BlessingOfTheForge"},{"floor":12.0,"key":"SpeedPotion"},{"floor":13.0,"key":"AttackPotion"},{"floor":18.0,"key":"SkillPotion"},{"floor":22.0,"key":"Weak Potion"},{"floor":24.0,"key":"Regen Potion"},{"floor":25.0,"key":"AttackPotion"}],"is_trial":false,"path_per_floor":["M","$","M","?","M","R","E","R","T","R","M","M","M","M","R","B",null,"M","M","M","$","M","R","E","M","T","?","E","?","E","M","R","B"],"character_chosen":"THE_SILENT","items_purchased":["Caltrops","Catalyst","Prepared","Medical Kit"],"campfire_rested":2,"item_purchase_floors":[2,21,21,21],"current_hp_per_floor":[51,51,49,42,41,41,19,44,44,44,41,39,39,39,39,35,72,70,70,66,66,51,51,42,47,47,47,45,45,23,6,31,0,0],"gold":173,"neow_bonus":"TWENTY_PERCENT_HP_BONUS","is_daily":false,"chose_seed":false,"campfire_upgraded":4,"win_rate":0.0,"timestamp":1612123806,"path_taken":["M","$","M","?","M","R","E","R","T","R","M","M","M","M","R","BOSS","M","M","M","$","M","R","E","M","T","?","E","?","E","M","R","BOSS"],"items_purchased_type":["Card","Card","Card","Relic"],"build_version":"2020-12-22","purchased_purges":1,"victory":false,"max_hp_per_floor":[84,84,84,84,84,84,84,84,84,84,84,84,84,84,84,84,84,84,84,84,84,84,84,84,84,84,84,84,84,86,86,86,86,86],"relic_stats":{"Blood Vial":6,"Dream Catcher":2,"Singing Bowl":2,"counters":[19,87],"Pantograph":25,"Medical Kit":[0],"obtain_stats":[{"Blood Vial":28,"Dream Catcher":7,"The Specimen":24,"Singing Bowl":30,"Pantograph":26,"Omamori":9,"Medical Kit":21,"Ring of the Snake":0,"Runic Pyramid":17},{"Blood Vial":16,"Dream Catcher":4,"The Specimen":14,"Singing Bowl":17,"Pantograph":15,"Omamori":4,"Medical Kit":12,"Ring of the Snake":0,"Runic Pyramid":9},{"Blood Vial":73,"Dream Catcher":21,"The Specimen":65,"Singing Bowl":78,"Pantograph":69,"Omamori":21,"Medical Kit":56,"Ring of the Snake":0,"Runic Pyramid":43}],"Ring of the Snake":[38]},"card_choices":[{"not_picked":["Prepared","Finisher"],"picked":"Deadly Poison","floor":1.0},{"not_picked":["Setup","Calculated Gamble"],"picked":"Caltrops","floor":3.0},{"not_picked":["Prepared","Acrobatics"],"picked":"Blade Dance","floor":5.0},{"not_picked":["Bouncing Flask","Calculated Gamble"],"picked":"Dagger Spray","floor":7.0},{"not_picked":["Escape Plan","Deadly Poison"],"picked":"Dash","floor":8.0},{"not_picked":["Envenom","Riddle With Holes"],"picked":"Blade Dance","floor":11.0},{"not_picked":["Backflip","Acrobatics"],"picked":"Catalyst","floor":12.0},{"not_picked":["Dagger Throw","Riddle With Holes"],"picked":"Cloak And Dagger","floor":13.0},{"not_picked":["Flechettes","Underhanded Strike"],"picked":"Leg Sweep","floor":14.0},{"not_picked":["Glass Knife","Night Terror"],"picked":"Corpse Explosion","floor":16.0},{"not_picked":["Escape Plan","Expertise","Deadly Poison"],"picked":"SKIP","floor":18.0},{"not_picked":["Finisher","Predator+1"],"picked":"Concentrate","floor":19.0},{"not_picked":["Blade Dance","Eviscerate"],"picked":"Backstab","floor":20.0},{"not_picked":["Heel Hook","PiercingWail+1"],"picked":"Backflip+1","floor":22.0},{"not_picked":["Backflip","Infinite Blades"],"picked":"Backstab+1","floor":24.0},{"not_picked":["Infinite Blades","Backflip","Poisoned Stab+1"],"picked":"SKIP","floor":25.0},{"not_picked":["Finisher","Acrobatics"],"picked":"Flechettes","floor":28.0},{"not_picked":["Choke+1","Phantasmal Killer","Acrobatics"],"picked":"Singing Bowl","floor":30.0},{"not_picked":["Skewer","Cloak And Dagger"],"picked":"Flying Knee","floor":31.0},{"not_picked":["Deflect","Infinite Blades"],"picked":"Underhanded Strike","floor":32.0}],"player_experience":732273,"relics_obtained":[{"floor":7.0,"key":"Dream Catcher"},{"floor":9.0,"key":"Omamori"},{"floor":24.0,"key":"The Specimen"},{"floor":26.0,"key":"Pantograph"},{"floor":28.0,"key":"Blood Vial"},{"floor":30.0,"key":"Singing Bowl"}],"event_choices":[{"cards_removed":["Strike_G"],"damage_healed":0.0,"max_hp_gain":0.0,"max_hp_loss":0.0,"gold_gain":0.0,"event_name":"Golden Wing","player_choice":"Card Removal","floor":4.0,"gold_loss":0.0,"damage_taken":7.0},{"damage_healed":0.0,"max_hp_gain":0.0,"max_hp_loss":0.0,"gold_gain":0.0,"event_name":"Vampires","player_choice":"Ignored","floor":27.0,"gold_loss":0.0,"damage_taken":0.0},{"damage_healed":0.0,"max_hp_gain":0.0,"max_hp_loss":0.0,"gold_gain":0.0,"event_name":"Match and Keep!","player_choice":"0 cards matched","floor":29.0,"gold_loss":0.0,"damage_taken":0.0,"cards_obtained":[]}],"is_beta":false,"boss_relics":[{"not_picked":["Runic Dome","Philosopher\u0027s Stone"],"picked":"Runic Pyramid"}],"items_purged_floors":[21],"is_endless":false,"potions_floor_spawned":[5,12,13,18,22,24,25],"killed_by":"Collector","ascension_level":8}}