{"host":"wuernuywc9gl215o","time":1612124395,"event":{"mods":["AchievementEnabler","BaseMod","Block Reminder","Key Reminder","Minty Spire (QoL Compilation)","Permanent Neow","Potion Indicator Mod","Quick Restart","Relic Stats"],"gold_per_floor":[115,128,143,163,235,235,255,282,282,282,301,20,40,115,115,115,115],"floor_reached":16,"language":"ENG","playtime":562,"items_purged":[],"score":208,"play_id":"f1bfe278-62ad-46b2-a989-2cce59fe2522","local_time":"20210131201955","is_ascension_mode":true,"campfire_choices":[{"data":"Bash","floor":6,"key":"SMITH"},{"floor":10,"key":"REST"},{"floor":15,"key":"REST"}],"circlet_count":0,"master_deck":["AscendersBane","Strike_R","Strike_R","Strike_R","Strike_R","Strike_R","Defend_R","Defend_R","Defend_R","Defend_R","Bash+1","Twin Strike","Cleave","Clothesline","Iron Wave","Offering","Armaments","Evolve"],"relics":["Mark of Pain","Potion Belt","Lantern","Self Forming Clay"],"acts_visited":["Exordium"],"potions_floor_usage":[8,13,13],"damage_taken":[{"damage":2,"enemies":"Cultist","floor":1,"turns":4},{"damage":7,"enemies":"Jaw Worm","floor":2,"turns":2},{"damage":0,"enemies":"Small Slimes","floor":3,"turns":3},{"damage":23,"enemies":"Exordium Wildlife","floor":4,"turns":5},{"damage":11,"enemies":"Looter","floor":7,"turns":4},{"damage":12,"enemies":"Gremlin Nob","floor":8,"turns":3},{"damage":8,"enemies":"Blue Slaver","floor":11,"turns":2},{"damage":0,"enemies":"3 Louse","floor":13,"turns":2},{"damage":38,"enemies":"Hexaghost","floor":16,"turns":9}],"seed_played":"7461172729313084410","potions_obtained":[{"floor":2,"key":"CultistPotion"},{"floor":8,"key":"Block Potion"},{"floor":11,"key":"Fire Potion"}],"is_trial":false,"path_per_floor":["M","M","M","M","?","R","M","E","T","R","M","$","M","?","R","B"],"character_chosen":"IRONCLAD","items_purchased":["Self Forming Clay"],"campfire_rested":2,"item_purchase_floors":[12],"current_hp_per_floor":[66,59,59,36,36,36,25,13,13,35,27,27,27,16,38,0,0],"gold":115,"neow_bonus":"BOSS_RELIC","is_daily":false,"chose_seed":false,"campfire_upgraded":1,"win_rate":0.0,"timestamp":1612124395,"path_taken":["M","M","M","M","?","R","M","E","T","R","M","$","M","?","R","BOSS"],"items_purchased_type":["Relic"],"build_version":"2020-12-22","purchased_purges":0,"victory":false,"max_hp_per_floor":[75,75,75,75,75,75,75,75,75,75,75,75,75,75,75,75,75],"relic_stats":{"counters":[9,34],"Self Forming Clay":[15],"obtain_stats":[{"Potion Belt":8,"Lantern":9,"Self Forming Clay":12,"Mark of Pain":0,"Burning Blood":0},{"Potion Belt":6,"Lantern":6,"Self Forming Clay":7,"Mark of Pain":0,"Burning Blood":0},{"Potion Belt":21,"Lantern":21,"Self Forming Clay":23,"Mark of Pain":0,"Burning Blood":0}]},"card_choices":[{"not_picked":["Havoc","Warcry"],"picked":"Twin Strike","floor":1},{"not_picked":["Heavy Blade","Body Slam"],"picked":"Cleave","floor":2},{"not_picked":["Iron Wave","Anger"],"picked":"Clothesline","floor":3},{"not_picked":["Combust","Uppercut"],"picked":"Iron Wave","floor":4},{"not_picked":["Armaments","Rupture"],"picked":"Offering","floor":7},{"not_picked":["Headbutt","Clash","Twin Strike"],"picked":"SKIP","floor":8},{"not_picked":["Searing Blow","Cleave"],"picked":"Armaments","floor":11},{"not_picked":["Rupture","Carnage"],"picked":"Evolve","floor":13}],"player_experience":734397,"relics_obtained":[{"floor":8,"key":"Potion Belt"},{"floor":9,"key":"Lantern"}],"event_choices":[{"damage_healed":0,"gold_gain":72,"player_choice":"Gained Gold","damage_taken":0,"max_hp_gain":0,"max_hp_loss":0,"event_name":"Golden Wing","floor":5,"gold_loss":0},{"damage_healed":0,"gold_gain":75,"player_choice":"Gather Gold","damage_taken":11,"max_hp_gain":0,"max_hp_loss":0,"event_name":"World of Goop","floor":14,"gold_loss":0}],"is_beta":false,"boss_relics":[],"items_purged_floors":[],"is_endless":false,"potions_floor_spawned":[2,8,11],"killed_by":"Hexaghost","ascension_level":20}}