{"host":"lxihx0b6awoz2w1j","time":1612112172,"event":{"mods":["Act Like it!","Ascension Reborn","BaseMod","Better Third Choice","BetterRewards","CapriCore","Colored Powertips","Conspire","Downfall","Fox Events","Gensokyo","Hermit","Hubris","Infinite Spire","JesterMod","Luminous","Melee Mod","Minty Spire (QoL Compilation)","Permanent Neow","Prisma Mod","Quick Restart","Relic Stats","Reliquary","Replay The Spire","Shade Mod","Spicy Shops","StSLib","Td1madao Mod","The Alterego","The Blue Laboratory","The Construct","The Cursed","The Death Knight","The Disciple","The Forsaken","The Gatherer","The Immortal","The Jungle","The Marked","The Mystic","The Runesmith","The Senshi","The Servant 0.9.4","The Spell Scribe","Waifu the Spire"],"gold_per_floor":[111,126,137,137,157,183,183,211,211,311,337,59,69,69,69,164,164,179,164,89,106,106,106,106,106,123,123,148,170,199,199,114,114,114,222,222,248,274,274,302,329,373,373,411,420,420,439,481,509,509,509],"floor_reached":50,"language":"ENG","playtime":3733,"items_purged":[],"score":679,"play_id":"7796bfbd-a6a2-431e-9b23-3dca1460d6c0","local_time":"20210131175612","is_ascension_mode":false,"campfire_choices":[{"data":"alterego_mod:Support","floor":7.0,"key":"SMITH"},{"data":"alterego_mod:DiscoLights","floor":15.0,"key":"SMITH"},{"data":"alterego_mod:Vow","floor":25.0,"key":"SMITH"},{"floor":31.0,"key":"REST"},{"data":"infinitespire:Menacing","floor":34.0,"key":"SMITH"},{"data":"alterego_mod:IdEs","floor":43,"key":"SMITH"}],"circlet_count":0,"master_deck":["alterego_mod:Strike","alterego_mod:Strike","alterego_mod:Strike","alterego_mod:Strike","alterego_mod:Defend","alterego_mod:Defend","alterego_mod:Defend","alterego_mod:Defend","alterego_mod:Impale","alterego_mod:BigMeatyClaws+1","alterego_mod:BrynhildrsRune+1","alterego_mod:DeftHands","ReplayTheSpireMod:Private Reserves","alterego_mod:1TonWallop","alterego_mod:Support+1","alterego_mod:BeGentle","Ghostly Armor","alterego_mod:Valentines","alterego_mod:Stockings","alterego_mod:Collar","alterego_mod:Weigh+1","alterego_mod:Belts+1","alterego_mod:Maid+1","alterego_mod:DiscoLights+1","alterego_mod:Skirt+1","alterego_mod:Mirror","alterego_mod:Cycle","alterego_mod:PresenceConcealment","alterego_mod:Complex+1","alterego_mod:Vow+1","alterego_mod:BreastValley+1","alterego_mod:BustOut+1","infinitespire:Menacing+1","alterego_mod:Pet","alterego_mod:Punishment+1","alterego_mod:Undulate","alterego_mod:IdEs+1","alterego_mod:Exercise+1","alterego_mod:DiscoLights+1","alterego_mod:Maid+1","alterego_mod:Bounce+1","alterego_mod:Punishment+1","alterego_mod:GoddessCore+1","alterego_mod:Undulate+1","alterego_mod:Weigh+1","alterego_mod:Undulate"],"relics":["alterego_mod:MasochisticConstitution","reliquary:Buckler","Bag of Preparation","HandDrill","Replay:WaspNest","reliquary:WeakTea","ReplayTheSpireMod:TigerMarble","Replay:Ringing Soul","Molten Egg 2","Lantern","Calling Bell","infinitespire:Satchel","Sundial","infinitespire:Joker Card","reliquary:Aerogel","CeramicFish","Anchor","Cursed Key","reliquary:HotPoker","Frozen Egg 2","Strawberry","infinitespire:BottledMercury","infinitespire:Lucky Rock"],"acts_visited":["Exordium","TheCity","TheBeyond"],"potions_floor_usage":[],"damage_taken":[{"damage":3.0,"enemies":"Jaw Worm","floor":1.0,"turns":4.0},{"damage":9.0,"enemies":"Cultist","floor":2.0,"turns":3.0},{"damage":0.0,"enemies":"2 Louse","floor":3.0,"turns":3.0},{"damage":10.0,"enemies":"Exordium Wildlife","floor":5.0,"turns":3.0},{"damage":6.0,"enemies":"Lagavulin","floor":6.0,"turns":12.0},{"damage":9.0,"enemies":"3 Sentries","floor":8.0,"turns":8.0},{"damage":25.0,"enemies":"Gremlin Nob","floor":11.0,"turns":6.0},{"damage":1.0,"enemies":"Red Slaver","floor":13.0,"turns":4.0},{"damage":5.0,"enemies":"The Guardian","floor":16.0,"turns":10.0},{"damage":13.0,"enemies":"Shell Parasite","floor":18.0,"turns":7.0},{"damage":20.0,"enemies":"2 Thieves","floor":19.0,"turns":4.0},{"damage":20.0,"enemies":"Centurion and Healer","floor":21.0,"turns":9.0},{"damage":2.0,"enemies":"Snecko","floor":26.0,"turns":7.0},{"damage":24.0,"enemies":"Cultist and Chosen","floor":29.0,"turns":4.0},{"damage":21.0,"enemies":"Chosen and Byrds","floor":30.0,"turns":5.0},{"damage":68.0,"enemies":"hubris:MusketHawk","floor":35.0,"turns":10.0},{"damage":5.0,"enemies":"Orb Walker","floor":37.0,"turns":5.0},{"damage":0.0,"enemies":"3 Darklings","floor":38.0,"turns":4.0},{"damage":57,"enemies":"Writhing Mass","floor":40,"turns":8},{"damage":43,"enemies":"4 Shapes","floor":41,"turns":6},{"damage":0,"enemies":"R_Hoarder","floor":42,"turns":9},{"damage":5,"enemies":"Nemesis","floor":44,"turns":5},{"damage":15,"enemies":"Transient","floor":47,"turns":5},{"damage":14,"enemies":"Giant Head","floor":48,"turns":8},{"damage":5,"enemies":"Maw","floor":49,"turns":7},{"damage":0,"enemies":"4 Shapes","floor":50,"turns":1}],"seed_played":"1812496018271671270","potions_obtained":[{"floor":2.0,"key":"blueLaboratory:EmptyBottle"},{"floor":3.0,"key":"blueLaboratory:AbyssPotion"},{"floor":8.0,"key":"Doom Potion"},{"floor":11.0,"key":"blueLaboratory:HorrorPotion"},{"floor":13.0,"key":"blueLaboratory:PyrophylliteBrew"},{"floor":26.0,"key":"blueLaboratory:NullPotion"},{"floor":29.0,"key":"PowerPotion"},{"floor":44,"key":"Adrenaline Potion"}],"is_trial":false,"path_per_floor":["M","M","M","?","M","E","R","E","T","?","E","$","M","?","R","B",null,"M","M","?","M","AVR","PTL","PTL","R","M","?","T","M","M","R","?","?","R","B",null,"M","M","AVR","M","M","E","R","E","T","?","M","E","M","M"],"character_chosen":"The_Alterego","items_purchased":["reliquary:Buckler","Bag of Preparation","HandDrill","alterego_mod:DeftHands","ReplayTheSpireMod:Private Reserves","alterego_mod:Belts+1","alterego_mod:Maid+1","Lantern"],"campfire_rested":1,"item_purchase_floors":[0,0,0,0,0,12,12,12],"current_hp_per_floor":[61,60,72,55,60,62,62,61,61,61,47,50,57,60,60,59,96,87,71,71,72,75,75,75,75,96,96,96,89,82,118,118,118,118,85,124,123,126,126,117,106,142,142,153,156,153,142,148,163,163,163],"gold":509,"neow_bonus":"","is_daily":false,"chose_seed":false,"campfire_upgraded":5,"win_rate":0.0,"timestamp":1612112172,"path_taken":["M","M","M","?","M","E","R","E","T","?","E","$","?","?","R","BOSS","M","M","?","M","AVR","PTL","PTL","R","M","?","T","M","?","R","?","?","R","BOSS","M","M","AVR","M","?","E","R","E","T","?","M","E","M","M"],"items_purchased_type":["Relic","Relic","Relic","Card","Card","Card","Card","Relic"],"build_version":"2020-12-22","purchased_purges":0,"victory":false,"max_hp_per_floor":[71,72,72,72,73,74,74,75,75,75,79,82,86,89,89,93,96,100,104,104,105,108,108,108,108,112,112,112,116,120,120,120,120,120,124,124,128,131,131,135,139,142,142,153,156,153,157,161,165,165,165],"relic_stats":{"counters":[40,229],"Sundial":[4],"CeramicFish":126,"Bag of Preparation":[52],"HandDrill":[56],"Cursed Key":1,"obtain_stats":[{"infinitespire:BottledMercury":45,"Lantern":12,"reliquary:Aerogel":22,"CeramicFish":28,"StoneCalendar":7,"Incense Burner":26,"Bag of Preparation":0,"Cursed Key":36,"Sozu":17,"Replay:Ringing Soul":9,"reliquary:HotPoker":39,"Sundial":17,"Strawberry":44,"MealTicket":22,"reliquary:Buckler":23,"HandDrill":0,"hubris:GlazedTorus":5,"Replay:Bottled Steam":10,"alterego_mod:MasochisticConstitution":0,"hubris:Teleporter":24,"Replay:Towering Pillar of Hats":30,"hubris:64BitClover":11,"Replay:WaspNest":4,"infinitespire:Joker Card":17,"reliquary:WeakTea":6,"infinitespire:Lucky Rock":48,"hubris:Towel":21,"Frozen Egg 2":42,"Calling Bell":17,"conspire:GiftBox":0,"Replay:Baseball":9,"Anchor":32,"infinitespire:Satchel":17,"Molten Egg 2":11,"infinitespire:EmpoweringShard":0,"foxEvents:LuckyCharm":3,"ReplayTheSpireMod:TigerMarble":8},{"infinitespire:BottledMercury":36,"Lantern":21,"reliquary:Aerogel":26,"CeramicFish":27,"StoneCalendar":4,"Incense Burner":11,"Bag of Preparation":14,"Cursed Key":30,"Sozu":8,"Replay:Ringing Soul":20,"reliquary:HotPoker":32,"Sundial":23,"Strawberry":36,"MealTicket":10,"reliquary:Buckler":11,"HandDrill":14,"hubris:GlazedTorus":3,"Replay:Bottled Steam":6,"alterego_mod:MasochisticConstitution":0,"hubris:Teleporter":11,"Replay:Towering Pillar of Hats":13,"hubris:64BitClover":6,"Replay:WaspNest":17,"infinitespire:Joker Card":23,"reliquary:WeakTea":19,"infinitespire:Lucky Rock":38,"hubris:Towel":10,"Frozen Egg 2":35,"Calling Bell":23,"conspire:GiftBox":0,"Replay:Baseball":5,"Anchor":29,"infinitespire:Satchel":23,"Molten Egg 2":21,"infinitespire:EmpoweringShard":0,"foxEvents:LuckyCharm":3,"ReplayTheSpireMod:TigerMarble":20},{"infinitespire:BottledMercury":208,"Lantern":111,"reliquary:Aerogel":145,"CeramicFish":152,"StoneCalendar":22,"Incense Burner":60,"Bag of Preparation":72,"Cursed Key":171,"Sozu":43,"Replay:Ringing Soul":105,"reliquary:HotPoker":180,"Sundial":125,"Strawberry":208,"MealTicket":53,"reliquary:Buckler":60,"HandDrill":72,"hubris:GlazedTorus":14,"Replay:Bottled Steam":30,"alterego_mod:MasochisticConstitution":0,"hubris:Teleporter":60,"Replay:Towering Pillar of Hats":70,"hubris:64BitClover":30,"Replay:WaspNest":82,"infinitespire:Joker Card":125,"reliquary:WeakTea":97,"infinitespire:Lucky Rock":221,"hubris:Towel":53,"Frozen Egg 2":203,"Calling Bell":125,"conspire:GiftBox":0,"Replay:Baseball":25,"Anchor":161,"infinitespire:Satchel":125,"Molten Egg 2":111,"infinitespire:EmpoweringShard":0,"foxEvents:LuckyCharm":14,"ReplayTheSpireMod:TigerMarble":105}]},"card_choices":[{"not_picked":["alterego_mod:TrashNCrash","alterego_mod:Punishment"],"picked":"alterego_mod:1TonWallop","floor":1.0},{"not_picked":["alterego_mod:DeftHands","alterego_mod:PerceptionDisorder"],"picked":"alterego_mod:Support","floor":2.0},{"not_picked":["alterego_mod:1TonWallop","alterego_mod:PresenceConcealment"],"picked":"alterego_mod:BeGentle","floor":3.0},{"not_picked":["alterego_mod:Complex","alterego_mod:DustData"],"picked":"alterego_mod:Valentines","floor":5.0},{"not_picked":["alterego_mod:PresenceConcealment","alterego_mod:Cooking"],"picked":"alterego_mod:Stockings","floor":6.0},{"not_picked":["alterego_mod:Santa","alterego_mod:Punishment"],"picked":"alterego_mod:Collar","floor":8.0},{"not_picked":["alterego_mod:DeftHands+1","alterego_mod:Cycle"],"picked":"alterego_mod:Weigh+1","floor":11.0},{"not_picked":["alterego_mod:DeftHands+1","alterego_mod:BustOut"],"picked":"alterego_mod:DiscoLights","floor":13.0},{"not_picked":["alterego_mod:ClassAdvantage","alterego_mod:Valkyrie+1"],"picked":"alterego_mod:Vow","floor":16.0},{"not_picked":["alterego_mod:SuperDuperMasochism","alterego_mod:PerceptionDisorder"],"picked":"alterego_mod:BreastValley+1","floor":18.0},{"not_picked":["alterego_mod:Pet","alterego_mod:Schoolgirl"],"picked":"alterego_mod:BustOut+1","floor":19.0},{"not_picked":["alterego_mod:Skirt+1","alterego_mod:Bloomers","alterego_mod:Smother+1"],"picked":"SKIP","floor":21.0},{"not_picked":["alterego_mod:Weigh+1","alterego_mod:TrashNCrash"],"picked":"alterego_mod:Pet","floor":26.0},{"not_picked":["alterego_mod:Valentines","alterego_mod:Birthday"],"picked":"alterego_mod:Punishment+1","floor":29.0},{"not_picked":["alterego_mod:HighServant","alterego_mod:1TonWallop+1"],"picked":"alterego_mod:Undulate","floor":30.0},{"not_picked":["alterego_mod:Tantrum","alterego_mod:BrynhildrRomantia+1"],"picked":"alterego_mod:IdEs","floor":35.0},{"not_picked":["alterego_mod:Crossover","alterego_mod:MagicResistance+1"],"picked":"alterego_mod:Exercise+1","floor":37.0},{"not_picked":["alterego_mod:PerceptionDisorder+1","alterego_mod:PresenceConcealment+1"],"picked":"alterego_mod:DiscoLights+1","floor":38.0},{"not_picked":["alterego_mod:Cooking+1","alterego_mod:InsideBaseball"],"picked":"alterego_mod:Maid+1","floor":40},{"not_picked":["alterego_mod:Cooking+1","alterego_mod:GoddessCore+1"],"picked":"alterego_mod:Bounce+1","floor":41},{"not_picked":["alterego_mod:DestructionOfProperty+1","alterego_mod:Mirror"],"picked":"alterego_mod:Punishment+1","floor":42},{"not_picked":["alterego_mod:Pet+1","alterego_mod:Crossover+1"],"picked":"alterego_mod:GoddessCore+1","floor":44},{"not_picked":["alterego_mod:Cycle","alterego_mod:Belts+1"],"picked":"alterego_mod:Undulate+1","floor":47},{"not_picked":["alterego_mod:Pet","alterego_mod:Cycle+1"],"picked":"alterego_mod:Weigh+1","floor":48},{"not_picked":["alterego_mod:Clones","alterego_mod:Smother+1"],"picked":"alterego_mod:Undulate","floor":49}],"player_experience":690979,"relics_obtained":[{"floor":6.0,"key":"reliquary:WeakTea"},{"floor":8.0,"key":"ReplayTheSpireMod:TigerMarble"},{"floor":9.0,"key":"Replay:Ringing Soul"},{"floor":11.0,"key":"Molten Egg 2"},{"floor":17.0,"key":"infinitespire:Satchel"},{"floor":17.0,"key":"Sundial"},{"floor":17.0,"key":"infinitespire:Joker Card"},{"floor":28.0,"key":"CeramicFish"},{"floor":42,"key":"Frozen Egg 2"},{"floor":44,"key":"Strawberry"},{"floor":45,"key":"infinitespire:BottledMercury"},{"floor":48,"key":"infinitespire:Lucky Rock"}],"event_choices":[{"damage_healed":0.0,"max_hp_gain":0.0,"max_hp_loss":0.0,"gold_gain":100.0,"event_name":"Wheel of Change","player_choice":"Gold","floor":10.0,"gold_loss":0.0,"damage_taken":0.0},{"cards_removed":["CurseOfTheBell"],"damage_healed":0.0,"max_hp_gain":0.0,"max_hp_loss":0.0,"gold_gain":0.0,"event_name":"Beggar","player_choice":"Gave Gold","floor":20.0,"gold_loss":75.0,"damage_taken":0.0},{"damage_healed":0.0,"max_hp_gain":0.0,"max_hp_loss":0.0,"gold_gain":0.0,"event_name":"Purifier","player_choice":"Ignored","floor":27.0,"gold_loss":0.0,"damage_taken":0.0},{"damage_healed":0.0,"max_hp_gain":0.0,"max_hp_loss":0.0,"gold_gain":0.0,"event_name":"Addict","player_choice":"Obtained Relic","floor":32.0,"gold_loss":85.0,"damage_taken":0.0,"relics_obtained":["Anchor"]},{"damage_healed":0.0,"max_hp_gain":0.0,"max_hp_loss":0.0,"gold_gain":0.0,"event_name":"Transmorgrifier","player_choice":"Ignored","floor":33.0,"gold_loss":0.0,"damage_taken":0.0},{"cards_removed":["Voices","Parasite"],"damage_healed":0,"gold_gain":0,"player_choice":"Removed Curses","damage_taken":0,"max_hp_gain":0,"max_hp_loss":0,"event_name":"Fountain of Cleansing","floor":46,"gold_loss":0}],"is_beta":false,"boss_relics":[{"not_picked":["Replay:Drink Me","bronze:MakeshiftBattery"],"picked":"Calling Bell"},{"not_picked":["Runic Pyramid","Tiny House"],"picked":"Cursed Key"}],"items_purged_floors":[],"is_endless":false,"potions_floor_spawned":[2,3,8,11,13,26,29,30,35,37,41,44,47,49],"killed_by":"4 Shapes","ascension_level":0}}