{"host":"utkjxzfynr8j9mxq","time":1612074159,"event":{"mods":["AchievementEnabler","BaseMod","Colored Map","Easy Mode","Minty Spire (QoL Compilation)","Permanent Neow","StSLib","SuperFastMode"],"gold_per_floor":[112,123,143,160,51,51,82,82,155,165,11,25,59,70,70,172,172,188,17,17,34,34,34,62,80,80,80,100,131,131,150,150,247,247,257,276,291,9,23,23,37,37,37,51,68,81,30,46,46,46],"floor_reached":51,"language":"KOR","playtime":3238,"items_purged":["Strike_B","Defend_B","Strike_B"],"score":682,"play_id":"19047a14-93be-427c-9753-52c067901a37","local_time":"20210131152239","is_ascension_mode":false,"campfire_choices":[{"data":"Static Discharge","floor":6,"key":"SMITH"},{"data":"Machine Learning","floor":8,"key":"SMITH"},{"data":"Zap","floor":15,"key":"SMITH"},{"data":"Fusion","floor":23,"key":"SMITH"},{"data":"Biased Cognition","floor":30,"key":"SMITH"},{"data":"Apotheosis","floor":32,"key":"SMITH"},{"data":"Defragment","floor":40,"key":"SMITH"},{"data":"Seek","floor":42,"key":"SMITH"},{"data":"Tempest","floor":49,"key":"SMITH"}],"circlet_count":0,"master_deck":["Strike_B","Defend_B","Defend_B","Zap+1","Dualcast","Gash","Gash","Melter","Leap","Static Discharge+1","Machine Learning+1","Rebound","Conserve Battery","Rip and Tear","White Noise","Electrodynamics","Conserve Battery","Apotheosis+1","Fusion+1","Conserve Battery","Hologram+1","Redo+1","Biased Cognition+1","Capacitor+1","Seek+1","Barrage+1","White Noise+1","Hologram+1","Tempest+1","Defragment+1","Lockon"],"relics":["FrozenCore","Calipers","Bottled Tornado","Nunchaku","MutagenicStrength","Regal Pillow","Letter Opener","Sundial","Busted Crown","Mango"],"acts_visited":["Exordium","TheCity","TheBeyond"],"potions_floor_usage":[16,16,24,25,44,50,50],"damage_taken":[{"damage":0,"enemies":"Small Slimes","floor":1,"turns":3},{"damage":0,"enemies":"2 Louse","floor":2,"turns":2},{"damage":1,"enemies":"Cultist","floor":3,"turns":3},{"damage":18,"enemies":"Lots of Slimes","floor":4,"turns":3},{"damage":17,"enemies":"3 Sentries","floor":7,"turns":5},{"damage":7,"enemies":"Blue Slaver","floor":10,"turns":3},{"damage":12,"enemies":"2 Fungi Beasts","floor":12,"turns":3},{"damage":13,"enemies":"Gremlin Nob","floor":13,"turns":3},{"damage":13,"enemies":"Red Slaver","floor":14,"turns":2},{"damage":27,"enemies":"Hexaghost","floor":16,"turns":5},{"damage":25,"enemies":"2 Thieves","floor":18,"turns":3},{"damage":22,"enemies":"Shell Parasite","floor":21,"turns":4},{"damage":32,"enemies":"Book of Stabbing","floor":24,"turns":5},{"damage":30,"enemies":"Centurion and Healer","floor":25,"turns":3},{"damage":11,"enemies":"3 Cultists","floor":28,"turns":3},{"damage":27,"enemies":"Slavers","floor":29,"turns":3},{"damage":10,"enemies":"Shelled Parasite and Fungi","floor":31,"turns":3},{"damage":21,"enemies":"Collector","floor":33,"turns":11},{"damage":6,"enemies":"3 Shapes","floor":35,"turns":4},{"damage":17,"enemies":"3 Darklings","floor":36,"turns":2},{"damage":0,"enemies":"Sphere and 2 Shapes","floor":37,"turns":3},{"damage":9,"enemies":"4 Shapes","floor":39,"turns":2},{"damage":30,"enemies":"Maw","floor":41,"turns":6},{"damage":5,"enemies":"Transient","floor":44,"turns":5},{"damage":14,"enemies":"Sphere and 2 Shapes","floor":45,"turns":4},{"damage":7,"enemies":"Maw","floor":46,"turns":6},{"damage":15,"enemies":"4 Shapes","floor":48,"turns":3},{"damage":49,"enemies":"Time Eater","floor":50,"turns":5}],"seed_played":"-6422446302003872740","potions_obtained":[{"floor":2,"key":"SmokeBomb"},{"floor":3,"key":"FocusPotion"},{"floor":7,"key":"Swift Potion"},{"floor":10,"key":"LiquidMemories"},{"floor":24,"key":"Energy Potion"},{"floor":25,"key":"FearPotion"},{"floor":28,"key":"DuplicationPotion"},{"floor":33,"key":"BlessingOfTheForge"},{"floor":37,"key":"LiquidMemories"},{"floor":44,"key":"SmokeBomb"},{"floor":45,"key":"Regen Potion"},{"floor":48,"key":"DuplicationPotion"}],"is_trial":false,"path_per_floor":["M","M","M","M","$","R","E","R","T","M","$","M","E","M","R","B",null,"M","$","?","M","?","R","E","M","T","?","M","E","R","M","R","B",null,"M","M","M","$","M","R","M","R","T","M","M","M","$","M","R","B",null],"character_chosen":"DEFECT","items_purchased":["Static Discharge","Conserve Battery","Apotheosis","Tempest","Defragment","FocusPotion"],"campfire_rested":0,"item_purchase_floors":[5,11,19,38,38,47],"current_hp_per_floor":[68,68,67,50,50,50,51,51,51,61,61,56,55,55,55,41,68,43,43,43,46,46,46,36,38,38,38,57,41,41,58,58,47,68,62,51,68,68,59,59,38,38,52,77,68,75,75,67,67,33],"gold":46,"neow_bonus":"REMOVE_TWO","is_daily":false,"chose_seed":false,"campfire_upgraded":9,"win_rate":0.0,"timestamp":1612074159,"path_taken":["M","M","M","M","$","R","E","R","T","M","$","M","E","M","R","BOSS","M","$","?","M","?","R","E","M","T","?","M","E","R","M","R","BOSS","M","M","M","$","M","R","M","R","T","M","M","M","$","?","R","BOSS"],"items_purchased_type":["Card","Card","Card","Card","Card","Potion"],"build_version":"2020-12-22","purchased_purges":3,"victory":true,"max_hp_per_floor":[68,68,68,68,68,68,68,68,68,68,68,68,68,68,68,68,68,68,68,68,68,68,68,68,68,68,68,68,68,68,68,68,68,68,68,68,68,68,68,68,68,68,82,82,82,82,82,82,82,82],"card_choices":[{"not_picked":["Go for the Eyes","Coolheaded"],"picked":"Gash","floor":1},{"not_picked":["Steam","Conserve Battery"],"picked":"Gash","floor":2},{"not_picked":["Heatsinks","Leap"],"picked":"Melter","floor":3},{"not_picked":["Ball Lightning","Tempest"],"picked":"Leap","floor":4},{"not_picked":["Heatsinks","Ball Lightning"],"picked":"Machine Learning","floor":7},{"not_picked":["Ball Lightning","Compile Driver"],"picked":"Rebound","floor":10},{"not_picked":["Beam Cell","Darkness"],"picked":"Rip and Tear","floor":12},{"not_picked":["Steam Power","Conserve Battery"],"picked":"White Noise","floor":13},{"not_picked":["FTL","Force Field","Scrape"],"picked":"SKIP","floor":14},{"not_picked":["Reboot","Fission"],"picked":"Electrodynamics","floor":16},{"not_picked":["Heatsinks+1","Compile Driver"],"picked":"Conserve Battery","floor":18},{"not_picked":["Rebound","Hologram"],"picked":"Fusion","floor":21},{"not_picked":["Beam Cell","Cold Snap"],"picked":"Conserve Battery","floor":24},{"not_picked":["Coolheaded","Genetic Algorithm"],"picked":"Hologram+1","floor":25},{"not_picked":["Fission","Conserve Battery+1"],"picked":"Redo+1","floor":28},{"not_picked":["Conserve Battery+1","Streamline"],"picked":"Biased Cognition","floor":29},{"not_picked":["Undo","Conserve Battery+1"],"picked":"Capacitor+1","floor":31},{"not_picked":["Multi-Cast","Rainbow"],"picked":"Seek","floor":33},{"not_picked":[],"picked":"Barrage+1","floor":35},{"not_picked":[],"picked":"White Noise+1","floor":36},{"not_picked":[],"picked":"Hologram+1","floor":37},{"not_picked":["Rebound"],"picked":"SKIP","floor":39},{"not_picked":["Gash"],"picked":"SKIP","floor":41},{"not_picked":["Force Field"],"picked":"SKIP","floor":44},{"not_picked":[],"picked":"Lockon","floor":45},{"not_picked":["Barrage+1"],"picked":"SKIP","floor":46},{"not_picked":["Rainbow"],"picked":"SKIP","floor":48}],"player_experience":39012,"relics_obtained":[{"floor":7,"key":"Calipers"},{"floor":9,"key":"Bottled Tornado"},{"floor":13,"key":"Nunchaku"},{"floor":24,"key":"Regal Pillow"},{"floor":26,"key":"Letter Opener"},{"floor":29,"key":"Sundial"},{"floor":43,"key":"Mango"}],"event_choices":[{"damage_healed":0,"gold_gain":0,"player_choice":"Ignored","damage_taken":0,"max_hp_gain":0,"max_hp_loss":0,"event_name":"Vampires","floor":20,"gold_loss":0},{"damage_healed":0,"gold_gain":0,"player_choice":"Inject Mutagens","damage_taken":0,"relics_obtained":["MutagenicStrength"],"max_hp_gain":0,"max_hp_loss":0,"event_name":"Drug Dealer","floor":22,"gold_loss":0},{"damage_healed":0,"gold_gain":0,"player_choice":"Ignored","damage_taken":0,"max_hp_gain":0,"max_hp_loss":0,"event_name":"Transmorgrifier","floor":27,"gold_loss":0}],"is_beta":false,"boss_relics":[{"not_picked":["Snecko Eye","Velvet Choker"],"picked":"FrozenCore"},{"not_picked":["SacredBark","Astrolabe"],"picked":"Busted Crown"}],"items_purged_floors":[5,11,38],"is_endless":false,"potions_floor_spawned":[2,3,7,10,13,24,25,28,33,35,37,44,45,48],"ascension_level":0}}