{"host":"n23juj4d9qam5hh1","time":1612111962,"event":{"mods":["BaseMod","Better Note","BetterRewards","Displayed Cursed Tome","Infinite Spire","Minty Spire (QoL Compilation)","Relic Stats","StSLib","Thieving Mod"],"gold_per_floor":[116,135,135,48,63,63,27,27,54,54,54,54,65,75,75,177,177,166,81,81,81,98,111,111,129,129,129,129,51,51,71,71,176,226,237,248,266,266,266,266],"floor_reached":39,"language":"ENG","playtime":1400,"items_purged":[],"score":445,"play_id":"634fecdc-fe73-41a7-8d9a-1ef4f2d58e4c","local_time":"20210131115242","is_ascension_mode":true,"campfire_choices":[{"data":"Storm","floor":6.0,"key":"SMITH"},{"data":"Dualcast","floor":8.0,"key":"SMITH"},{"data":"Capacitor","floor":10.0,"key":"SMITH"},{"data":"Capacitor","floor":12.0,"key":"SMITH"},{"data":"Consume","floor":15.0,"key":"SMITH"},{"data":"Defragment","floor":24,"key":"SMITH"},{"floor":32,"key":"REST"}],"circlet_count":0,"master_deck":["Strike_B","Strike_B","Defend_B","Defend_B","Defend_B","Zap","Dualcast+1","Storm+1","Steam","Auto Shields","Glacier","Turbo","Capacitor+1","Capacitor+1","Turbo","Consume+1","Thunder Strike","FTL+1","Defragment+1","Ball Lightning","infinitespire:Starlight","Rebound+1","Capacitor+1","White Noise","Meteor Strike","Defragment","Self Repair","Seek","Darkness","Ball Lightning+1","Barrage+1","Redo+1"],"relics":["Cracked Core","Omamori","Nuclear Battery","Regal Pillow","Tiny House"],"acts_visited":["Exordium","TheCity","TheBeyond"],"potions_floor_usage":[22,22,31,31,33,37],"damage_taken":[{"damage":3.0,"enemies":"2 Louse","floor":1.0,"turns":3.0},{"damage":0.0,"enemies":"Cultist","floor":2.0,"turns":3.0},{"damage":1.0,"enemies":"Jaw Worm","floor":5.0,"turns":5.0},{"damage":0.0,"enemies":"Large Slime","floor":13.0,"turns":5.0},{"damage":11.0,"enemies":"3 Louse","floor":14.0,"turns":4.0},{"damage":23.0,"enemies":"Slime Boss","floor":16.0,"turns":9.0},{"damage":11,"enemies":"2 Thieves","floor":18,"turns":4},{"damage":19,"enemies":"Chosen","floor":22,"turns":5},{"damage":26,"enemies":"Snake Plant","floor":23,"turns":5},{"damage":27,"enemies":"Centurion and Healer","floor":25,"turns":8},{"damage":14,"enemies":"Cultist and Chosen","floor":31,"turns":5},{"damage":53,"enemies":"Collector","floor":33,"turns":6},{"damage":19,"enemies":"3 Darklings","floor":35,"turns":6},{"damage":42,"enemies":"3 Shapes","floor":36,"turns":5},{"damage":56,"enemies":"Maw","floor":37,"turns":5},{"damage":40,"enemies":"Jaw Worm Horde","floor":39,"turns":3}],"seed_played":"-617127068484052709","potions_obtained":[{"floor":2.0,"key":"SkillPotion"},{"floor":14.0,"key":"Weak Potion"},{"floor":16.0,"key":"Explosive Potion"},{"floor":22,"key":"Fire Potion"},{"floor":23,"key":"ColorlessPotion"},{"floor":31,"key":"LiquidBronze"},{"floor":34,"key":"ThievingMod:ThievingPotion"},{"floor":36,"key":"Regen Potion"}],"is_trial":false,"path_per_floor":["M","M","?","$","M","R","$","R","T","R","$","R","M","M","R","B",null,"M","$","?","?","M","M","R","M","T","?","?","$","?","M","R","B",null,"M","M","M","?","M"],"character_chosen":"DEFECT","items_purchased":["Glacier","Turbo","Capacitor","Defragment","Ball Lightning","Defragment"],"campfire_rested":1,"item_purchase_floors":[4,4,7,19,19,29],"current_hp_per_floor":[79,79,79,79,78,78,78,78,78,78,78,78,78,67,67,44,82,71,71,71,71,62,46,46,29,29,29,29,29,29,25,64,36,87,78,53,26,26,0,0],"gold":266,"neow_bonus":"TEN_PERCENT_HP_BONUS","is_daily":false,"chose_seed":false,"campfire_upgraded":6,"win_rate":0.0,"timestamp":1612111962,"path_taken":["M","M","?","$","M","R","$","R","T","R","?","R","M","M","R","BOSS","M","$","?","?","M","M","R","M","T","?","?","$","?","M","R","BOSS","M","M","M","?","M"],"items_purchased_type":["Card","Card","Card","Card","Card","Card"],"build_version":"2020-12-22","purchased_purges":0,"victory":false,"max_hp_per_floor":[82,82,82,82,82,82,82,82,82,82,82,82,82,82,82,82,82,82,82,82,82,82,82,82,82,82,82,82,82,82,82,82,82,87,87,87,87,87,87,87],"relic_stats":{"Regal Pillow":15,"counters":[16,81],"obtain_stats":[{"Regal Pillow":26,"Tiny House":34,"Omamori":9,"Cracked Core":0,"Nuclear Battery":17},{"Regal Pillow":10,"Tiny House":12,"Omamori":3,"Cracked Core":0,"Nuclear Battery":6},{"Regal Pillow":51,"Tiny House":62,"Omamori":11,"Cracked Core":0,"Nuclear Battery":29}]},"card_choices":[{"not_picked":["Sweeping Beam","Conserve Battery"],"picked":"Storm","floor":1.0},{"not_picked":["Stack","Hologram"],"picked":"Steam","floor":2.0},{"not_picked":["Melter","Steam"],"picked":"Capacitor","floor":5.0},{"not_picked":["Ball Lightning","Sweeping Beam"],"picked":"Turbo","floor":13.0},{"not_picked":["Go for the Eyes","Capacitor"],"picked":"Consume","floor":14.0},{"not_picked":["Hyperbeam","Fission"],"picked":"Thunder Strike","floor":16.0},{"not_picked":["Fusion","Reprogram"],"picked":"FTL","floor":18},{"not_picked":["infinitespire:NeuralNetwork","infinitespire:SealOfDarkness+"],"picked":"infinitespire:Starlight","floor":21},{"not_picked":["Skim","Streamline","Reprogram"],"picked":"SKIP","floor":22},{"not_picked":["Rip and Tear","Redo"],"picked":"Rebound+1","floor":23},{"not_picked":["Go for the Eyes","Stack+1"],"picked":"Capacitor+1","floor":25},{"not_picked":["Cold Snap","Redo"],"picked":"Self Repair","floor":31},{"not_picked":["Machine Learning","All For One"],"picked":"Seek","floor":33},{"not_picked":["Lockon","Cold Snap"],"picked":"Darkness","floor":34},{"not_picked":["Go for the Eyes+1","Rebound+1"],"picked":"Ball Lightning+1","floor":35},{"not_picked":["Reprogram","Beam Cell"],"picked":"Barrage+1","floor":36},{"not_picked":["Sweeping Beam+1","Barrage"],"picked":"Redo+1","floor":37}],"player_experience":270581,"relics_obtained":[{"floor":9.0,"key":"Omamori"},{"floor":26,"key":"Regal Pillow"}],"event_choices":[{"damage_healed":0.0,"max_hp_gain":0.0,"max_hp_loss":0.0,"gold_gain":0.0,"cards_transformed":["Strike_B"],"event_name":"Transmorgrifier","player_choice":"Transformed","floor":3.0,"gold_loss":0.0,"damage_taken":0.0,"cards_obtained":["Auto Shields"]},{"damage_healed":0,"gold_gain":0,"player_choice":"Ignored","damage_taken":0,"max_hp_gain":0,"max_hp_loss":0,"event_name":"Beggar","floor":20,"gold_loss":0},{"damage_healed":0,"gold_gain":0,"cards_transformed":["Strike_B","Defend_B"],"player_choice":"Became Test Subject","damage_taken":0,"max_hp_gain":0,"max_hp_loss":0,"event_name":"Drug Dealer","floor":27,"gold_loss":0,"cards_obtained":["White Noise","Meteor Strike"]},{"damage_healed":0,"gold_gain":0,"player_choice":"Ignored","damage_taken":0,"max_hp_gain":0,"max_hp_loss":0,"event_name":"Vampires","floor":30,"gold_loss":0},{"damage_healed":0,"gold_gain":0,"player_choice":"Ignored","damage_taken":0,"max_hp_gain":0,"max_hp_loss":0,"event_name":"Mysterious Sphere","floor":38,"gold_loss":0}],"is_beta":false,"boss_relics":[{"not_picked":["Astrolabe","FrozenCore"],"picked":"Nuclear Battery"},{"not_picked":["Runic Dome","Cursed Key"],"picked":"Tiny House"}],"items_purged_floors":[],"is_endless":false,"potions_floor_spawned":[2,14,16,22,23,31,36],"killed_by":"Jaw Worm Horde","ascension_level":4}}