{"host":"vyiqbz5w606ur92t","time":1612063996,"event":{"mods":["BaseMod","Downfall","Minty Spire (QoL Compilation)","StSLib"],"gold_per_floor":[99,109,13,26,36,62,62,92,92,192,206,234,253,288,300,402,402,302,502,352,352,352,352,352,379,389,417,33,48,77,77,93,198,198,98,110,160,205,217,247,300,300,200,200,228,241,38,71,83,83,83,114,27,27,27,27,27,27],"floor_reached":56,"language":"ENG","playtime":7871,"items_purged":["downfall:Haunted","Pain"],"score":1193,"play_id":"f810992e-817f-4dfe-9e80-65f19678d7e4","local_time":"20210131033316","is_ascension_mode":true,"campfire_choices":[{"floor":1.0,"key":"RECALL"},{"floor":9.0,"key":"REST"},{"floor":18.0,"key":"REST"},{"floor":23.0,"key":"REST"},{"floor":35.0,"key":"REST"}],"circlet_count":0,"master_deck":["Guardian:Defend_Guardian","Guardian:Defend_Guardian","Guardian:CurlUp+1","Guardian:TwinSlam","Guardian:ShieldCharger","Guardian:BodySlam","expansioncontent:PrepareCrush","Guardian:RollAttack+1","Guardian:Reroute","Guardian:Harden","Guardian:Orbwalk","Guardian:ExploitGems+1","Guardian:FuturePlans","Guardian:SphericShield","Guardian:EvasiveProtocol","Guardian:DecasProtection","Guardian:StasisField","Guardian:RevengeProtocol","Guardian:DonusPower+1","Ghostly","Guardian:WalkerClaw","Guardian:DecasProtection","Guardian:ChargeCore","Guardian:ChargeUp","Guardian:BodySlam+1","Guardian:TemporalShield+1","Guardian:HyperBeam_Guardian","Guardian:FloatingOrbs","Guardian:Gem_Cyan","Guardian:Gem_White","Guardian:Planning","Guardian:Incinerate","Guardian:Suspension+1","Guardian:Gem_Cyan","Guardian:AncientConstruct","Guardian:FastForward","Guardian:ShieldSpikes","Guardian:DonusPower+1","Guardian:SpikerProtocol","Guardian:Gem_Green","Guardian:Gem_Lightblue","Guardian:Gem_Green"],"relics":["Fusion Hammer","Matryoshka","Art of War","White Beast Statue","Ancient Tea Set","Pen Nib","War Paint","Astrolabe","downfall:HeartBlessingRed","Tiny Chest","Mummified Hand","TungstenRod","Kunai","Sundial","Runic Pyramid","downfall:HeartBlessingGreen","Torii","Lantern","Letter Opener","Guardian:PickAxe","downfall:HeartBlessingBlue","WarpedTongs","Bronze Scales","Bag of Marbles","Guardian:DefensiveModeMoreBlock","Centennial Puzzle"],"acts_visited":["Exordium","TheCity","TheBeyond","TheEnding"],"potions_floor_usage":[56,56],"damage_taken":[{"damage":1.0,"enemies":"Cultist","floor":2.0,"turns":4.0},{"damage":10.0,"enemies":"downfall:FleeingMerchant","floor":3.0,"turns":4.0},{"damage":0.0,"enemies":"2 Louse","floor":4.0,"turns":2.0},{"damage":7.0,"enemies":"Jaw Worm","floor":5.0,"turns":3.0},{"damage":3.0,"enemies":"3 Sentries","floor":6.0,"turns":7.0},{"damage":0.0,"enemies":"Lagavulin","floor":8.0,"turns":5.0},{"damage":0.0,"enemies":"downfall:Heads","floor":10.0,"turns":2.0},{"damage":0.0,"enemies":"Large Slime","floor":11.0,"turns":2.0},{"damage":0.0,"enemies":"Gremlin Nob","floor":12.0,"turns":3.0},{"damage":6.0,"enemies":"3 Louse","floor":13.0,"turns":4.0},{"damage":0.0,"enemies":"3 Sentries","floor":14.0,"turns":6.0},{"damage":1.0,"enemies":"Exordium Thugs","floor":15.0,"turns":3.0},{"damage":12.0,"enemies":"SI_SHIV_ARCHETYPE","floor":16.0,"turns":6.0},{"damage":23.0,"enemies":"Slavers","floor":25.0,"turns":3.0},{"damage":12.0,"enemies":"Chosen","floor":26.0,"turns":5.0},{"damage":5.0,"enemies":"Gremlin Leader","floor":27.0,"turns":5.0},{"damage":0.0,"enemies":"downfall:FleeingMerchant","floor":28.0,"turns":4.0},{"damage":3.0,"enemies":"3 Byrds","floor":29.0,"turns":4.0},{"damage":13.0,"enemies":"Slavers","floor":30.0,"turns":3.0},{"damage":0.0,"enemies":"Sentry and Sphere","floor":32.0,"turns":6.0},{"damage":0.0,"enemies":"WA_ARCHETYPE_CALM","floor":33.0,"turns":9.0},{"damage":4.0,"enemies":"3 Darklings","floor":36.0,"turns":5.0},{"damage":0.0,"enemies":"3 Darklings","floor":37.0,"turns":6.0},{"damage":6.0,"enemies":"Orb Walker","floor":39.0,"turns":3.0},{"damage":0.0,"enemies":"Nemesis","floor":40.0,"turns":4.0},{"damage":28.0,"enemies":"Giant Head","floor":45.0,"turns":8.0},{"damage":0.0,"enemies":"Spire Growth","floor":46.0,"turns":4.0},{"damage":0.0,"enemies":"downfall:FleeingMerchant","floor":47.0,"turns":3.0},{"damage":8.0,"enemies":"Reptomancer","floor":48.0,"turns":5.0},{"damage":0.0,"enemies":"Jaw Worm Horde","floor":49.0,"turns":3.0},{"damage":14.0,"enemies":"DF_ARCHETYPE_ORBS","floor":50.0,"turns":8.0},{"damage":8.0,"enemies":"downfall:CharBossMerchant","floor":52.0,"turns":10.0},{"damage":9,"enemies":"downfall:NeowBoss","floor":55,"turns":12},{"damage":151,"enemies":"downfall:NeowBossFinal","floor":56,"turns":8}],"seed_played":"-7146180248077328989","potions_obtained":[{"floor":5.0,"key":"ColorlessPotion"},{"floor":6.0,"key":"Strength Potion"},{"floor":8.0,"key":"DuplicationPotion"},{"floor":10.0,"key":"Fire Potion"},{"floor":11.0,"key":"LiquidBronze"},{"floor":13.0,"key":"Fruit Juice"},{"floor":14.0,"key":"Guardian:AcceleratePotion"},{"floor":25.0,"key":"Strength Potion"},{"floor":27.0,"key":"LiquidBronze"},{"floor":30.0,"key":"FairyPotion"},{"floor":52.0,"key":"Dexterity Potion"}],"is_trial":false,"path_per_floor":["R","M","$","M","M","E","T","E","R","?","M","E","M","E","M","B",null,"R","?","?","?","?","R","T","E","M","E","$","M","E","?","M","B",null,"R","M","?","T","M","E","T","?","R","?","E","M","$","E","M","B",null,"E","$","R","B","B"],"character_chosen":"GUARDIAN","items_purchased":["expansioncontent:PrepareCrush","Kunai","Guardian:DecasProtection","Bag of Marbles","Guardian:Gem_Cyan","Guardian:AncientConstruct","Guardian:FastForward","Guardian:SpikerProtocol","Guardian:Gem_Green"],"campfire_rested":4,"item_purchase_floors":[3,28,28,47,47,47,47,53,53],"current_hp_per_floor":[80,79,69,69,62,59,59,59,80,80,80,80,74,79,78,66,85,85,85,85,85,85,85,85,62,50,45,45,42,29,57,57,57,85,85,81,81,81,75,75,75,75,85,85,57,57,57,49,49,35,95,87,87,87,78,0,0,0],"gold":27,"neow_bonus":"BOSS_RELIC","is_daily":false,"chose_seed":false,"campfire_upgraded":0,"win_rate":0.0,"timestamp":1612063996,"path_taken":["R","M","$","?","M","E","T","E","R","?","M","E","M","E","M","BOSS","R","?","?","?","?","R","T","E","?","E","$","M","E","?","M","BOSS","R","M","?","?","M","E","T","?","R","?","E","M","$","E","M","BOSS","E","$","R","BOSS","BOSS"],"items_purchased_type":["Card","Relic","Card","Relic","Card","Card","Card","Card","Card"],"build_version":"2020-12-22","purchased_purges":2,"victory":false,"max_hp_per_floor":[80,80,80,80,80,80,80,80,80,80,80,80,80,85,85,85,85,85,85,85,85,85,85,85,85,85,85,85,85,85,85,85,85,85,85,85,85,85,85,85,85,85,95,95,95,95,95,95,95,95,95,95,95,95,95,95,95,95],"card_choices":[{"not_picked":["Guardian:Incinerate","Guardian:WalkerClaw"],"picked":"Guardian:ShieldCharger","floor":2.0},{"not_picked":["Guardian:Reroute","Guardian:Suspension"],"picked":"Guardian:BodySlam","floor":3.0},{"not_picked":["Guardian:PrimingBeam","Guardian:Reroute"],"picked":"Guardian:RollAttack","floor":4.0},{"not_picked":["Guardian:Gem_Cyan","Guardian:PrismaticBarrier"],"picked":"Guardian:Gem_Blue","floor":5.0},{"not_picked":["Guardian:BronzeOrb","Guardian:TimeCapacitor"],"picked":"Guardian:Reroute","floor":6.0},{"not_picked":["Guardian:PrismaticBeam","Guardian:Gem_Fragmented"],"picked":"Guardian:Harden","floor":8.0},{"not_picked":["Guardian:ChargeCore","Guardian:Recover"],"picked":"Guardian:Orbwalk","floor":10.0},{"not_picked":["Guardian:ShieldCharger","Guardian:ChargeUp"],"picked":"Guardian:FuturePlans","floor":11.0},{"not_picked":["Guardian:CrystalBeam","Guardian:Gem_White"],"picked":"Guardian:SphericShield","floor":12.0},{"not_picked":["Guardian:PrismaticBeam","Guardian:Suspension"],"picked":"Guardian:EvasiveProtocol","floor":13.0},{"not_picked":["Guardian:Recover","Guardian:Repulse"],"picked":"Guardian:DecasProtection","floor":14.0},{"not_picked":["Guardian:Preprogram","Guardian:ShieldCharger"],"picked":"Guardian:StasisField","floor":15.0},{"not_picked":["Guardian:AncientConstruct","Guardian:Gem_Orange"],"picked":"Guardian:RevengeProtocol","floor":16.0},{"not_picked":["Guardian:VentSteam","Guardian:ShieldCharger","Guardian:SentryBeam+1"],"picked":"SKIP","floor":25.0},{"not_picked":["Guardian:Planning","Guardian:TemporalStrike"],"picked":"Guardian:WalkerClaw","floor":26.0},{"not_picked":["Guardian:PiercingHide","Guardian:Recover"],"picked":"Guardian:Gem_Blue","floor":27.0},{"not_picked":["Guardian:GuardianWhirl","Guardian:WalkerClaw"],"picked":"Guardian:Gem_Blue","floor":28.0},{"not_picked":["Guardian:VentSteam","Guardian:MultiBeam"],"picked":"Guardian:ChargeCore","floor":29.0},{"not_picked":["Guardian:AncientConstruct","Guardian:VentSteam"],"picked":"Guardian:ChargeUp","floor":30.0},{"not_picked":["Guardian:TemporalStrike","Guardian:Preprogram+1"],"picked":"Guardian:Gem_Cyan","floor":32.0},{"not_picked":["Guardian:GatlingBeam","Guardian:AncientConstruct"],"picked":"Guardian:Gem_Orange","floor":33.0},{"not_picked":["Guardian:Recover+1","Guardian:SpikerProtocol"],"picked":"Guardian:BodySlam+1","floor":36.0},{"not_picked":["Guardian:Gem_Cyan","Guardian:VentSteam"],"picked":"Guardian:TemporalShield+1","floor":37.0},{"not_picked":["Guardian:Recover","Guardian:Harden+1"],"picked":"Guardian:HyperBeam_Guardian","floor":39.0},{"not_picked":["Guardian:CrystalBeam","Guardian:Suspension"],"picked":"Guardian:FloatingOrbs","floor":40.0},{"not_picked":["Guardian:GemFinder","Guardian:RollAttack"],"picked":"Guardian:Planning","floor":45.0},{"not_picked":["Guardian:Gem_Cyan","Guardian:Suspension"],"picked":"Guardian:Incinerate","floor":46.0},{"not_picked":["Guardian:WalkerClaw+1","Guardian:Gem_Green"],"picked":"Guardian:Suspension+1","floor":47.0},{"not_picked":["Guardian:Planning","Guardian:PolyBeam","Guardian:BodySlam"],"picked":"SKIP","floor":48.0},{"not_picked":["Guardian:PiercingHide+1","Guardian:ChargeCore"],"picked":"Guardian:ShieldSpikes","floor":49.0},{"not_picked":["Guardian:Gem_White","Guardian:Preprogram"],"picked":"Guardian:DonusPower+1","floor":52.0}],"player_experience":1284308,"relics_obtained":[{"floor":6.0,"key":"Matryoshka"},{"floor":7.0,"key":"Art of War"},{"floor":7.0,"key":"White Beast Statue"},{"floor":8.0,"key":"Ancient Tea Set"},{"floor":12.0,"key":"Pen Nib"},{"floor":14.0,"key":"War Paint"},{"floor":24.0,"key":"Tiny Chest"},{"floor":25.0,"key":"Mummified Hand"},{"floor":27.0,"key":"TungstenRod"},{"floor":30.0,"key":"Sundial"},{"floor":37.0,"key":"Torii"},{"floor":38.0,"key":"Lantern"},{"floor":40.0,"key":"Letter Opener"},{"floor":41.0,"key":"Guardian:PickAxe"},{"floor":45.0,"key":"Bronze Scales"},{"floor":48.0,"key":"Guardian:DefensiveModeMoreBlock"},{"floor":52.0,"key":"Centennial Puzzle"}],"event_choices":[{"damage_healed":0.0,"max_hp_gain":0.0,"max_hp_loss":0.0,"gold_gain":0.0,"event_name":"Vampires","player_choice":"Ignored","floor":21.0,"gold_loss":0.0,"damage_taken":0.0},{"damage_healed":28.0,"max_hp_gain":0.0,"max_hp_loss":0.0,"gold_gain":0.0,"event_name":"The Library","player_choice":"Heal","floor":31.0,"gold_loss":0.0,"damage_taken":0.0}],"is_beta":false,"boss_relics":[{"not_picked":["expansioncontent:StudyCardRelic","Calling Bell"],"picked":"Astrolabe"},{"not_picked":["Empty Cage","Cursed Key"],"picked":"Runic Pyramid"}],"items_purged_floors":[28,47],"is_endless":false,"potions_floor_spawned":[5,6,8,10,11,12,13,14,15,16,25,26,27,28,29,30,32,33,36,37,39,40,45,46,47,48,49,52],"killed_by":"downfall:NeowBossFinal","ascension_level":2}}