{"host":"yx5rao87132cy5xq","time":1612098426,"event":{"mods":["2.2 Compatiblity","AchievementEnabler","BaseMod","Bestiary","Colored Map","Colored Powertips","Minty Spire (QoL Compilation)","Quick Restart","Relic Stats","Slay-I","SuperFastMode"],"gold_per_floor":[116,126,21,33,52,84,95,130,130,130,130],"floor_reached":10,"language":"ENG","playtime":660,"items_purged":[],"score":144,"play_id":"40f6b33a-32cf-4292-9bb2-3256eafbcb60","local_time":"20210131140706","is_ascension_mode":true,"campfire_choices":[],"circlet_count":0,"master_deck":["AscendersBane","Strike_R","Strike_R","Strike_R","Strike_R","Strike_R","Defend_R","Defend_R","Defend_R","Defend_R","Bash","Heavy Blade","Cleave","Wild Strike","Iron Wave","Uppercut","Iron Wave","Iron Wave"],"relics":["Burning Blood","Girya","Matryoshka","Juzu Bracelet","Letter Opener"],"acts_visited":["Exordium"],"potions_floor_usage":[6,6,8],"damage_taken":[{"damage":10,"enemies":"Cultist","floor":1,"turns":5},{"damage":0,"enemies":"2 Louse","floor":2,"turns":2},{"damage":9,"enemies":"Jaw Worm","floor":4,"turns":3},{"damage":15,"enemies":"Lots of Slimes","floor":5,"turns":4},{"damage":10,"enemies":"3 Sentries","floor":6,"turns":5},{"damage":13,"enemies":"Red Slaver","floor":7,"turns":3},{"damage":34,"enemies":"Gremlin Nob","floor":8,"turns":5},{"damage":35,"enemies":"3 Sentries","floor":10,"turns":7}],"seed_played":"8030137145196596878","potions_obtained":[{"floor":2,"key":"Fire Potion"},{"floor":6,"key":"SkillPotion"},{"floor":7,"key":"FearPotion"},{"floor":8,"key":"ElixirPotion"}],"is_trial":false,"path_per_floor":["M","M","$","M","M","E","M","E","T","E"],"character_chosen":"IRONCLAD","items_purchased":["Wild Strike","Fire Potion"],"campfire_rested":0,"item_purchase_floors":[3,3],"current_hp_per_floor":[71,77,77,74,65,61,54,26,26,0,0],"gold":130,"neow_bonus":"TEN_PERCENT_HP_BONUS","is_daily":false,"chose_seed":false,"campfire_upgraded":0,"win_rate":0.0,"timestamp":1612098426,"path_taken":["M","M","$","?","M","E","M","E","T","E"],"items_purchased_type":["Card","Potion"],"build_version":"2020-12-22","purchased_purges":0,"victory":false,"max_hp_per_floor":[82,82,82,82,82,82,82,82,82,82,82],"relic_stats":{"counters":[8,34],"Juzu Bracelet":0,"Letter Opener":[0],"obtain_stats":[{"Girya":6,"Matryoshka":8,"Juzu Bracelet":9,"Letter Opener":9,"Burning Blood":0},{"Girya":5,"Matryoshka":7,"Juzu Bracelet":7,"Letter Opener":7,"Burning Blood":0},{"Girya":19,"Matryoshka":27,"Juzu Bracelet":27,"Letter Opener":27,"Burning Blood":0}],"Burning Blood":42},"card_choices":[{"not_picked":["Body Slam","Seeing Red"],"picked":"Heavy Blade","floor":1},{"not_picked":["Rampage","True Grit"],"picked":"Cleave","floor":2},{"not_picked":["Headbutt","Wild Strike"],"picked":"Iron Wave","floor":4},{"not_picked":["Seeing Red","Thunderclap"],"picked":"Uppercut","floor":5},{"not_picked":["Spot Weakness","Battle Trance"],"picked":"Iron Wave","floor":6},{"not_picked":["Inflame","Cleave"],"picked":"Iron Wave","floor":7},{"not_picked":["Havoc","Headbutt","Sword Boomerang"],"picked":"SKIP","floor":8}],"player_experience":940759,"relics_obtained":[{"floor":6,"key":"Girya"},{"floor":8,"key":"Matryoshka"},{"floor":9,"key":"Juzu Bracelet"},{"floor":9,"key":"Letter Opener"}],"event_choices":[],"is_beta":false,"boss_relics":[],"items_purged_floors":[],"is_endless":false,"potions_floor_spawned":[2,6,7,8],"killed_by":"3 Sentries","ascension_level":16}}