{"host":"piuz6nvfxy08hmbs","time":1612102453,"event":{"mods":["100% Spire Juice","ATMod(阿瑾Mod)","Arknights","Ascension Reborn","Aspiration","BaseMod","Better Altar","Better Match","Better Note","Better Sensory Stone","Better Skull","Better Vampires","Better-Laid Plans","BetterRewards","Colored Powertips","Curses Come First","Dark Map","Defuse TimeMaze Blight","Downfall","Energized Spire","Grow up Mod","Minty Spire (QoL Compilation)","Red Circlet Mod","Relic Filter Mod","Reliquary","Remove Card Discount Mod","Replay The Spire","Reworked Bosses","RumiaBox-露米娅的神秘盒子","Ryuuou龙王","Shop Mod","Spicy Shops","StSLib","TestMod","The Runesmith","Transform Curses","Uncapped","UnlockEverythingMod","Waifu the Spire","Wide Potions","[GremlinLeader]The Maniac","【功能Mod】混沌之环修复补丁","【遗物卡牌】REMEMod"],"gold_per_floor":[999999999,999999141,999999141,999999241,999999251,999999251,999999251,999999251,999999251,999999251,999999251,999999251,999999251,999999251],"floor_reached":12,"language":"ZHS","playtime":886,"items_purged":["bronze:Verify+1","Moonworks:Blazing+1","champ:GladiatorForm+1","Slimebound:Tackle+1","Slimebound:Strike_Slimebound+1","Slimebound:Strike_Slimebound+1","Slimebound:Strike_Slimebound+1","Slimebound:CorrosiveSpit+1","Slimebound:Defend_Slimebound+1","Slimebound:Defend_Slimebound+1","Slimebound:Defend_Slimebound+1","Slimebound:Defend_Slimebound+1"],"score":114,"play_id":"f1649746-8e09-4d04-bd46-3b39a4a3455d","local_time":"20210131221413","daily_mods":["Red Cards","Green Cards","Blue Cards","Purple Cards","Heirloom","Time Dilation","Flight"],"is_ascension_mode":true,"campfire_choices":[{"data":"Genetic Algorithm","floor":6,"key":"SMITH"},{"data":"Berserk","floor":7,"key":"SMITH"}],"circlet_count":0,"master_deck":["Demon Form+1","Wraith Form v2+1","Echo Form+1","DevaForm+1","maniac:TimeForm+1","sneckomod:SerpentMind+1","Guardian:ConstructionForm+1","Slimebound:DuplicatedForm+1","Runesmith:CreatorForm+1","hexamod:HexaLevel+1","Slimebound:Split+1","Genetic Algorithm+1","AT_ThreeBodyProblem","Biased Cognition","Berserk+1","Caltrops"],"relics":["Slimebound:AbsorbEndCombat","AT_ATBox","Ring of Chaos","testmod-TestBox","REME_ComplimentaryCards","testmod-FatalChain","testmod-HeartOfDaVinci","Baka","DataDisk","HandDrill","sneckomod:BlankCard","reliquary:PorcupineQuills","reliquary:Tamtam"],"acts_visited":["Exordium"],"potions_floor_usage":[],"damage_taken":[{"damage":23,"enemies":"Small Slimes","floor":1,"turns":4},{"damage":71,"enemies":"Cultist","floor":5,"turns":7},{"damage":0,"enemies":"Lagavulin","floor":12,"turns":2}],"seed_played":"-1182493579200283847","potions_obtained":[],"is_trial":true,"path_per_floor":["M","$","WH","?","M","R","R","PTL","PTL","PTL","PTL","E"],"character_chosen":"SLIMEBOUND","items_purchased":["DataDisk","HandDrill","sneckomod:BlankCard","reliquary:PorcupineQuills","reliquary:Tamtam","Caltrops"],"campfire_rested":0,"item_purchase_floors":[2,2,2,2,2,2],"current_hp_per_floor":[79,89,99,109,63,73,83,93,103,113,123,123,123,123],"gold":999999251,"neow_bonus":"","is_daily":false,"chose_seed":false,"campfire_upgraded":2,"win_rate":0.0,"timestamp":1612102453,"path_taken":["M","$","WH","?","M","R","R","PTL","PTL","PTL","PTL","E"],"items_purchased_type":["Relic","Relic","Relic","Relic","Relic","Card"],"build_version":"2020-12-22","purchased_purges":12,"victory":false,"max_hp_per_floor":[85,95,105,115,125,135,145,155,165,175,185,185,185,185],"card_choices":[{"not_picked":["Skewer","Barrage","FlyingSleeves"],"picked":"SKIP","floor":1},{"not_picked":["PiercingWail","Leap","Gash"],"picked":"SKIP","floor":5}],"player_experience":126,"relics_obtained":[{"floor":1,"key":"Baka"}],"event_choices":[{"damage_healed":0,"gold_gain":100,"player_choice":"Pray","damage_taken":0,"max_hp_gain":0,"max_hp_loss":0,"event_name":"Golden Shrine","floor":4,"gold_loss":0}],"is_beta":false,"boss_relics":[],"items_purged_floors":[2,2,2,2,2,2,2,2,2,2,2,2],"is_endless":true,"potions_floor_spawned":[],"killed_by":"Lagavulin","ascension_level":0}}