{"host":"3498uni0c31c9bdm","time":1612119444,"event":{"mods":["BaseMod","Better Third Choice","Minty Spire (QoL Compilation)","Replay The Spire","StSLib"],"gold_per_floor":[116,116,128,53,66,92,109,126,126,145,145,145,473,484,484,587,587,605,20,39,51,69,104,114,213,213,243,243,243,267,286,286,286,286],"floor_reached":33,"language":"ENG","playtime":1594,"items_purged":["Regret"],"score":505,"play_id":"6df76c18-6740-4689-8c69-cbe27bb0175b","local_time":"20210201055724","is_ascension_mode":true,"campfire_choices":[{"floor":11,"key":"REST"},{"floor":15,"key":"REST"},{"floor":29,"key":"REST"},{"floor":32,"key":"REST"}],"circlet_count":0,"master_deck":["AscendersBane","Strike_P","Strike_P","Strike_P","Strike_P","Defend_P","Defend_P","Defend_P","Defend_P","Eruption","Vigilance","Wireheading","Burn","Prostrate","EmptyFist","EmptyFist","FlurryOfBlows","WindmillStrike","Evaluate","PathToVictory","Replay:Cycle","Judgement","EmptyBody","PathToVictory","BowlingBash","PathToVictory","Consecrate","FollowUp","EmptyBody"],"relics":["HolyWater","Pantograph","Iron Hammer","Bird Faced Urn","Old Coin","Strange Spoon","Tiny Chest","Counterbalance","Singing Bowl","FossilizedHelix","Replay:Kaleidoscope"],"acts_visited":["Exordium","TheCity"],"potions_floor_usage":[6,10,13,27,33],"damage_taken":[{"damage":15,"enemies":"Small Slimes","floor":1,"turns":6},{"damage":2,"enemies":"Cultist","floor":3,"turns":4},{"damage":0,"enemies":"2 Louse","floor":5,"turns":2},{"damage":37,"enemies":"3 Sentries","floor":6,"turns":14},{"damage":3,"enemies":"Looter","floor":7,"turns":2},{"damage":1,"enemies":"3 Louse","floor":8,"turns":3},{"damage":0,"enemies":"2 Fungi Beasts","floor":10,"turns":2},{"damage":28,"enemies":"Replay:BlueRogue","floor":13,"turns":8},{"damage":14,"enemies":"Exordium Thugs","floor":14,"turns":4},{"damage":32,"enemies":"Slime Boss","floor":16,"turns":6},{"damage":0,"enemies":"Spheric Guardian","floor":18,"turns":2},{"damage":0,"enemies":"Shell Parasite","floor":20,"turns":1},{"damage":14,"enemies":"Cultist and Chosen","floor":21,"turns":4},{"damage":21,"enemies":"Snake Plant","floor":22,"turns":5},{"damage":0,"enemies":"Gremlin Leader","floor":23,"turns":7},{"damage":13,"enemies":"Shelled Parasite and Fungi","floor":24,"turns":3},{"damage":15,"enemies":"Replay:Snechameleon","floor":27,"turns":6},{"damage":22,"enemies":"Cultist and Chosen","floor":31,"turns":7},{"damage":65,"enemies":"Pondfish","floor":33,"turns":10}],"seed_played":"8632069765271814514","potions_obtained":[{"floor":3,"key":"Explosive Potion"},{"floor":8,"key":"SteroidPotion"},{"floor":12,"key":"FairyPotion"},{"floor":12,"key":"Venom Potion"},{"floor":13,"key":"LifebloodPotion"},{"floor":16,"key":"Ancient Potion"},{"floor":22,"key":"Adrenaline Potion"}],"is_trial":false,"path_per_floor":["M","?","M","$","M","E","M","M","T","M","R","?","E","M","R","B",null,"M","$","M","M","M","E","M","?","T","E","?","R","T","M","R","B"],"character_chosen":"WATCHER","items_purchased":["Strange Spoon","Tiny Chest","Counterbalance"],"campfire_rested":4,"item_purchase_floors":[19,19,19],"current_hp_per_floor":[50,50,48,48,48,11,8,7,7,7,28,28,2,21,42,37,63,63,63,65,53,34,36,23,23,23,10,10,31,31,13,35,0,0],"gold":286,"neow_bonus":"RANDOM_EVENT","is_daily":false,"chose_seed":false,"campfire_upgraded":0,"win_rate":0.0,"timestamp":1612119444,"path_taken":["M","?","M","$","M","E","M","M","T","M","R","?","E","M","R","BOSS","M","$","?","M","M","E","M","?","T","E","?","R","?","M","R","BOSS"],"items_purchased_type":["Relic","Relic","Relic"],"build_version":"2020-12-22","purchased_purges":1,"victory":false,"max_hp_per_floor":[72,72,72,72,72,72,72,72,72,72,72,72,72,72,72,72,72,72,72,72,72,72,72,72,72,72,72,72,72,72,74,74,74,74],"card_choices":[{"not_picked":["ThirdEye","FlyingSleeves"],"picked":"Wireheading","floor":1},{"not_picked":["FlyingSleeves","Replay:ManipulateFuture"],"picked":"Prostrate","floor":3},{"not_picked":["Prostrate","FlyingSleeves"],"picked":"EmptyFist","floor":5},{"not_picked":["Indignation","Replay:AtTheReady"],"picked":"EmptyFist","floor":6},{"not_picked":["ForeignInfluence","Adaptation"],"picked":"FlurryOfBlows","floor":7},{"not_picked":["Replay:AtTheReady","FlyingSleeves"],"picked":"WindmillStrike","floor":8},{"not_picked":["SashWhip","FlyingSleeves"],"picked":"Evaluate","floor":10},{"not_picked":["Replay:AtTheReady","Replay:Battleflow"],"picked":"PathToVictory","floor":13},{"not_picked":["Halt","Wireheading"],"picked":"Replay:Cycle","floor":14},{"not_picked":["Blasphemy","SpiritShield"],"picked":"Judgement","floor":16},{"not_picked":["SashWhip","SignatureMove"],"picked":"EmptyBody","floor":18},{"not_picked":["Evaluate","Perseverance"],"picked":"PathToVictory","floor":20},{"not_picked":["CrushJoints","Meditate"],"picked":"BowlingBash","floor":21},{"not_picked":["Replay:BluntJabs","BowlingBash"],"picked":"PathToVictory","floor":22},{"not_picked":["Halt+1","Crescendo"],"picked":"Consecrate","floor":23},{"not_picked":["FearNoEvil","PathToVictory"],"picked":"FollowUp","floor":24},{"not_picked":["Replay:LoomingThreat","Consecrate+1"],"picked":"EmptyBody","floor":27},{"not_picked":["JustLucky","EmptyFist","ClearTheMind+1"],"picked":"Singing Bowl","floor":31}],"player_experience":775812,"relics_obtained":[{"floor":6,"key":"Iron Hammer"},{"floor":9,"key":"Bird Faced Urn"},{"floor":13,"key":"Old Coin"},{"floor":23,"key":"Singing Bowl"},{"floor":26,"key":"FossilizedHelix"},{"floor":27,"key":"Replay:Kaleidoscope"}],"event_choices":[{"damage_healed":0,"gold_gain":0,"player_choice":"Box","damage_taken":0,"relics_obtained":["Pantograph"],"max_hp_gain":0,"max_hp_loss":0,"event_name":"Big Fish","floor":0,"gold_loss":0,"cards_obtained":["Regret"]},{"damage_healed":50,"gold_gain":0,"player_choice":"Embrace Burn","damage_taken":0,"max_hp_gain":0,"max_hp_loss":72,"event_name":"betterThird:BetterShining","floor":2,"gold_loss":0},{"damage_healed":0,"gold_gain":0,"player_choice":"Got Potions","damage_taken":0,"max_hp_gain":0,"max_hp_loss":0,"event_name":"Lab","floor":12,"gold_loss":0},{"damage_healed":0,"gold_gain":99,"player_choice":"Steal","damage_taken":0,"max_hp_gain":0,"max_hp_loss":0,"event_name":"betterThird:BetterNest","floor":25,"gold_loss":0},{"damage_healed":0,"gold_gain":0,"player_choice":"Ignored","damage_taken":0,"max_hp_gain":0,"max_hp_loss":0,"event_name":"Ghosts","floor":28,"gold_loss":0}],"is_beta":false,"boss_relics":[{"not_picked":["Fusion Hammer","Kintsugi"],"picked":"HolyWater"}],"items_purged_floors":[4],"is_endless":false,"potions_floor_spawned":[3,8,13,16,18,22,24],"killed_by":"Pondfish","ascension_level":11}}