{"host":"bi4xrs8tqq9xpuhm","time":1612055976,"event":{"mods":["AchievementEnabler","BaseMod","Colored Map","Colored Powertips","Highlight Path","Minty Spire (QoL Compilation)","Relic Stats"],"gold_per_floor":[119,119,130,55,73,73,23,55,78,78,103,103,123,136,136,235,235,249,249,164,144,164,164,195,94,94,94,64,64,78,95,95,197,197,217,233,233,233,246,246,275,120,120,138,138,138,31,31,31,31],"floor_reached":51,"language":"ENG","playtime":4764,"items_purged":["Scrape"],"score":771,"play_id":"2846d3c5-dd98-43e9-88c0-425a0073da95","local_time":"20210130201936","is_ascension_mode":true,"campfire_choices":[{"data":"Creative AI","floor":6,"key":"SMITH"},{"data":"Hello World","floor":10,"key":"SMITH"},{"data":"Capacitor","floor":12,"key":"SMITH"},{"data":"Dualcast","floor":15,"key":"SMITH"},{"data":"Fission","floor":23,"key":"SMITH"},{"data":"Aggregate","floor":29,"key":"SMITH"},{"data":"Darkness","floor":32,"key":"SMITH"},{"floor":40,"key":"REST"},{"data":"Defragment","floor":46,"key":"SMITH"},{"data":"Loop","floor":49,"key":"SMITH"}],"circlet_count":0,"master_deck":["Zap+1","Dualcast+1","Undo+1","Hello World+1","Ball Lightning+1","Fission+1","Creative AI+1","Self Repair+1","Glacier+1","Redo+1","Coolheaded+1","Capacitor+1","Aggregate+1","Biased Cognition+1","Chill+1","Self Repair+1","Cold Snap+1","Self Repair+1","Gash+1","Blizzard+1","Doom and Gloom+1","Biased Cognition+1","Barrage+1","Darkness+1","Rainbow+1","Reinforced Body+1","Force Field+1","Electrodynamics","Defragment+1","Compile Driver","Loop+1","Genetic Algorithm","Mind Blast"],"relics":["Pandora\u0027s Box","Boot","Regal Pillow","Ancient Tea Set","Philosopher\u0027s Stone","Pocketwatch","Anchor","Calipers","Busted Crown","Mark of the Bloom","Dream Catcher","Prayer Wheel"],"acts_visited":["Exordium","TheCity","TheBeyond"],"potions_floor_usage":[8,16,16,20,22,22,24,30,33,41,44,44,50],"damage_taken":[{"damage":2,"enemies":"2 Louse","floor":1,"turns":2},{"damage":12,"enemies":"Jaw Worm","floor":3,"turns":3},{"damage":10,"enemies":"Small Slimes","floor":5,"turns":3},{"damage":7,"enemies":"Lagavulin","floor":8,"turns":6},{"damage":21,"enemies":"3 Sentries","floor":11,"turns":9},{"damage":7,"enemies":"3 Louse","floor":13,"turns":6},{"damage":23,"enemies":"Exordium Thugs","floor":14,"turns":6},{"damage":9,"enemies":"Slime Boss","floor":16,"turns":9},{"damage":1,"enemies":"Spheric Guardian","floor":18,"turns":5},{"damage":18,"enemies":"2 Thieves","floor":21,"turns":4},{"damage":28,"enemies":"Snake Plant","floor":22,"turns":4},{"damage":1,"enemies":"Book of Stabbing","floor":24,"turns":7},{"damage":0,"enemies":"3 Cultists","floor":30,"turns":4},{"damage":9,"enemies":"Centurion and Healer","floor":31,"turns":5},{"damage":19,"enemies":"Collector","floor":33,"turns":7},{"damage":5,"enemies":"3 Shapes","floor":35,"turns":5},{"damage":0,"enemies":"Orb Walker","floor":36,"turns":3},{"damage":0,"enemies":"4 Shapes","floor":39,"turns":3},{"damage":0,"enemies":"Nemesis","floor":41,"turns":7},{"damage":0,"enemies":"Sphere and 2 Shapes","floor":44,"turns":3},{"damage":25,"enemies":"Donu and Deca","floor":50,"turns":6}],"seed_played":"-8454243006263761659","potions_obtained":[{"floor":1,"key":"BlessingOfTheForge"},{"floor":8,"key":"LiquidBronze"},{"floor":11,"key":"PotionOfCapacity"},{"floor":14,"key":"Fruit Juice"},{"floor":16,"key":"Fruit Juice"},{"floor":18,"key":"PotionOfCapacity"},{"floor":21,"key":"EssenceOfDarkness"},{"floor":22,"key":"FocusPotion"},{"floor":28,"key":"DistilledChaos"},{"floor":28,"key":"SneckoOil"},{"floor":35,"key":"Swift Potion"},{"floor":41,"key":"PowerPotion"}],"is_trial":false,"path_per_floor":["M","?","M","$","M","R","$","E","T","R","E","R","M","M","R","B",null,"M","?","?","M","M","R","E","$","T","?","?","R","M","M","R","B",null,"M","M","?","?","M","R","E","$","T","M","?","R","$","?","R","B",null],"character_chosen":"DEFECT","items_purchased":["Redo","Gash","Blizzard","Defragment","PotionOfCapacity","Loop","Genetic Algorithm"],"campfire_rested":1,"item_purchase_floors":[7,25,25,42,42,47,47],"current_hp_per_floor":[73,78,73,73,70,70,70,70,70,70,56,56,56,40,40,43,85,84,68,73,62,48,48,61,61,61,61,61,61,82,94,94,95,95,95,95,95,95,95,95,95,95,95,95,95,95,95,85,85,60],"gold":31,"neow_bonus":"BOSS_RELIC","is_daily":false,"chose_seed":false,"campfire_upgraded":9,"win_rate":0.0,"timestamp":1612055976,"path_taken":["M","?","M","$","M","R","?","E","T","R","E","R","M","M","R","BOSS","M","?","?","M","M","R","E","$","T","?","?","R","M","M","R","BOSS","M","M","?","?","M","R","E","$","T","M","?","R","?","?","R","BOSS"],"items_purchased_type":["Card","Card","Card","Card","Potion","Card","Card"],"build_version":"2020-12-22","purchased_purges":1,"victory":true,"max_hp_per_floor":[75,80,80,80,80,80,80,80,80,80,80,80,80,80,80,85,85,85,90,95,95,95,95,95,95,95,95,95,95,95,95,95,95,95,95,95,95,95,95,95,95,95,95,95,95,95,95,95,95,95],"relic_stats":{"Regal Pillow":0,"Mark of the Bloom":123,"Dream Catcher":0,"Busted Crown":18,"counters":[21,107],"Pandora\u0027s Box":["Undo","Scrape","Gash","Reprogram","Hello World","Ball Lightning","Fission","Creative AI"],"Prayer Wheel":1,"Boot":[92],"obtain_stats":[{"Regal Pillow":9,"Mark of the Bloom":38,"Calipers":26,"Boot":8,"Ancient Tea Set":11,"Anchor":24,"Dream Catcher":41,"Busted Crown":34,"Pandora\u0027s Box":0,"Philosopher\u0027s Stone":17,"Prayer Wheel":43,"Cracked Core":0,"Pocketwatch":20},{"Regal Pillow":4,"Mark of the Bloom":17,"Calipers":12,"Boot":4,"Ancient Tea Set":5,"Anchor":12,"Dream Catcher":19,"Busted Crown":15,"Pandora\u0027s Box":0,"Philosopher\u0027s Stone":8,"Prayer Wheel":19,"Cracked Core":0,"Pocketwatch":9},{"Regal Pillow":14,"Mark of the Bloom":88,"Calipers":64,"Boot":14,"Ancient Tea Set":23,"Anchor":64,"Dream Catcher":98,"Busted Crown":80,"Pandora\u0027s Box":0,"Philosopher\u0027s Stone":44,"Prayer Wheel":98,"Cracked Core":0,"Pocketwatch":49}],"Pocketwatch":[5]},"card_choices":[{"not_picked":["Darkness","Rebound"],"picked":"Self Repair","floor":1},{"not_picked":["Sunder","Streamline"],"picked":"Stack","floor":3},{"not_picked":["Beam Cell","Go for the Eyes"],"picked":"Glacier","floor":5},{"not_picked":["Hologram","Tempest"],"picked":"Coolheaded","floor":8},{"not_picked":["Compile Driver","Gash"],"picked":"Capacitor","floor":11},{"not_picked":["Turbo","Leap","Steam"],"picked":"SKIP","floor":13},{"not_picked":["Chaos","Go for the Eyes"],"picked":"Aggregate","floor":14},{"not_picked":["Multi-Cast","Reboot"],"picked":"Biased Cognition","floor":16},{"not_picked":["Beam Cell+1","Rip and Tear"],"picked":"Chill+1","floor":18},{"not_picked":["Beam Cell","Heatsinks"],"picked":"Self Repair","floor":21},{"not_picked":["Glacier","Compile Driver"],"picked":"Cold Snap","floor":22},{"not_picked":["Hologram","Go for the Eyes"],"picked":"Self Repair","floor":24},{"not_picked":["Rebound","Cold Snap"],"picked":"Barrage","floor":30},{"not_picked":["Double Energy","Hello World"],"picked":"Darkness","floor":31},{"not_picked":["Biased Cognition","Seek"],"picked":"Rainbow","floor":33},{"not_picked":[],"picked":"Reinforced Body","floor":35},{"not_picked":["Leap"],"picked":"SKIP","floor":36},{"not_picked":[],"picked":"Force Field+1","floor":39},{"not_picked":[],"picked":"Electrodynamics","floor":41},{"not_picked":[],"picked":"Compile Driver","floor":44},{"not_picked":["Rebound+1"],"picked":"SKIP","floor":44},{"not_picked":[],"picked":"Mind Blast","floor":48}],"player_experience":92183,"relics_obtained":[{"floor":8,"key":"Boot"},{"floor":9,"key":"Regal Pillow"},{"floor":11,"key":"Ancient Tea Set"},{"floor":24,"key":"Anchor"},{"floor":26,"key":"Calipers"},{"floor":41,"key":"Dream Catcher"},{"floor":43,"key":"Prayer Wheel"}],"event_choices":[{"damage_healed":0,"gold_gain":0,"player_choice":"Donut","damage_taken":0,"max_hp_gain":5,"max_hp_loss":0,"event_name":"Big Fish","floor":2,"gold_loss":0},{"damage_healed":0,"gold_gain":0,"player_choice":"Shed Blood","damage_taken":21,"max_hp_gain":5,"max_hp_loss":0,"event_name":"Forgotten Altar","floor":19,"gold_loss":0},{"damage_healed":0,"gold_gain":0,"player_choice":"Obtained Relic","damage_taken":0,"relics_obtained":["Pocketwatch"],"max_hp_gain":0,"max_hp_loss":0,"event_name":"Addict","floor":20,"gold_loss":85},{"damage_healed":0,"gold_gain":0,"cards_transformed":["Reprogram","Stack"],"player_choice":"Became Test Subject","damage_taken":0,"max_hp_gain":0,"max_hp_loss":0,"event_name":"Drug Dealer","floor":27,"gold_loss":0,"cards_obtained":["Doom and Gloom","Biased Cognition"]},{"damage_healed":0,"gold_gain":0,"player_choice":"Bought 2 Potions","damage_taken":0,"max_hp_gain":0,"max_hp_loss":0,"event_name":"The Woman in Blue","floor":28,"gold_loss":0},{"damage_healed":0,"gold_gain":0,"player_choice":"Ignored","damage_taken":0,"max_hp_gain":0,"max_hp_loss":0,"event_name":"Tomb of Lord Red Mask","floor":37,"gold_loss":0},{"damage_healed":0,"gold_gain":0,"player_choice":"Upgrade","damage_taken":0,"relics_obtained":["Mark of the Bloom"],"max_hp_gain":0,"max_hp_loss":0,"event_name":"MindBloom","floor":38,"gold_loss":0,"cards_upgraded":["Zap","Undo","Gash","Ball Lightning","Self Repair","Glacier","Redo","Coolheaded","Biased Cognition","Self Repair","Cold Snap","Self Repair","Gash","Blizzard","Doom and Gloom","Biased Cognition","Barrage","Rainbow","Reinforced Body"]},{"cards_removed":["Gash"],"damage_healed":0,"gold_gain":0,"player_choice":"Removed Attack","damage_taken":0,"max_hp_gain":0,"max_hp_loss":0,"event_name":"Falling","floor":45,"gold_loss":0},{"damage_healed":0,"gold_gain":0,"player_choice":"Memory 3","damage_taken":10,"max_hp_gain":0,"max_hp_loss":0,"event_name":"SensoryStone","floor":48,"gold_loss":0}],"is_beta":false,"boss_relics":[{"not_picked":["Ectoplasm","Tiny House"],"picked":"Philosopher\u0027s Stone"},{"not_picked":["Cursed Key","Black Star"],"picked":"Busted Crown"}],"items_purged_floors":[4],"is_endless":false,"potions_floor_spawned":[1,8,11,14,16,18,21,22,35,41],"ascension_level":2}}