{"host":"vqgrg90fv56geajp","time":1612116797,"event":{"mods":["BaseMod","Colored Map","Colored Powertips","Minty Spire (QoL Compilation)","Quick Restart","Rare Cards Sparkle","Relic Stats"],"gold_per_floor":[15,15,32,46,63,97,117,42,69,69,69,69,101,111,111,190,190,206,121,121,131,145,145,174,174,174,206,237,89,89,102,102,177,177,197,40,50,65,65,65],"floor_reached":39,"language":"ENG","playtime":2815,"items_purged":["Strike_G"],"score":916,"play_id":"a998e24e-cd83-4614-9c46-3a790c76f1f3","local_time":"20210131201317","is_ascension_mode":true,"campfire_choices":[{"floor":10,"key":"REST"},{"floor":12,"key":"REST"},{"floor":15,"key":"REST"},{"floor":23,"key":"REST"},{"floor":25,"key":"REST"},{"floor":30,"key":"REST"},{"floor":32,"key":"REST"}],"circlet_count":0,"master_deck":["AscendersBane","Strike_G","Defend_G","Defend_G","Defend_G","Defend_G","Defend_G","Survivor","Neutralize","Corpse Explosion+1","Prepared","Deadly Poison","Well Laid Plans","Leg Sweep","Deadly Poison","After Image+1","Glass Knife","Escape Plan","PiercingWail+1","Noxious Fumes","Leg Sweep","Cloak And Dagger","Infinite Blades","Accuracy","Accuracy","Blur","Bane","Deadly Poison","Burst","Riddle With Holes+1","Expertise+1","Dash+1","PiercingWail"],"relics":["Ring of the Snake","Gremlin Horn","Potion Belt","PreservedInsect","Regal Pillow","SlaversCollar","Happy Flower","Du-Vu Doll","Calipers","MawBank","Orrery","Astrolabe","Anchor"],"acts_visited":["Exordium","TheCity","TheBeyond"],"potions_floor_usage":[5,7,16,22,27,35],"damage_taken":[{"damage":0,"enemies":"Small Slimes","floor":1,"turns":4},{"damage":0,"enemies":"Cultist","floor":3,"turns":3},{"damage":0,"enemies":"2 Louse","floor":4,"turns":4},{"damage":17,"enemies":"Exordium Thugs","floor":5,"turns":7},{"damage":24,"enemies":"3 Sentries","floor":6,"turns":5},{"damage":0,"enemies":"3 Louse","floor":7,"turns":1},{"damage":39,"enemies":"Gremlin Nob","floor":13,"turns":4},{"damage":9,"enemies":"Red Slaver","floor":14,"turns":5},{"damage":2,"enemies":"The Guardian","floor":16,"turns":11},{"damage":33,"enemies":"2 Thieves","floor":18,"turns":4},{"damage":24,"enemies":"Chosen","floor":21,"turns":7},{"damage":36,"enemies":"Shelled Parasite and Fungi","floor":22,"turns":7},{"damage":15,"enemies":"Slavers","floor":24,"turns":3},{"damage":15,"enemies":"Book of Stabbing","floor":27,"turns":7},{"damage":29,"enemies":"Sentry and Sphere","floor":28,"turns":6},{"damage":14,"enemies":"Snake Plant","floor":31,"turns":6},{"damage":38,"enemies":"Automaton","floor":33,"turns":12},{"damage":21,"enemies":"3 Shapes","floor":35,"turns":7},{"damage":12,"enemies":"3 Darklings","floor":37,"turns":7},{"damage":16,"enemies":"Sphere and 2 Shapes","floor":38,"turns":10},{"damage":19,"enemies":"4 Shapes","floor":39,"turns":3}],"seed_played":"-8643500343701722966","potions_obtained":[{"floor":3,"key":"BlessingOfTheForge"},{"floor":6,"key":"Fire Potion"},{"floor":7,"key":"FairyPotion"},{"floor":14,"key":"Dexterity Potion"},{"floor":21,"key":"Ancient Potion"},{"floor":24,"key":"Block Potion"},{"floor":31,"key":"Energy Potion"}],"is_trial":false,"path_per_floor":["M","?","M","M","M","E","M","$","T","R","?","R","E","M","R","B",null,"M","?","?","M","M","R","E","R","T","E","M","$","R","M","R","B",null,"M","$","M","M","M"],"character_chosen":"THE_SILENT","items_purchased":["Orrery","Anchor"],"campfire_rested":7,"item_purchase_floors":[29,36],"current_hp_per_floor":[59,59,59,59,42,18,18,18,18,37,37,56,17,8,42,40,60,27,27,27,3,1,35,20,54,54,39,10,10,44,30,64,26,56,35,35,23,7,0,0],"gold":65,"neow_bonus":"THREE_RARE_CARDS","is_daily":false,"chose_seed":false,"campfire_upgraded":0,"win_rate":0.0,"timestamp":1612116797,"path_taken":["M","?","M","M","M","E","M","?","T","R","?","R","E","M","R","BOSS","M","?","?","M","?","R","E","R","T","E","M","$","R","M","R","BOSS","M","$","M","M","?"],"items_purchased_type":["Relic","Relic"],"build_version":"2020-12-22","purchased_purges":1,"victory":false,"max_hp_per_floor":[66,66,66,66,66,66,66,66,66,66,66,66,66,66,66,66,66,66,66,66,66,66,66,66,66,66,66,66,66,66,66,66,66,66,66,66,66,66,66,66],"relic_stats":{"Regal Pillow":75,"Gremlin Horn":[13,13],"Happy Flower":[25],"counters":[21,123],"Astrolabe":["Riddle With Holes","Expertise","Dash"],"PreservedInsect":115,"MawBank":24,"obtain_stats":[{"Potion Belt":9,"Regal Pillow":13,"Calipers":26,"Gremlin Horn":6,"Happy Flower":19,"Astrolabe":34,"PreservedInsect":11,"MawBank":27,"Du-Vu Doll":24,"SlaversCollar":17,"Anchor":36,"Orrery":29,"Ring of the Snake":0},{"Potion Belt":6,"Regal Pillow":7,"Calipers":13,"Gremlin Horn":5,"Happy Flower":10,"Astrolabe":17,"PreservedInsect":6,"MawBank":14,"Du-Vu Doll":13,"SlaversCollar":9,"Anchor":18,"Orrery":15,"Ring of the Snake":0},{"Potion Belt":24,"Regal Pillow":28,"Calipers":65,"Gremlin Horn":23,"Happy Flower":48,"Astrolabe":96,"PreservedInsect":24,"MawBank":72,"Du-Vu Doll":65,"SlaversCollar":44,"Anchor":103,"Orrery":78,"Ring of the Snake":0}],"Ring of the Snake":[42]},"card_choices":[{"not_picked":["Doppelganger","Night Terror"],"picked":"Corpse Explosion","floor":0},{"not_picked":["Backflip","Noxious Fumes","Sucker Punch"],"picked":"SKIP","floor":1},{"not_picked":["Dagger Throw","Acrobatics"],"picked":"Prepared","floor":3},{"not_picked":["Masterful Stab","Finisher"],"picked":"Deadly Poison","floor":4},{"not_picked":["Backflip","Flechettes"],"picked":"Well Laid Plans","floor":5},{"not_picked":["Flying Knee","Poisoned Stab"],"picked":"Terror","floor":6},{"not_picked":["Crippling Poison","Heel Hook"],"picked":"Leg Sweep","floor":7},{"not_picked":["Slice","Backflip"],"picked":"Deadly Poison","floor":13},{"not_picked":["Backflip","Deflect"],"picked":"After Image","floor":14},{"not_picked":["Phantasmal Killer","Tools of the Trade"],"picked":"Glass Knife","floor":16},{"not_picked":["Predator","Eviscerate","Dagger Spray"],"picked":"SKIP","floor":18},{"not_picked":["Calculated Gamble","Terror"],"picked":"Escape Plan","floor":21},{"not_picked":["Well Laid Plans","Quick Slash+1"],"picked":"PiercingWail+1","floor":22},{"not_picked":["Masterful Stab","Dagger Throw"],"picked":"Noxious Fumes","floor":24},{"not_picked":["Dash","Backstab"],"picked":"Leg Sweep","floor":27},{"not_picked":["Backstab","Poisoned Stab"],"picked":"Cloak And Dagger","floor":28},{"not_picked":["Grand Finale","Flechettes"],"picked":"Infinite Blades","floor":29},{"not_picked":["Corpse Explosion","Sucker Punch"],"picked":"Accuracy","floor":29},{"not_picked":["Dodge and Roll","Dagger Spray"],"picked":"Accuracy","floor":29},{"not_picked":["Poisoned Stab","Deadly Poison"],"picked":"Blur","floor":29},{"not_picked":["Flying Knee","Poisoned Stab"],"picked":"Bane","floor":29},{"not_picked":["Outmaneuver","Expertise"],"picked":"Deadly Poison","floor":31},{"not_picked":["Corpse Explosion","Adrenaline"],"picked":"Burst","floor":33},{"not_picked":["Poisoned Stab","Well Laid Plans","All Out Attack"],"picked":"SKIP","floor":35},{"not_picked":["Riddle With Holes","Concentrate","Underhanded Strike"],"picked":"SKIP","floor":37},{"not_picked":["Cloak And Dagger","Backstab"],"picked":"PiercingWail","floor":38}],"player_experience":2527101,"relics_obtained":[{"floor":6,"key":"Gremlin Horn"},{"floor":9,"key":"Potion Belt"},{"floor":13,"key":"Regal Pillow"},{"floor":24,"key":"Du-Vu Doll"},{"floor":26,"key":"Calipers"},{"floor":27,"key":"MawBank"}],"event_choices":[{"damage_healed":0,"gold_gain":0,"player_choice":"Upgraded","damage_taken":0,"max_hp_gain":0,"max_hp_loss":0,"event_name":"Upgrade Shrine","floor":2,"gold_loss":0,"cards_upgraded":["Corpse Explosion"]},{"cards_removed":["Terror"],"damage_healed":0,"gold_gain":0,"player_choice":"Gave Card","damage_taken":0,"relics_obtained":["PreservedInsect"],"max_hp_gain":0,"max_hp_loss":0,"event_name":"WeMeetAgain","floor":11,"gold_loss":0},{"damage_healed":0,"gold_gain":0,"player_choice":"Obtained Relic","damage_taken":0,"relics_obtained":["Happy Flower"],"max_hp_gain":0,"max_hp_loss":0,"event_name":"Addict","floor":19,"gold_loss":85},{"damage_healed":0,"gold_gain":0,"player_choice":"Upgraded","damage_taken":0,"max_hp_gain":0,"max_hp_loss":0,"event_name":"Upgrade Shrine","floor":20,"gold_loss":0,"cards_upgraded":["After Image"]}],"is_beta":false,"boss_relics":[{"not_picked":["Black Star","SacredBark"],"picked":"SlaversCollar"},{"not_picked":["Sozu","Coffee Dripper"],"picked":"Astrolabe"}],"items_purged_floors":[8],"is_endless":false,"potions_floor_spawned":[3,6,7,14,21,24,31],"killed_by":"4 Shapes","ascension_level":20}}