{"host":"pesfwaef25r60kxm","time":1612082424,"event":{"mods":["ATMod(阿瑾Mod)","Act Like it!","Arknights","BaseMod","Colored Powertips","Downfall","Gensokyo","Minty Spire (QoL Compilation)","Pale of the Ancients","Replay The Spire","RumiaBox-露米娅的神秘盒子","Spicy Shops","StSLib","Waifu the Spire","WarShipGirlsR/战舰少女R mod","[IsaacMod]以撒尖塔","noobMod","【功能Mod】聪明的最终Boss","【遗物卡牌】REMEMod"],"gold_per_floor":[199,218,82,82,82,67,67,84,84,96,323,352,381,43,56,157,157,157,173,318,43,54,54,100,115,140,140,166,166,184,184,197,302,352,352,367,384,401,417,451,451,33,48,48,80,92,92,20,40,40],"floor_reached":51,"language":"ZHS","playtime":2096,"items_purged":["Clumsy","Guardian:Strike_Guardian","Replay:Hysterical Blindness","Guardian:Strike_Guardian","Guardian:Strike_Guardian","Normality"],"score":1278,"play_id":"37b1b1d1-dedf-443e-b748-3ec1648a3844","local_time":"20210131164024","is_ascension_mode":true,"campfire_choices":[{"data":"AT_ShrugMaster","floor":1,"key":"SMITH"},{"data":"Guardian:RevengeProtocol","floor":9,"key":"SMITH"},{"data":"Guardian:TimeSifter","floor":18,"key":"SMITH"},{"data":"Guardian:SpikerProtocol","floor":18,"key":"SMITH"},{"data":"expansioncontent:StudyTheSpire","floor":23,"key":"SMITH"},{"data":"Guardian:SpikerProtocol","floor":23,"key":"SMITH"},{"data":"Guardian:AncientConstruct","floor":27,"key":"SMITH"},{"data":"Guardian:EvasiveProtocol","floor":27,"key":"SMITH"},{"data":"Guardian:DecasProtection","floor":35,"key":"SMITH"},{"data":"Guardian:SphericShield","floor":35,"key":"SMITH"},{"data":"Guardian:GatlingBeam","floor":47,"key":"SMITH"},{"data":"Guardian:CurlUp","floor":47,"key":"SMITH"}],"circlet_count":0,"master_deck":["Guardian:Strike_Guardian","Guardian:Defend_Guardian","Guardian:Defend_Guardian","Guardian:Defend_Guardian","Guardian:Defend_Guardian+1","Guardian:CurlUp+1","Guardian:TwinSlam","AT_ShrugMaster+1","Guardian:EvasiveProtocol+1","Guardian:ShieldCharger","Guardian:RevengeProtocol+1","Guardian:GuardianWhirl","Guardian:SpikerProtocol+1","Guardian:BronzeArmor","Guardian:AncientConstruct+1","Guardian:SpikerProtocol+1","Guardian:GatlingBeam+1","Guardian:TimeSifter+1","Guardian:BodySlam","Guardian:Harden+1","expansioncontent:StudyTheSpire+1","Guardian:ArmoredProtocol","Guardian:Gem_Green","Guardian:Gem_Red","Guardian:RevengeProtocol","Guardian:Gem_Yellow","Guardian:ShieldCharger","Guardian:EvasiveProtocol","Guardian:SphericShield+1","Guardian:DecasProtection+1","Guardian:TimeCapacitor+1","Guardian:TimeBomb","Guardian:ArmoredProtocol+1"],"relics":["Guardian:ModeShifter","HushsDoor","ice","REME_ComplimentaryCards","AT_ATBox","BookOfRevelations","Gensokyo:NagashiBinaDoll","HowToJump","Regal Pillow","DoctorsRemote","BloodDonationBag","Toy Ornithopter","Replay:Arrowhead","DollysMirror","NineVolt","Honey Jar","DeathBook","ReplayTheSpireMod:CursedCoin","REME_HandOfSuture","UnicornStump","GuppysHead","Nilry\u0027s Codex","Tiny House","AT_DeathDance","Bottled Lightning","Oddly Smooth Stone","SteamSale","Divine Protection","Replay:Accelerometer","Habit"],"acts_visited":["Exordium","TheCity","TheBeyond"],"potions_floor_usage":[6,14,14,14,34],"damage_taken":[{"damage":5,"enemies":"Gensokyo:2_Kodama","floor":2,"turns":4},{"damage":0,"enemies":"downfall:FleeingMerchant","floor":6,"turns":4},{"damage":7,"enemies":"Gensokyo:Gryphon","floor":8,"turns":5},{"damage":0,"enemies":"Gensokyo:3_Fairies","floor":10,"turns":4},{"damage":0,"enemies":"Gensokyo:CorruptedTreant","floor":11,"turns":6},{"damage":0,"enemies":"Gensokyo:Mamizou","floor":12,"turns":8},{"damage":0,"enemies":"Gensokyo:2_Rabbits","floor":13,"turns":3},{"damage":0,"enemies":"downfall:FleeingMerchant","floor":14,"turns":4},{"damage":0,"enemies":"Gensokyo:Kitsune","floor":15,"turns":3},{"damage":0,"enemies":"DF_ARCHETYPE_STREAMLINE","floor":16,"turns":5},{"damage":0,"enemies":"Chosen","floor":19,"turns":2},{"damage":0,"enemies":"downfall:FleeingMerchant","floor":20,"turns":3},{"damage":0,"enemies":"3 Byrds","floor":22,"turns":2},{"damage":0,"enemies":"Shelled Parasite and Fungi","floor":25,"turns":2},{"damage":0,"enemies":"Book of Stabbing","floor":26,"turns":2},{"damage":0,"enemies":"Slavers","floor":28,"turns":1},{"damage":0,"enemies":"Sentry and Sphere","floor":30,"turns":3},{"damage":0,"enemies":"Snecko","floor":32,"turns":2},{"damage":0,"enemies":"IC_MUSHROOM_ARCHETYPE","floor":33,"turns":3},{"damage":0,"enemies":"3 Darklings","floor":36,"turns":3},{"damage":0,"enemies":"Orb Walker","floor":37,"turns":2},{"damage":0,"enemies":"Transient","floor":38,"turns":5},{"damage":0,"enemies":"4 Shapes","floor":39,"turns":2},{"damage":0,"enemies":"Nemesis","floor":40,"turns":3},{"damage":0,"enemies":"Jaw Worm Horde","floor":43,"turns":2},{"damage":0,"enemies":"R_Hoarder","floor":45,"turns":4},{"damage":0,"enemies":"Spire Growth","floor":46,"turns":4},{"damage":0,"enemies":"Sphere and 2 Shapes","floor":49,"turns":2},{"damage":0,"enemies":"WA_ARCHETYPE_DIVINITY","floor":50,"turns":6}],"seed_played":"-4668657809030294762","potions_obtained":[{"floor":2,"key":"AttackPotion"},{"floor":8,"key":"FearPotion"},{"floor":13,"key":"AttackPotion"},{"floor":15,"key":"Block Potion"},{"floor":22,"key":"Guardian:BlockOnCardUsePotion"},{"floor":28,"key":"Slimebound:ThreeZeroPotion"},{"floor":30,"key":"Toxic Potion"},{"floor":32,"key":"SkillPotion"},{"floor":33,"key":"Fire Potion"},{"floor":34,"key":"REME_GoldPotion"},{"floor":37,"key":"Venom Potion"}],"is_trial":false,"path_per_floor":["R","M","COS","?","?","$","T","M","R","M","M","E","M","$","M","B",null,"R","M","$","$","M","R","T","M","E","R","E","?","M","?","M","B",null,"R","M","M","M","M","E","T","$","M","?","E","M","R","$","M","B",null],"character_chosen":"GUARDIAN","items_purchased":["Guardian:AncientConstruct","Fruit Juice","Replay:Arrowhead","DollysMirror","NineVolt","DeathBook","ReplayTheSpireMod:CursedCoin","expansioncontent:StudyTheSpire","Guardian:ArmoredProtocol","Oddly Smooth Stone","SteamSale","Divine Protection","Habit"],"campfire_rested":0,"item_purchase_floors":[14,14,14,14,14,17,20,20,20,42,42,42,48],"current_hp_per_floor":[80,75,75,75,59,59,59,52,52,52,8,8,80,1,92,92,81,81,81,81,81,81,81,81,81,81,81,81,65,65,65,65,65,108,108,108,108,108,108,108,108,108,108,108,108,108,108,108,108,108],"gold":40,"neow_bonus":"HUNDRED_GOLD","is_daily":false,"chose_seed":false,"campfire_upgraded":12,"win_rate":0.0,"timestamp":1612082424,"path_taken":["R","M","COS","?","?","$","T","?","R","M","M","E","M","$","M","BOSS","R","M","?","$","M","R","T","M","E","R","E","?","M","?","M","BOSS","R","M","M","M","M","E","T","$","M","?","E","?","R","$","M","BOSS"],"items_purchased_type":["Card","Potion","Relic","Relic","Relic","Relic","Relic","Card","Card","Relic","Relic","Relic","Relic"],"build_version":"2020-12-22","purchased_purges":6,"victory":true,"max_hp_per_floor":[80,80,80,80,80,80,80,80,80,80,80,80,82,92,93,96,81,81,83,88,88,95,95,95,95,99,99,99,99,100,100,100,103,108,108,110,111,116,124,125,125,125,126,126,129,131,131,131,136,142],"card_choices":[{"not_picked":[],"picked":"Bomb","floor":0},{"not_picked":["Guardian:Gem_Red","Guardian:PrismaticBeam"],"picked":"Guardian:ShieldCharger","floor":2},{"not_picked":["Guardian:PrimingBeam","Guardian:Suspension","Guardian:TimeBomb"],"picked":"SKIP","floor":6},{"not_picked":["Guardian:Incinerate","Guardian:Gem_Green"],"picked":"Guardian:RevengeProtocol","floor":8},{"not_picked":["Guardian:VentSteam","Guardian:ChargeCore"],"picked":"Guardian:GuardianWhirl","floor":10},{"not_picked":["Guardian:VentSteam","Guardian:ShieldSpikes"],"picked":"Guardian:SpikerProtocol","floor":11},{"not_picked":["Guardian:Clone","Guardian:Suspension"],"picked":"Guardian:BronzeArmor","floor":12},{"not_picked":["Guardian:Incinerate","Guardian:CrystalBeam"],"picked":"Guardian:Gem_Lightblue","floor":13},{"not_picked":["Guardian:Clone","Guardian:Recover"],"picked":"Guardian:Gem_Green","floor":14},{"not_picked":["Guardian:Gem_Blue","Guardian:Incinerate"],"picked":"Guardian:GatlingBeam","floor":15},{"not_picked":["Guardian:FastForward","Guardian:ConstructionForm"],"picked":"Guardian:TimeSifter","floor":16},{"not_picked":["Guardian:PiercingHide","Guardian:Reroute","Guardian:Recover"],"picked":"Guardian:BodySlam","floor":19},{"not_picked":["Guardian:Gem_Cyan","Guardian:PrismaticBeam","Guardian:Planning"],"picked":"Guardian:Harden+1","floor":20},{"not_picked":["Guardian:Repulse","Guardian:GuardianWhirl+1","Guardian:Incinerate+1"],"picked":"Guardian:Gem_Green","floor":22},{"not_picked":["Guardian:Incinerate","Guardian:RefractedBeam+1","Guardian:Clone"],"picked":"Guardian:Gem_Red","floor":25},{"not_picked":["Guardian:Gem_Lightblue","Guardian:EvasiveProtocol+1","Guardian:TemporalStrike"],"picked":"Guardian:RevengeProtocol","floor":26},{"not_picked":["Guardian:WalkerClaw","Guardian:ChargeCore","Guardian:Repulse"],"picked":"Guardian:Gem_Yellow","floor":28},{"not_picked":["Guardian:Reroute+1","Guardian:MultiBeam+1","Guardian:TimeBomb"],"picked":"Guardian:ShieldCharger","floor":30},{"not_picked":["Guardian:VentSteam","Guardian:Gem_Blue","Guardian:RefractedBeam+1"],"picked":"Guardian:EvasiveProtocol","floor":32},{"not_picked":["Guardian:Gem_Orange","Guardian:ConstructionForm","Guardian:RevengeProtocol"],"picked":"Guardian:SphericShield","floor":33},{"not_picked":["Guardian:Reroute+1","Guardian:Preprogram","Guardian:Gem_Yellow"],"picked":"Guardian:DecasProtection","floor":34},{"not_picked":["Guardian:Gem_Lightblue","Guardian:PrismaticBarrier","Guardian:Gem_Yellow"],"picked":"Guardian:TimeCapacitor+1","floor":36},{"not_picked":["Guardian:Planning+1","Guardian:Incinerate+1","Guardian:SentryBeam","Guardian:TimeBomb+1"],"picked":"SKIP","floor":37},{"not_picked":["Guardian:ArmoredProtocol+1","Guardian:MultiBeam","Guardian:SentryBeam"],"picked":"Guardian:TimeBomb","floor":38},{"not_picked":["Guardian:CrystalBeam+1","Guardian:TimeSifter","Guardian:GuardianWhirl+1"],"picked":"Guardian:ArmoredProtocol+1","floor":39},{"not_picked":["Guardian:CrystalBeam","Guardian:BodySlam+1","Guardian:FierceBash","Guardian:Gem_Red"],"picked":"SKIP","floor":40},{"not_picked":["Guardian:Gem_Purple","Guardian:EvasiveProtocol","Guardian:Incinerate","Guardian:Preprogram"],"picked":"SKIP","floor":43},{"not_picked":["Guardian:PrismaticBeam","Guardian:CrystalBeam","Guardian:PrimingBeam","Guardian:Harden+1"],"picked":"SKIP","floor":45},{"not_picked":["Guardian:Gem_Cyan","Guardian:WalkerClaw+1","Guardian:Reroute+1","Guardian:Recover+1"],"picked":"SKIP","floor":46},{"not_picked":["Guardian:TemporalStrike","Guardian:Incinerate","Guardian:Gem_Blue","Guardian:BodySlam+1"],"picked":"SKIP","floor":49}],"player_experience":117687,"relics_obtained":[{"floor":7,"key":"Regal Pillow"},{"floor":12,"key":"Toy Ornithopter"},{"floor":24,"key":"REME_HandOfSuture"},{"floor":26,"key":"UnicornStump"},{"floor":28,"key":"GuppysHead"},{"floor":29,"key":"Nilry\u0027s Codex"},{"floor":40,"key":"AT_DeathDance"},{"floor":41,"key":"Bottled Lightning"},{"floor":45,"key":"Replay:Accelerometer"}],"event_choices":[],"is_beta":false,"boss_relics":[{"not_picked":["REME_DemonsWealth","Fusion Hammer"],"picked":"Honey Jar"},{"not_picked":[]},{"not_picked":["Replay:Drink Me","Abe\u0027s Treasure"],"picked":"Tiny House"},{"not_picked":[]}],"items_purged_floors":[14,17,20,21,21,42],"is_endless":false,"potions_floor_spawned":[2,8,13,15,22,28,30,32,33,37,39,46],"ascension_level":1}}