{"host":"dhbelfuuk89i1oub","time":1612070637,"event":{"mods":["AchievementEnabler","Act Like it!","Aspiration","BaseMod","Bestiary","Better Match","Better Third Choice","BetterRewards","Colored Map","Colored Powertips","Conspire","Elementarium","Energized Spire","Friendly Minions","GifTheSpireLib","Googly Eyes","Halation","Hallownest","Hermit","Infinite Spire","Jedi Mod","Minty Spire (QoL Compilation)","Pale of the Ancients","RatMod","Relic Filter","Relic Sorter","Reliquary","Replay The Spire","Spikes Relics","Spire Arcade","StSLib","Stuff the Spire","The Animator","The Cursed","The Dragon Tamer","The Judge","The Jungle","The Marked","The Senshi","The Witch"],"gold_per_floor":[110,110,110,110,130,160,160,172,172,187,86,117,117,117,117,220,220,235,160,160,160,160,160,171,171,222,222,257,270,303,203,203,300,300,318,329,329,346,221,221,236,236,236,236,236,236,254,265,265,265,265,265,120,147,147,147,147],"floor_reached":55,"language":"ENG","playtime":4014,"items_purged":["Regret","Bane","DTMod:DoubleHit","Masterful Stab","DTMod:Strike+1"],"score":811,"play_id":"5a848d22-1716-4e8d-b8b0-676f8d9b4305","local_time":"20210131132357","is_ascension_mode":false,"metric_token":2579,"campfire_choices":[{"data":"Immolate","floor":7,"key":"SMITH"},{"floor":15,"key":"DIG"},{"data":"DTMod:Multitask","floor":23,"key":"SMITH"},{"data":"DTMod:SwitchingTactic","floor":25,"key":"SMITH"},{"data":"DTMod:CleansingStrike","floor":32,"key":"SMITH"},{"data":"DTMod:CleansingStrike","floor":40,"key":"SMITH"},{"data":"rat:EchoingStrikes","floor":42,"key":"SMITH"},{"data":"DTMod:Threaten","floor":44,"key":"SMITH"},{"floor":49,"key":"RECALL"},{"data":"DTMod:BizarreTactic","floor":52,"key":"SMITH"}],"dtmod_dragon_data":[50,50,1,2,8,12],"circlet_count":0,"master_deck":["DTMod:Strike+1","DTMod:TargetDefense","DTMod:TargetDefense","DTMod:TargetDefense","DTMod:TargetDefense","DTMod:SwitchingTactic+1","DTMod:GhostSkin","Immolate+1","DTMod:BizarreTactic+1","DTMod:CleansingStrike+1","DTMod:Multitask+1","DTMod:HeatWave+1","DTMod:FierySynthesis","DTMod:CleansingStrike+1","DTMod:Dissolve+1","rat:EchoingStrikes+1","DTMod:Threaten+1","DTMod:EchoTactic","DTMod:Training+1","Panache+1","DTMod:Dissolve+1"],"relics":["DTMod:PactStone","NeowsBlessing","StoneCalendar","StuffTheSpire:RedRose","reliquary:JackalopeAntler","Blue Doll","jedi:HeartOfTheCards","Replay:Baseball","Frozen Egg 2","Bottled Flame","ReplayTheSpireMod:Lightbulb","reliquary:RedCape","Whetstone","Pen Nib","Chemical X","aspiration:TomeofQuesting","Replay:Bottled Steam","energizedSpire:SpiderWeb","GiantMaggot","Dream Catcher","ClockworkSouvenir","ReplayFunnel"],"acts_visited":["Exordium","TheCity","Hallownest:KingdomsEdge","TheEnding"],"potions_floor_usage":[12,18,28,54,54,55,55],"damage_taken":[{"damage":0,"enemies":"Small Slimes","floor":1,"turns":1},{"damage":0,"enemies":"conspire:RoseBush","floor":5,"turns":1},{"damage":0,"enemies":"Lagavulin","floor":6,"turns":2},{"damage":2,"enemies":"infinitespire:Voidling","floor":8,"turns":3},{"damage":7,"enemies":"Looter","floor":10,"turns":2},{"damage":7,"enemies":"Gremlin Nob","floor":12,"turns":4},{"damage":9,"enemies":"Fading Forest","floor":16,"turns":11},{"damage":0,"enemies":"3 Byrds","floor":18,"turns":2},{"damage":0,"enemies":"2 Thieves","floor":24,"turns":2},{"damage":0,"enemies":"conspire:Head Lice","floor":28,"turns":2},{"damage":0,"enemies":"Cultist and Chosen","floor":29,"turns":3},{"damage":0,"enemies":"Book of Stabbing","floor":30,"turns":5},{"damage":8,"enemies":"Collector","floor":33,"turns":7},{"damage":0,"enemies":"Hallownest:3_Siblings","floor":35,"turns":4},{"damage":0,"enemies":"Hallownest:2_Littles","floor":36,"turns":4},{"damage":0,"enemies":"Hallownest:Shield_Sturdy","floor":38,"turns":5},{"damage":7,"enemies":"Hallownest:Slobbering_and_Violent","floor":41,"turns":5},{"damage":0,"enemies":"Hallownest:2_Great","floor":47,"turns":5},{"damage":0,"enemies":"Hallownest:2_Soldiers_and_1_Guardian","floor":48,"turns":4},{"damage":0,"enemies":"Hallownest:Radiance","floor":50,"turns":11},{"damage":12,"enemies":"Shield and Spear","floor":54,"turns":4},{"damage":35,"enemies":"The Heart","floor":55,"turns":2}],"seed_played":"3986404993309857828","potions_obtained":[{"floor":1,"key":"Energy Potion"},{"floor":8,"key":"ColorlessPotion"},{"floor":12,"key":"jedi:StrikingPotion"},{"floor":18,"key":"Energy Potion"},{"floor":28,"key":"LiquidMemories"},{"floor":54,"key":"LiquidMemories"}],"is_trial":false,"path_per_floor":["M","?","?","?","M","E","R","M","T","M","$","E","?","T","R_BF","B",null,"M","?","?","T","?","R","M","R","T","AVR","E","M","E","$","R","B",null,"M","M","T","M","$","R","M","R","T","R","?","AVR","M","M","R","B",null,"R","$","E","B"],"character_chosen":"THE_DT","items_purchased":["DTMod:HeatWave+1","ClockworkSouvenir"],"campfire_rested":0,"item_purchase_floors":[11,53],"current_hp_per_floor":[45,36,36,36,36,36,36,38,38,31,31,24,24,24,24,15,45,45,45,45,45,45,45,45,45,45,45,45,45,45,45,45,37,45,45,45,45,45,45,45,38,38,38,38,38,38,38,38,38,42,45,45,45,33,0,0,0],"gold":147,"neow_bonus":"THREE_ENEMY_KILL","is_daily":false,"chose_seed":false,"campfire_upgraded":8,"win_rate":0.0,"timestamp":1612070637,"path_taken":["M","?","?","?","M","E","R","M","T","?","$","E","?","?","R_BF","BOSS","M","?","?","?","?","R","M","R","T","AVR","E","?","E","?","R","BOSS","M","M","?","M","$","R","?","R","T","R","?","AVR","M","M","R","BOSS","R","$","E","BOSS"],"items_purchased_type":["Card","Relic"],"build_version":"2020-12-22","purchased_purges":5,"victory":false,"max_hp_per_floor":[45,45,45,45,45,45,45,45,45,45,45,45,45,45,45,45,45,45,45,45,45,45,45,45,45,45,45,45,45,45,45,45,45,45,45,45,45,45,45,45,45,45,45,45,45,45,45,45,45,45,45,45,45,45,45,45,45],"card_choices":[{"not_picked":["DTMod:QuickFly","DTMod:Weaken"],"picked":"DTMod:GhostSkin","floor":1},{"not_picked":["DTMod:RecklessFlurry","DTMod:Threaten","DTMod:GhostSkin"],"picked":"SKIP","floor":5},{"not_picked":["DTMod:TauntingStrike","DTMod:Hide"],"picked":"DTMod:BizarreTactic","floor":6},{"not_picked":["DTMod:BizarreTactic","DTMod:StarRain"],"picked":"DTMod:CleansingStrike","floor":8},{"not_picked":["DTMod:BuildUp","DTMod:MagicField"],"picked":"DTMod:Multitask","floor":10},{"not_picked":["DTMod:ComboAttack","DTMod:ForkedFire"],"picked":"DTMod:ShieldDrain","floor":12},{"not_picked":["DTMod:Inferno","DTMod:Multitask+1"],"picked":"DTMod:FierySynthesis","floor":16},{"not_picked":["DTMod:BlueScale","DTMod:Training"],"picked":"DTMod:CleansingStrike","floor":18},{"not_picked":["DTMod:MagicField","DTMod:Cover","DTMod:BizarreTactic"],"picked":"SKIP","floor":24},{"not_picked":["DTMod:MasterPlan+1","DTMod:ComboAttack"],"picked":"DTMod:Threaten","floor":28},{"not_picked":["DTMod:Hide+1","DTMod:RecklessFlurry","DTMod:Weaken"],"picked":"SKIP","floor":29},{"not_picked":["DTMod:Coolant","DTMod:Training","DTMod:DarkBreath"],"picked":"SKIP","floor":30},{"not_picked":["DTMod:TriAttack","DTMod:Inferno"],"picked":"DTMod:EchoTactic","floor":33},{"not_picked":["DTMod:QuickFly","DTMod:WarmUp+1","DTMod:DeepFocus"],"picked":"SKIP","floor":35},{"not_picked":["DTMod:QuickFly","DTMod:WarmUp+1","DTMod:DeepFocus"],"picked":"SKIP","floor":35},{"not_picked":["DTMod:Conduct+1","DTMod:Training","DTMod:HeatWave+1"],"picked":"SKIP","floor":36},{"not_picked":["DTMod:Feint+1","DTMod:RunningTactic+1"],"picked":"DTMod:Training+1","floor":38},{"not_picked":["DTMod:FlameSlash","DTMod:Cover+1","DTMod:BalancedStrike"],"picked":"SKIP","floor":41},{"not_picked":["Poisoned Strike+1","Mayhem+1"],"picked":"Panache+1","floor":45},{"not_picked":["DTMod:ComboAttack","DTMod:LowKick+1","DTMod:Overwhelm"],"picked":"SKIP","floor":47},{"not_picked":["DTMod:Astonish+1","DTMod:Threaten+1","DTMod:GhostSkin"],"picked":"SKIP","floor":48},{"not_picked":["DTMod:Cover+1","DTMod:Conduct+1"],"picked":"DTMod:Dissolve+1","floor":54}],"player_experience":1035999,"relics_obtained":[{"floor":6,"key":"Blue Doll"},{"floor":9,"key":"jedi:HeartOfTheCards"},{"floor":12,"key":"Replay:Baseball"},{"floor":14,"key":"Bottled Flame"},{"floor":15,"key":"ReplayTheSpireMod:Lightbulb"},{"floor":21,"key":"Whetstone"},{"floor":26,"key":"Pen Nib"},{"floor":28,"key":"aspiration:TomeofQuesting"},{"floor":30,"key":"Replay:Bottled Steam"},{"floor":37,"key":"GiantMaggot"},{"floor":54,"key":"ReplayFunnel"}],"event_choices":[{"damage_healed":0,"gold_gain":0,"player_choice":"Gave Potion","damage_taken":0,"relics_obtained":["reliquary:JackalopeAntler"],"max_hp_gain":0,"max_hp_loss":0,"event_name":"WeMeetAgain","floor":4,"gold_loss":0},{"cards_removed":["Injury"],"damage_healed":0,"gold_gain":0,"player_choice":"Gave Gold","damage_taken":0,"max_hp_gain":0,"max_hp_loss":0,"event_name":"Beggar","floor":19,"gold_loss":75},{"damage_healed":0,"gold_gain":0,"player_choice":"Read","damage_taken":0,"max_hp_gain":0,"max_hp_loss":0,"event_name":"The Library","floor":20,"gold_loss":0,"cards_obtained":["DTMod:Dissolve"]},{"damage_healed":0,"gold_gain":0,"player_choice":"2","damage_taken":0,"max_hp_gain":0,"max_hp_loss":0,"event_name":"betterMatch:BetterMatch","floor":45,"gold_loss":0,"cards_obtained":["betterMatch:CommonCard","betterMatch:ColorlessRareCard"]}],"is_beta":false,"boss_relics":[{"not_picked":["aspiration:PoetsPen_weak","aspiration:WatcherSkillbook"],"picked":"reliquary:RedCape"},{"not_picked":["StuffTheSpire:RunicConfusion","Replay:Wanted Poster"],"picked":"energizedSpire:SpiderWeb"}],"items_purged_floors":[11,27,31,39,46],"is_endless":false,"potions_floor_spawned":[1,8,12,18,28,30,38,41,54],"killed_by":"The Heart","ascension_level":0}}