{"host":"a1eatafr7pisesky","time":1612092943,"event":{"mods":["AchievementEnabler","BaseMod","Colored Map","Keyboard Shortcuts","Minty Spire (QoL Compilation)","Say the Spire","StSLib","SuperFastMode","everything is the same but u backflip on backflip"],"gold_per_floor":[115,290,306,306,322,355,355,22,22,22,22,52,71,106,106,178,178,192,36,36,46,46,46,78,88,169,169,169],"floor_reached":27,"language":"KOR","playtime":628,"items_purged":["Steam Power"],"score":508,"play_id":"6cc9c54f-fc5c-4240-ad1c-5af1e5b09e52","local_time":"20210131203543","is_ascension_mode":true,"campfire_choices":[{"floor":7.0,"key":"REST"},{"data":"Defragment","floor":10.0,"key":"SMITH"},{"floor":15.0,"key":"REST"},{"data":"Glacier","floor":23.0,"key":"SMITH"}],"circlet_count":0,"master_deck":["AscendersBane","Zap","Dualcast","Core Surge","Doom and Gloom","Ball Lightning","Leap","Defragment+1","Self Repair+1","FTL","Sweeping Beam","Glacier+1","Electrodynamics+1","Storm+1","Auto Shields","Fusion","Sweeping Beam","Stack","Reinforced Body","Darkness","Coolheaded","Defragment+1","Capacitor+1","Self Repair+1"],"relics":["Cracked Core","Symbiotic Virus","Lantern","Frozen Egg 2","Orichalcum","Art of War","Incense Burner","Pandora\u0027s Box","Nunchaku","Mummified Hand"],"acts_visited":["Exordium","TheCity"],"potions_floor_usage":[],"damage_taken":[{"damage":10.0,"enemies":"2 Louse","floor":1.0,"turns":2.0},{"damage":6.0,"enemies":"Small Slimes","floor":3.0,"turns":3.0},{"damage":0.0,"enemies":"Cultist","floor":5.0,"turns":3.0},{"damage":15.0,"enemies":"3 Sentries","floor":6.0,"turns":5.0},{"damage":19.0,"enemies":"Gremlin Nob","floor":12.0,"turns":4.0},{"damage":7.0,"enemies":"Blue Slaver","floor":13.0,"turns":3.0},{"damage":21.0,"enemies":"Lagavulin","floor":14.0,"turns":5.0},{"damage":0.0,"enemies":"The Guardian","floor":16.0,"turns":11.0},{"damage":0.0,"enemies":"Chosen","floor":18.0,"turns":4.0},{"damage":13.0,"enemies":"2 Thieves","floor":21.0,"turns":2.0},{"damage":40.0,"enemies":"Slavers","floor":24.0,"turns":4.0},{"damage":3.0,"enemies":"Centurion and Healer","floor":25.0,"turns":3.0},{"damage":19,"enemies":"Gremlin Leader","floor":27,"turns":2}],"seed_played":"8156362168393905426","potions_obtained":[{"floor":3.0,"key":"Regen Potion"},{"floor":5.0,"key":"Energy Potion"},{"floor":14.0,"key":"ColorlessPotion"}],"is_trial":false,"path_per_floor":["M","?","M","?","M","E","R","$","T","R","?","E","M","E","R","B",null,"M","$","?","M","?","R","E","M","T","E"],"character_chosen":"DEFECT","items_purchased":["Frozen Egg 2","Self Repair+1","Defragment+1"],"campfire_rested":2,"item_purchase_floors":[8,8,19],"current_hp_per_floor":[54,54,48,15,24,9,30,30,30,30,30,21,24,13,34,44,64,71,71,58,45,45,45,15,12,12,0,0],"gold":169,"neow_bonus":"ONE_RANDOM_RARE_CARD","is_daily":false,"chose_seed":false,"campfire_upgraded":2,"win_rate":0.0,"timestamp":1612092943,"path_taken":["M","?","M","?","M","E","R","$","T","R","?","E","M","E","R","BOSS","M","$","?","M","?","R","E","M","T","E"],"items_purchased_type":["Relic","Card","Card"],"build_version":"2020-12-22","purchased_purges":1,"victory":false,"max_hp_per_floor":[71,71,71,71,71,71,71,71,71,71,71,71,71,71,71,71,71,71,71,76,76,76,76,76,76,76,76,76],"card_choices":[{"not_picked":["Coolheaded","Turbo"],"picked":"Doom and Gloom","floor":1.0},{"not_picked":["Static Discharge","Hello World"],"picked":"Ball Lightning","floor":3.0},{"not_picked":["Rebound","Rip and Tear"],"picked":"Leap","floor":5.0},{"not_picked":["Multi-Cast","Double Energy"],"picked":"Defragment","floor":6.0},{"not_picked":["Rebound","Steam"],"picked":"FTL","floor":12.0},{"not_picked":["Compile Driver","Barrage"],"picked":"Sweeping Beam","floor":13.0},{"not_picked":["Consume","Conserve Battery"],"picked":"Glacier","floor":14.0},{"not_picked":["Echo Form+1","Amplify"],"picked":"Electrodynamics+1","floor":16.0},{"not_picked":["Hologram","Beam Cell"],"picked":"Coolheaded","floor":18.0},{"not_picked":["Steam","Ball Lightning"],"picked":"Capacitor+1","floor":21.0},{"not_picked":["Sweeping Beam","Streamline+1","Consume"],"picked":"SKIP","floor":24.0},{"not_picked":["Redo","Chaos"],"picked":"Self Repair+1","floor":25.0}],"player_experience":386770,"relics_obtained":[{"floor":6.0,"key":"Lantern"},{"floor":9.0,"key":"Orichalcum"},{"floor":12.0,"key":"Art of War"},{"floor":14.0,"key":"Incense Burner"},{"floor":24.0,"key":"Nunchaku"},{"floor":26.0,"key":"Mummified Hand"}],"event_choices":[{"damage_healed":0.0,"max_hp_gain":0.0,"max_hp_loss":0.0,"gold_gain":175.0,"event_name":"Liars Game","player_choice":"AGREE","floor":2.0,"gold_loss":0.0,"damage_taken":0.0,"cards_obtained":["Doubt"]},{"damage_healed":0.0,"max_hp_gain":0.0,"max_hp_loss":0.0,"gold_gain":0.0,"event_name":"Scrap Ooze","player_choice":"Success","floor":4.0,"gold_loss":0.0,"damage_taken":33.0,"relics_obtained":["Symbiotic Virus"]},{"cards_removed":["Doubt"],"damage_healed":0.0,"max_hp_gain":0.0,"max_hp_loss":0.0,"gold_gain":0.0,"event_name":"Fountain of Cleansing","player_choice":"Removed Curses","floor":11.0,"gold_loss":0.0,"damage_taken":0.0},{"damage_healed":0.0,"max_hp_gain":5.0,"max_hp_loss":0.0,"gold_gain":0.0,"event_name":"Forgotten Altar","player_choice":"Shed Blood","floor":20.0,"gold_loss":0.0,"damage_taken":18.0},{"damage_healed":0.0,"max_hp_gain":0.0,"max_hp_loss":0.0,"gold_gain":0.0,"event_name":"The Mausoleum","player_choice":"Ignored","floor":22.0,"gold_loss":0.0,"damage_taken":0.0}],"is_beta":false,"boss_relics":[{"not_picked":["Runic Dome","Ectoplasm"],"picked":"Pandora\u0027s Box"}],"items_purged_floors":[19],"is_endless":false,"potions_floor_spawned":[3,5,14],"killed_by":"Gremlin Leader","ascension_level":14}}