{"host":"mnpd8gh7cwxsn5kh","time":1612125014,"event":{"mods":["BaseMod","Bestiary","Block Reminder","Colored Map","Colored Powertips","Highlight Path","Minty Spire (QoL Compilation)","Relic Sorter","Relic Stats"],"gold_per_floor":[116,129,141,63,138,166,166,186,186,186,186,215,232,244,244,339,339,355,355,366,114,139,172,191,217,297,297,308,668,668,686,686,789,789,803,820,377,729,744,756,561,561,561,591,591,620,77,91,91,91],"floor_reached":51,"language":"ENG","playtime":5721,"items_purged":["Decay","Writhe","Parasite","Strike_B"],"score":1059,"play_id":"df549c97-0cc6-44c0-b832-dd4540b0fd2f","local_time":"20210131213014","is_ascension_mode":true,"campfire_choices":[{"floor":11,"key":"REST"},{"data":"Dualcast","floor":15,"key":"SMITH"},{"data":"Self Repair","floor":27,"key":"SMITH"},{"floor":30,"key":"REST"},{"data":"Loop","floor":32,"key":"SMITH"},{"data":"Creative AI","floor":42,"key":"SMITH"},{"data":"Capacitor","floor":45,"key":"SMITH"},{"floor":49,"key":"REST"}],"circlet_count":0,"master_deck":["Strike_B","Strike_B","Strike_B","Defend_B","Defend_B","Defend_B","Defend_B","Zap+1","Dualcast+1","Rip and Tear","Conserve Battery","Sweeping Beam","Cold Snap","Conserve Battery","Ball Lightning","Loop+1","Ball Lightning","Steam","Reboot","Capacitor+1","Hologram","Streamline","Self Repair+1","Barrage","Steam+1","Chill","FTL+1","Conserve Battery+1","Creative AI+1","Loop+1","White Noise","Defragment","Aggregate","Chill","Storm","Stack","Consume","Conserve Battery"],"relics":["Cracked Core","NeowsBlessing","White Beast Statue","InkBottle","Runic Pyramid","Meat on the Bone","OrangePellets","Red Mask","Pantograph","Du-Vu Doll","Molten Egg 2","Busted Crown","PreservedInsect","Old Coin","Pen Nib","Bronze Scales","HornCleat","Cables"],"acts_visited":["Exordium","TheCity","TheBeyond"],"potions_floor_usage":[6,16,16,22,22,23,24,25,28,33,35,36,38,38,38,46,50,50,50],"damage_taken":[{"damage":0,"enemies":"2 Louse","floor":1,"turns":1},{"damage":0,"enemies":"Cultist","floor":2,"turns":1},{"damage":0,"enemies":"Small Slimes","floor":3,"turns":1},{"damage":29,"enemies":"Gremlin Nob","floor":6,"turns":4},{"damage":0,"enemies":"3 Louse","floor":8,"turns":2},{"damage":12,"enemies":"Lagavulin","floor":12,"turns":5},{"damage":9,"enemies":"Exordium Thugs","floor":13,"turns":3},{"damage":0,"enemies":"Large Slime","floor":14,"turns":4},{"damage":0,"enemies":"Hexaghost","floor":16,"turns":8},{"damage":4,"enemies":"Shell Parasite","floor":18,"turns":5},{"damage":2,"enemies":"Chosen","floor":20,"turns":4},{"damage":7,"enemies":"Masked Bandits","floor":22,"turns":2},{"damage":28,"enemies":"Gremlin Leader","floor":23,"turns":11},{"damage":13,"enemies":"Centurion and Healer","floor":24,"turns":9},{"damage":37,"enemies":"Slavers","floor":25,"turns":5},{"damage":14,"enemies":"Snecko","floor":28,"turns":7},{"damage":3,"enemies":"Shelled Parasite and Fungi","floor":31,"turns":7},{"damage":31,"enemies":"Automaton","floor":33,"turns":12},{"damage":6,"enemies":"3 Shapes","floor":35,"turns":5},{"damage":26,"enemies":"3 Darklings","floor":36,"turns":6},{"damage":32,"enemies":"2 Orb Walkers","floor":38,"turns":6},{"damage":2,"enemies":"Writhing Mass","floor":39,"turns":8},{"damage":0,"enemies":"Sphere and 2 Shapes","floor":40,"turns":8},{"damage":11,"enemies":"Giant Head","floor":44,"turns":8},{"damage":41,"enemies":"Nemesis","floor":46,"turns":5},{"damage":0,"enemies":"Jaw Worm Horde","floor":48,"turns":5},{"damage":18,"enemies":"Donu and Deca","floor":50,"turns":10}],"seed_played":"-1116129999105494824","potions_obtained":[{"floor":1,"key":"Fruit Juice"},{"floor":8,"key":"LiquidMemories"},{"floor":12,"key":"SteroidPotion"},{"floor":13,"key":"FocusPotion"},{"floor":14,"key":"Dexterity Potion"},{"floor":16,"key":"SteroidPotion"},{"floor":18,"key":"Explosive Potion"},{"floor":22,"key":"DuplicationPotion"},{"floor":23,"key":"EssenceOfSteel"},{"floor":24,"key":"FearPotion"},{"floor":25,"key":"FocusPotion"},{"floor":28,"key":"Block Potion"},{"floor":31,"key":"BlessingOfTheForge"},{"floor":33,"key":"Block Potion"},{"floor":35,"key":"SpeedPotion"},{"floor":36,"key":"LiquidMemories"},{"floor":38,"key":"CultistPotion"},{"floor":39,"key":"DuplicationPotion"},{"floor":40,"key":"SneckoOil"},{"floor":44,"key":"DistilledChaos"},{"floor":46,"key":"SpeedPotion"}],"is_trial":false,"path_per_floor":["M","M","M","$","?","E","?","M","T","?","R","E","M","M","R","B",null,"M","?","M","$","?","E","M","E","T","R","M","?","R","M","R","B",null,"M","M","$","?","M","M","$","R","T","E","R","E","$","M","R","B",null],"character_chosen":"DEFECT","items_purchased":["Cold Snap","Conserve Battery","OrangePellets","Streamline","White Noise","Defragment","PreservedInsect","Aggregate","Storm","Cables","FocusPotion","Consume"],"campfire_rested":3,"item_purchase_floors":[4,4,21,21,37,37,37,37,41,47,47,47],"current_hp_per_floor":[68,68,68,68,57,33,33,33,33,33,57,45,36,36,36,36,69,65,65,63,63,56,47,53,35,35,35,43,7,31,50,50,54,74,78,62,62,52,50,60,60,60,60,59,59,40,40,50,73,69],"gold":91,"neow_bonus":"THREE_ENEMY_KILL","is_daily":false,"chose_seed":false,"campfire_upgraded":5,"win_rate":0.0,"timestamp":1612125014,"path_taken":["M","M","M","$","?","E","?","?","T","?","R","E","M","?","R","BOSS","M","?","M","$","?","E","M","E","T","R","M","?","R","M","R","BOSS","M","?","$","?","M","M","$","R","T","E","R","E","$","M","R","BOSS"],"items_purchased_type":["Card","Card","Relic","Card","Card","Card","Relic","Card","Card","Relic","Potion","Card"],"build_version":"2020-12-22","purchased_purges":4,"victory":true,"max_hp_per_floor":[75,75,75,75,75,80,80,80,80,80,80,80,80,80,80,80,80,80,80,80,80,80,80,80,80,80,80,80,80,80,80,80,80,80,80,80,80,80,80,80,77,77,77,77,77,77,77,77,77,77],"relic_stats":{"OrangePellets":[11],"Busted Crown":16,"counters":[27,150],"Pantograph":29,"Bronze Scales":[47],"PreservedInsect":172,"Pen Nib":[4],"obtain_stats":[{"NeowsBlessing":0,"PreservedInsect":37,"Pen Nib":43,"White Beast Statue":6,"Old Coin":38,"Cables":47,"Du-Vu Doll":25,"OrangePellets":21,"Busted Crown":34,"HornCleat":46,"Pantograph":23,"Bronze Scales":44,"Molten Egg 2":26,"Red Mask":22,"Cracked Core":0,"InkBottle":12,"Runic Pyramid":17,"Meat on the Bone":19},{"NeowsBlessing":0,"PreservedInsect":20,"Pen Nib":23,"White Beast Statue":4,"Old Coin":21,"Cables":25,"Du-Vu Doll":15,"OrangePellets":11,"Busted Crown":18,"HornCleat":25,"Pantograph":13,"Bronze Scales":24,"Molten Egg 2":15,"Red Mask":12,"Cracked Core":0,"InkBottle":6,"Runic Pyramid":9,"Meat on the Bone":10},{"NeowsBlessing":0,"PreservedInsect":102,"Pen Nib":123,"White Beast Statue":7,"Old Coin":108,"Cables":136,"Du-Vu Doll":65,"OrangePellets":38,"Busted Crown":91,"HornCleat":136,"Pantograph":51,"Bronze Scales":131,"Molten Egg 2":65,"Red Mask":40,"Cracked Core":0,"InkBottle":14,"Runic Pyramid":29,"Meat on the Bone":34}],"InkBottle":[57],"Meat on the Bone":84,"Cables":[13,6,7,0,0]},"card_choices":[{"not_picked":["Leap","Recycle"],"picked":"Rip and Tear","floor":1},{"not_picked":["Rebound","Leap"],"picked":"Conserve Battery","floor":2},{"not_picked":["Leap","Gash"],"picked":"Sweeping Beam","floor":3},{"not_picked":["Rebound","Redo"],"picked":"Ball Lightning","floor":6},{"not_picked":["Sweeping Beam","Redo"],"picked":"Loop","floor":8},{"not_picked":["Lockon","Sunder"],"picked":"Ball Lightning","floor":12},{"not_picked":["Turbo","Beam Cell"],"picked":"Steam","floor":13},{"not_picked":["Steam Power","Heatsinks","Auto Shields"],"picked":"SKIP","floor":14},{"not_picked":["Meteor Strike","Core Surge"],"picked":"Reboot","floor":16},{"not_picked":["Coolheaded+1","Cold Snap+1"],"picked":"Capacitor","floor":18},{"not_picked":["Doom and Gloom","Rip and Tear+1"],"picked":"Hologram","floor":20},{"not_picked":["Redo","Streamline"],"picked":"Self Repair","floor":22},{"not_picked":["Melter","Turbo+1"],"picked":"Barrage","floor":23},{"not_picked":["Double Energy","Blizzard"],"picked":"Steam+1","floor":24},{"not_picked":["Tempest","Sunder"],"picked":"Chill","floor":25},{"not_picked":["Gash+1","Lockon+1"],"picked":"FTL+1","floor":28},{"not_picked":["Leap","Reinforced Body"],"picked":"Conserve Battery+1","floor":31},{"not_picked":["Machine Learning","Core Surge+1"],"picked":"Creative AI","floor":33},{"not_picked":[],"picked":"Loop+1","floor":35},{"not_picked":["Lockon+1"],"picked":"SKIP","floor":36},{"not_picked":[],"picked":"Chill","floor":39},{"not_picked":["Aggregate"],"picked":"SKIP","floor":40},{"not_picked":["Ball Lightning+1"],"picked":"SKIP","floor":44},{"not_picked":[],"picked":"Stack","floor":46},{"not_picked":[],"picked":"Conserve Battery","floor":48}],"player_experience":218056,"relics_obtained":[{"floor":6,"key":"White Beast Statue"},{"floor":12,"key":"InkBottle"},{"floor":22,"key":"Red Mask"},{"floor":23,"key":"Pantograph"},{"floor":25,"key":"Du-Vu Doll"},{"floor":26,"key":"Molten Egg 2"},{"floor":38,"key":"Old Coin"},{"floor":43,"key":"Pen Nib"},{"floor":44,"key":"Bronze Scales"},{"floor":46,"key":"HornCleat"}],"event_choices":[{"damage_healed":0,"gold_gain":75,"player_choice":"Gather Gold","damage_taken":11,"max_hp_gain":0,"max_hp_loss":0,"event_name":"World of Goop","floor":5,"gold_loss":0},{"damage_healed":0,"gold_gain":0,"player_choice":"Forge","damage_taken":0,"max_hp_gain":0,"max_hp_loss":0,"event_name":"Accursed Blacksmith","floor":7,"gold_loss":0,"cards_upgraded":["Zap"]},{"damage_healed":0,"gold_gain":0,"player_choice":"Cursed","damage_taken":0,"max_hp_gain":0,"max_hp_loss":0,"event_name":"Wheel of Change","floor":10,"gold_loss":0,"cards_obtained":["Decay"]},{"damage_healed":0,"gold_gain":0,"player_choice":"Opened","damage_taken":0,"relics_obtained":["Meat on the Bone"],"max_hp_gain":0,"max_hp_loss":0,"event_name":"The Mausoleum","floor":19,"gold_loss":0,"cards_obtained":["Writhe"]},{"damage_healed":0,"gold_gain":0,"player_choice":"Fought Bandits","damage_taken":0,"max_hp_gain":0,"max_hp_loss":0,"event_name":"Masked Bandits","floor":22,"gold_loss":0},{"damage_healed":0,"gold_gain":360,"player_choice":"GOLD GOLD GOLD GOLD ","damage_taken":36,"max_hp_gain":0,"max_hp_loss":0,"event_name":"Knowing Skull","floor":29,"potions_obtained":[],"gold_loss":0,"cards_obtained":[]},{"damage_healed":0,"gold_gain":0,"player_choice":"Fight","damage_taken":0,"max_hp_gain":0,"max_hp_loss":0,"event_name":"Mysterious Sphere","floor":38,"gold_loss":0}],"is_beta":false,"boss_relics":[{"not_picked":["Coffee Dripper","Snecko Eye"],"picked":"Runic Pyramid"},{"not_picked":["Nuclear Battery","Fusion Hammer"],"picked":"Busted Crown"}],"items_purged_floors":[21,37,41,47],"is_endless":false,"potions_floor_spawned":[1,8,12,13,14,16,18,20,22,23,24,25,28,31,33,35,36,38,39,40,44,46,48],"ascension_level":6}}