{"host":"qga1dk0dpejsljfb","time":1612131645,"event":{"mods":["A Magickal Journey","Aspiration","BaseMod","Beaked The Cultist","Colored Map","Conspire","Curses Come First","DeckTracker","Downfall","Energized Spire","Glutton Mod","Halation","Hermit","Highlight Path","Hubris","Infinite Spire","Mad Scientist","Marisa????????","Mimic Mod","Minty Spire (QoL Compilation)","Relic Sorter","Replay The Spire","Shop Mod","StSLib","The Administrix","The Bug Knight","The Construct","The Cursed","The Disciple","The Mystic","The Necromancer","The Runesmith","The Servant 0.9.4"],"gold_per_floor":[110,148,148,148,166,166,21,40,72,106,117,117,129,54,54,156,156,176,176,19,38,38,38,38],"floor_reached":23,"language":"ENG","playtime":1303,"items_purged":["hermit:Strike_Hermit"],"score":189,"play_id":"f530a7f5-c610-47c6-b9a3-f389dbd4ef06","local_time":"20210131142045","is_ascension_mode":false,"campfire_choices":[{"data":"hermit:Ricochet","floor":6,"key":"SMITH"},{"data":"hermit:CursedWeapon","floor":15,"key":"SMITH"}],"circlet_count":0,"master_deck":["hermit:Strike_Hermit+1","hermit:Strike_Hermit+1","hermit:Defend_Hermit","hermit:Defend_Hermit","hermit:Defend_Hermit","hermit:Defend_Hermit","hermit:Snapshot","hermit:Covet","hermit:ShadowCloak","hermit:Ricochet+1","hermit:Misfire","hermit:PistolWhip","hermit:Magnum","hermit:CursedWeapon+1","hermit:Grudge","hermit:Combo+1","hermit:DeadOrAlive","hermit:Quickdraw"],"relics":["hermit:Momento","NeowsBlessing","halation:AfternoonTea","hubris:Towel","HollowMod:PaleOreRelic","Vajra","Whetstone","construct:RocketBooster","Replay:Bronze Core","Replay:Baseball","hubris:BottledHeart"],"acts_visited":["Exordium","TheCity"],"potions_floor_usage":[16,23],"damage_taken":[{"damage":0,"enemies":"Cultist","floor":1,"turns":1},{"damage":0,"enemies":"2 Louse","floor":2,"turns":2},{"damage":0,"enemies":"2 Louse","floor":5,"turns":1},{"damage":6,"enemies":"Jaw Worm","floor":8,"turns":2},{"damage":4,"enemies":"3 Louse","floor":9,"turns":6},{"damage":14,"enemies":"Gremlin Nob","floor":10,"turns":3},{"damage":3,"enemies":"3 Louse","floor":11,"turns":2},{"damage":7,"enemies":"Lots of Slimes","floor":13,"turns":2},{"damage":41,"enemies":"Hexaghost","floor":16,"turns":9},{"damage":28,"enemies":"Shell Parasite","floor":18,"turns":7},{"damage":22,"enemies":"2 Thieves","floor":21,"turns":3},{"damage":10,"enemies":"Gremlin Leader","floor":23,"turns":4}],"seed_played":"-6545280644276612317","potions_obtained":[{"floor":5,"key":"FairyPotion"},{"floor":13,"key":"hermit:Tonic"},{"floor":16,"key":"hexamod:SoulburnPotion"},{"floor":21,"key":"FearPotion"}],"is_trial":false,"path_per_floor":["M","MIM","?","?","M","R","$","M","MIM","E","M","?","M","$","R_BF","B",null,"M","?","$","M","?","E"],"character_chosen":"HERMIT","items_purchased":["HollowMod:PaleOreRelic","Replay:Baseball"],"campfire_rested":0,"item_purchase_floors":[7,20],"current_hp_per_floor":[75,75,75,75,75,75,75,69,65,51,48,48,41,41,41,40,75,47,47,47,25,1,0,0],"gold":38,"neow_bonus":"THREE_ENEMY_KILL","is_daily":false,"chose_seed":false,"campfire_upgraded":2,"win_rate":0.0,"timestamp":1612131645,"path_taken":["M","?","?","?","M","R","$","?","MIM","E","M","?","?","?","R_BF","BOSS","M","?","?","M","?","E"],"items_purchased_type":["Relic","Relic"],"build_version":"2020-12-22","purchased_purges":1,"victory":false,"max_hp_per_floor":[75,75,75,75,75,75,75,75,75,75,75,75,75,75,75,75,75,75,75,75,75,1,1,1],"card_choices":[{"not_picked":["hermit:Feint","hermit:Snipe"],"picked":"hermit:ShadowCloak","floor":1},{"not_picked":["hermit:Enervate","hermit:BodyArmor"],"picked":"hermit:Ricochet","floor":2},{"not_picked":["hermit:Headshot","hermit:Ricochet"],"picked":"hermit:Misfire","floor":5},{"not_picked":["hermit:BodyArmor","hermit:ShadowCloak"],"picked":"hermit:PistolWhip","floor":8},{"not_picked":["hermit:Feint","hermit:TakeCover"],"picked":"hermit:Magnum","floor":9},{"not_picked":["hermit:Roulette","hermit:PistolWhip","hermit:Ricochet"],"picked":"SKIP","floor":10},{"not_picked":["hermit:Cheat","hermit:Glare"],"picked":"hermit:CursedWeapon","floor":11},{"not_picked":["hermit:HoleUp","hermit:BodyArmor"],"picked":"hermit:Grudge","floor":13},{"not_picked":["hermit:Snipe","hermit:Roulette"],"picked":"hermit:Combo+1","floor":18},{"not_picked":["hermit:Coalescence","hermit:RoundhouseKick"],"picked":"hermit:Quickdraw","floor":21}],"player_experience":139809,"relics_obtained":[{"floor":2,"key":"halation:AfternoonTea"},{"floor":9,"key":"Vajra"},{"floor":9,"key":"Whetstone"},{"floor":10,"key":"construct:RocketBooster"}],"event_choices":[{"cards_removed":["hermit:Strike_Hermit"],"damage_healed":0,"gold_gain":0,"player_choice":"Offered Basic","damage_taken":0,"max_hp_gain":0,"max_hp_loss":0,"event_name":"Bonfire Elementals","floor":12,"gold_loss":0},{"damage_healed":0,"gold_gain":0,"player_choice":"1 cards matched","damage_taken":0,"max_hp_gain":0,"max_hp_loss":0,"event_name":"Match and Keep!","floor":19,"gold_loss":0,"cards_obtained":["hermit:DeadOrAlive"]}],"is_beta":false,"boss_relics":[{"not_picked":["ChewingGum","halation:PlatinumPhoenix"],"picked":"Replay:Bronze Core"}],"items_purged_floors":[14],"is_endless":false,"potions_floor_spawned":[5,10,13,16,21],"killed_by":"Gremlin Leader","ascension_level":0}}