{"host":"qm4rv4rkpk76sbxu","time":1612125837,"event":{"mods":["BaseMod","Bestiary","Block Reminder","DeckTracker","Filter the Spire","Keyboard Shortcuts","Minty Spire (QoL Compilation)","MonsterHotkey","Quick Restart","Random Character Button","Relic Stats","Slay-I","StSLib","Unceasing Turn Reminder","ojb\u0027s Better Paths Mod","ojb\u0027s Info Mod"],"gold_per_floor":[18,18,83,27,102,140,140,140,140],"floor_reached":8,"language":"ENG","playtime":293,"items_purged":[],"score":104,"play_id":"9223d04a-691d-46ae-b7fd-e431b7ecc9ac","local_time":"20210131214357","is_ascension_mode":true,"campfire_choices":[{"data":"Endless Agony","floor":7.0,"key":"SMITH"}],"circlet_count":0,"master_deck":["AscendersBane","Strike_G","Strike_G","Strike_G","Strike_G","Strike_G","Defend_G","Defend_G","Defend_G","Defend_G","Defend_G","Survivor","Neutralize","Underhanded Strike","Endless Agony+1"],"relics":["Ring of the Snake","CaptainsWheel","Golden Idol","Toy Ornithopter"],"acts_visited":["Exordium"],"potions_floor_usage":[8],"damage_taken":[{"damage":0.0,"enemies":"2 Louse","floor":1.0,"turns":3.0},{"damage":27.0,"enemies":"3 Sentries","floor":6.0,"turns":9.0},{"damage":35,"enemies":"Gremlin Nob","floor":8,"turns":4}],"seed_played":"-1727450077337354905","potions_obtained":[{"floor":6.0,"key":"LiquidBronze"}],"is_trial":false,"path_per_floor":["M","?","?","$","?","E","R","E"],"character_chosen":"THE_SILENT","items_purchased":["PowerPotion"],"campfire_rested":0,"item_purchase_floors":[4],"current_hp_per_floor":[59,59,59,59,48,21,21,0,0],"gold":140,"neow_bonus":"ONE_RARE_RELIC","is_daily":false,"chose_seed":false,"campfire_upgraded":1,"win_rate":0.0,"timestamp":1612125837,"path_taken":["M","?","?","$","?","E","R","E"],"items_purchased_type":["Potion"],"build_version":"2020-12-22","purchased_purges":0,"victory":false,"max_hp_per_floor":[66,60,60,60,60,60,60,60,60],"relic_stats":{"counters":[3,16],"Golden Idol":8,"obtain_stats":[{"CaptainsWheel":0,"Golden Idol":2,"Toy Ornithopter":6,"Ring of the Snake":0},{"CaptainsWheel":0,"Golden Idol":1,"Toy Ornithopter":2,"Ring of the Snake":0},{"CaptainsWheel":0,"Golden Idol":3,"Toy Ornithopter":12,"Ring of the Snake":0}],"Toy Ornithopter":5,"Ring of the Snake":[6]},"card_choices":[{"not_picked":["Blade Dance","Deflect"],"picked":"Underhanded Strike","floor":1.0},{"not_picked":["PiercingWail","Deflect"],"picked":"Endless Agony","floor":6.0}],"player_experience":1460872,"relics_obtained":[{"floor":6.0,"key":"Toy Ornithopter"}],"event_choices":[{"damage_healed":0.0,"max_hp_gain":0.0,"max_hp_loss":6.0,"gold_gain":0.0,"event_name":"Golden Idol","player_choice":"Lose Max HP","floor":2.0,"gold_loss":0.0,"damage_taken":0.0,"relics_obtained":["Golden Idol"]},{"damage_healed":0.0,"max_hp_gain":0.0,"max_hp_loss":0.0,"gold_gain":65.0,"event_name":"Golden Wing","player_choice":"Gained Gold","floor":3.0,"gold_loss":0.0,"damage_taken":0.0},{"damage_healed":0.0,"max_hp_gain":0.0,"max_hp_loss":0.0,"gold_gain":75.0,"event_name":"World of Goop","player_choice":"Gather Gold","floor":5.0,"gold_loss":0.0,"damage_taken":11.0}],"is_beta":false,"boss_relics":[],"items_purged_floors":[],"is_endless":false,"potions_floor_spawned":[6],"killed_by":"Gremlin Nob","ascension_level":20}}