{"host":"4mwxwqvoirj3cq7x","time":1612055234,"event":{"mods":["BaseMod","KinomotoSakuraMod(Ä¾Ö®±¾Ó£)","Minty Spire (QoL Compilation)","StSLib"],"gold_per_floor":[119,135,135,145,70,70,70],"floor_reached":6,"language":"ZHS","playtime":235,"items_purged":["Regret"],"score":61,"play_id":"21791793-0554-4c9b-988b-c63bb2623b57","local_time":"20210131090714","is_ascension_mode":true,"campfire_choices":[],"circlet_count":0,"master_deck":["AscendersBane","ClowCardTheSword","ClowCardTheSword","ClowCardTheSword","ClowCardTheSword","ClowCardTheShield","ClowCardTheShield","ClowCardTheShield","ClowCardTheShield","SpellCardSeal","SpellCardRelease","ClowCardTheThunder","ClowCardTheWindy","ClowCardTheFly","ClowCardTheFirey"],"relics":["KSMOD_SealedBook","KSMOD_SealedWand","Lizard Tail"],"acts_visited":["Exordium"],"potions_floor_usage":[],"damage_taken":[{"damage":0.0,"enemies":"Cultist","floor":1.0,"turns":4.0},{"damage":7.0,"enemies":"Small Slimes","floor":2.0,"turns":3.0},{"damage":9.0,"enemies":"2 Louse","floor":4.0,"turns":3.0},{"damage":21,"enemies":"3 Sentries","floor":6,"turns":5}],"seed_played":"8112899605274671336","potions_obtained":[],"is_trial":false,"path_per_floor":["M","M","?","M","$","E"],"character_chosen":"KINOMOTOSAKURA","items_purchased":[],"campfire_rested":0,"item_purchase_floors":[],"current_hp_per_floor":[44,37,37,28,28,7,7],"gold":70,"neow_bonus":"THREE_RARE_CARDS","is_daily":false,"chose_seed":false,"campfire_upgraded":0,"win_rate":0.0,"timestamp":1612055234,"path_taken":["M","M","?","M","$","E"],"items_purchased_type":[],"build_version":"2020-12-22","purchased_purges":1,"victory":false,"max_hp_per_floor":[65,65,65,65,65,65,65],"card_choices":[{"not_picked":["ClowCardTheTime","ClowCardTheReturn"],"picked":"ClowCardTheThunder","floor":0.0},{"not_picked":["ClowCardTheMirror","ClowCardTheWood"],"picked":"ClowCardTheWindy","floor":1.0},{"not_picked":["ClowCardTheDream","ClowCardTheShadow"],"picked":"ClowCardTheFly","floor":2.0},{"not_picked":["ClowCardThePower","ClowCardTheWindy"],"picked":"ClowCardTheFirey","floor":4.0}],"player_experience":623000,"relics_obtained":[],"event_choices":[{"damage_healed":0.0,"max_hp_gain":0.0,"max_hp_loss":0.0,"gold_gain":0.0,"event_name":"Big Fish","player_choice":"Box","floor":3.0,"gold_loss":0.0,"damage_taken":0.0,"relics_obtained":["Lizard Tail"],"cards_obtained":["Regret"]}],"is_beta":false,"boss_relics":[],"items_purged_floors":[5],"is_endless":false,"potions_floor_spawned":[],"killed_by":"3 Sentries","ascension_level":14}}