{"host":"cwjcp8ldy62zu3uk","time":1612095330,"event":{"mods":["AchievementEnabler","Act Like it!","BaseMod","Better Note","CapriCore","Colored Powertips","DeckTracker","Friendly Minions","Gensokyo","GifTheSpireLib","KinomotoSakuraMod(ÙÊñýÜâ?)","Koishi","Marisa£¨Ùöéë¡¡Øª×âÞÞ£©","Minty Spire (QoL Compilation)","Random Character Button","Rare Cards Sparkle","Reimu£¨ÚÏ???£©","StSLib","The Hierophant","The Immortal","The Mystic","The Servant 0.9.4","Yakumo Yukari mod","Yuyuko"],"gold_per_floor":[133,133,33,33,49,78,78,93,165,181,197,227,227,227,227,325,325,342,354,354,63,82,82,116,116,116,146,146,146,166,181,181,280,330,343,359,378,1,13,43,55,55,82,82,6,6,37,48,48,48,48,48,11,44,44],"floor_reached":56,"language":"KOR","playtime":5196,"items_purged":["Boundary_ObjectiveBoundary_purple+1"],"score":1382,"play_id":"576a21c3-9d1a-4445-8b6a-2692c38744d3","local_time":"20210131211530","is_ascension_mode":false,"campfire_choices":[{"data":"ContainerChange_purple","floor":7.0,"key":"SMITH"},{"floor":15.0,"key":"REST"},{"data":"Yakumo_Ran_purple","floor":23.0,"key":"SMITH"},{"data":"DarkRealmRedLine_purple","floor":25.0,"key":"SMITH"},{"data":"Line_surface_state_purple","floor":28.0,"key":"SMITH"},{"data":"Mirror_WaveAndshot_purple","floor":32.0,"key":"SMITH"},{"data":"MeetDecomposer_purple","floor":42.0,"key":"SMITH"},{"floor":44.0,"key":"RECALL"},{"data":"Mirror_TwoAndThreeElementRealm_purple","floor":49.0,"key":"SMITH"},{"data":"Panache","floor":52,"key":"SMITH"}],"circlet_count":0,"master_deck":["AT_purpleEX","AT_purpleEX+1","AT_purpleEX","AT_purpleEX","Defend_purpleEX","Defend_purpleEX","Defend_purpleEX","Defend_purpleEX","Observe_purple_2+1","Charmbait_purple","MeetDecomposer_purple+1","OmniscientAndOmnipotent_Monster_purple+1","OmniscientAndOmnipotent_Monster_purple+1","DarkRealmRedLine_purple+1","Shallow_ocean_purpleEX","Yakumo_Ran_purple+1","Mirror_WaveAndshot_purple+1","Mirror_TwoAndThreeElementRealm_purple+1","CurseOfTheBell","AdvanceAttack_purple+1","WorldDissolvedintheRealm_purple","Line_surface_state_purple+1","DimensionStaggered_purple+1","Line_surface_state_purple","Fancifulhole_purple+1","Line_surface_state_purple","OpenedBox_purple+1","WorldDissolvedintheRealm_purple+1","Yakumo_Ran_purple+1","Panache+1","Shallow_ocean_purpleEX+1","Shallow_ocean_purpleEX+1","BarrageBoundary_PipeDream_purple+1","Shallow_ocean_purpleEX+1","Fantasy_PerpetualMotionMachine_purple+1","Fantasy_PerpetualMotionMachine_purple"],"relics":["Boundary_crack","Memoryfragments_purpleEX","NeowsBlessing","Strawberry","Question Card","Boot","Mercury Hourglass","Ancient Tea Set","Gensokyo:Mercy","Calling Bell","Toy Ornithopter","HornCleat","PureWhite:ReiMu","Kunai","TentaclePot:ReiMu","Bag of Marbles","Smiling Mask","Molten Egg 2","Unceasing Top","Tiny House","Whetstone","Toxic Egg 2","Calipers","Bottled Flame"],"acts_visited":["Gensokyo:Gensokyo","Gensokyo:Gensokyoer","Gensokyo:Gensokyoest","TheEnding"],"potions_floor_usage":[55,55,55],"damage_taken":[{"damage":0.0,"enemies":"Gensokyo:3_Fairies","floor":1.0,"turns":1.0},{"damage":0.0,"enemies":"Gensokyo:Python","floor":5.0,"turns":1.0},{"damage":20.0,"enemies":"Gensokyo:Mamizou","floor":6.0,"turns":1.0},{"damage":3.0,"enemies":"Gensokyo:2_Kodama","floor":8.0,"turns":3.0},{"damage":0.0,"enemies":"Gensokyo:VengefulSpirit","floor":10.0,"turns":4.0},{"damage":9.0,"enemies":"Gensokyo:Gryphon_and_Rabbit","floor":11.0,"turns":3.0},{"damage":21.0,"enemies":"Gensokyo:Aya","floor":12.0,"turns":3.0},{"damage":9.0,"enemies":"Gensokyo:Kokoro","floor":16.0,"turns":7.0},{"damage":19.0,"enemies":"Gensokyo:3_Dogs","floor":18.0,"turns":4.0},{"damage":4.0,"enemies":"Gensokyo:Chomper","floor":19.0,"turns":4.0},{"damage":2.0,"enemies":"Gensokyo:Swordslinger","floor":22.0,"turns":5.0},{"damage":21.0,"enemies":"Gensokyo:Tenshi","floor":24.0,"turns":3.0},{"damage":40.0,"enemies":"Gensokyo:Koishi","floor":27.0,"turns":6.0},{"damage":0.0,"enemies":"Gensokyo:Chomper_and_Gloop","floor":30.0,"turns":1.0},{"damage":0.0,"enemies":"Gensokyo:Slime_Group","floor":31.0,"turns":3.0},{"damage":0.0,"enemies":"Gensokyo:Eiki","floor":33.0,"turns":4.0},{"damage":7.0,"enemies":"Gensokyo:3_Bats","floor":35.0,"turns":2.0},{"damage":0.0,"enemies":"Gensokyo:3_Boulders","floor":36.0,"turns":4.0},{"damage":20.0,"enemies":"Gensokyo:Sharpion","floor":37.0,"turns":3.0},{"damage":0.0,"enemies":"Gensokyo:SeedOfUnknown","floor":39.0,"turns":3.0},{"damage":5.0,"enemies":"Gensokyo:Kasen","floor":40.0,"turns":5.0},{"damage":0.0,"enemies":"Gensokyo:4_Bats","floor":41.0,"turns":1.0},{"damage":0.0,"enemies":"Gensokyo:Doremy","floor":47.0,"turns":3.0},{"damage":0.0,"enemies":"Gensokyo:Sharpion","floor":48.0,"turns":1.0},{"damage":9,"enemies":"Gensokyo:Scarlet_Devils","floor":50,"turns":10},{"damage":0,"enemies":"Shield and Spear","floor":54,"turns":2},{"damage":61,"enemies":"The Heart","floor":55,"turns":7}],"seed_played":"488345238043867105","potions_obtained":[{"floor":1.0,"key":"ColorlessPotion"},{"floor":8.0,"key":"DuplicationPotion"},{"floor":12.0,"key":"AttackPotion"},{"floor":18.0,"key":"ZuzhouPotion:ReiMu"},{"floor":19.0,"key":"Regen Potion"},{"floor":27.0,"key":"Strength Potion"},{"floor":31.0,"key":"Block Potion"},{"floor":34.0,"key":"Weak Potion"}],"is_trial":false,"path_per_floor":["M","?","?","?","M","E","R","M","T","M","M","E","?","?","R","B",null,"M","M","?","$","M","R","E","R","T","E","R","?","M","M","R","B",null,"M","M","M","$","M","E","M","R","T","R","COS","?","E","M","R","B",null,"R","$","E","B",null],"character_chosen":"Youkari","items_purchased":["TentaclePot:ReiMu","Bag of Marbles","Whetstone","Panache","Fantasy_PerpetualMotionMachine_purple"],"campfire_rested":1,"item_purchase_floors":[21,21,38,38,53],"current_hp_per_floor":[70,67,67,67,68,49,49,46,46,46,38,18,18,18,41,39,77,77,75,71,71,71,71,51,51,51,42,42,42,43,43,43,43,76,76,76,76,76,76,71,71,71,71,71,71,71,74,74,74,76,76,76,76,76,15],"gold":44,"neow_bonus":"THREE_ENEMY_KILL","is_daily":false,"chose_seed":false,"campfire_upgraded":8,"win_rate":0.0,"timestamp":1612095330,"path_taken":["M","?","?","?","M","E","R","M","T","M","M","E","?","?","R","BOSS","M","M","?","$","M","R","E","R","T","E","R","?","M","?","R","BOSS","M","?","M","$","M","E","M","R","T","R","COS","?","E","M","R","BOSS","R","$","E","BOSS"],"items_purchased_type":["Relic","Relic","Relic","Card","Card"],"build_version":"2020-12-22","purchased_purges":1,"victory":true,"max_hp_per_floor":[70,77,77,77,77,77,77,77,77,77,77,77,77,77,77,77,77,77,77,71,71,71,71,71,71,71,71,71,71,71,71,71,71,76,76,76,76,76,76,76,76,76,76,76,76,76,76,76,76,76,76,76,76,76,76],"card_choices":[{"not_picked":["StateErode_purple","Line_surface_state_purple"],"picked":"Charmbait_purple","floor":1.0},{"not_picked":["Umbrella_purple","SfantasyHide_purple","SharpContractionReality_purple"],"picked":"ContainerChange_purple","floor":4.0},{"not_picked":["Boundary_of_Extermination_purpleEX","ExistenceContinue_purple","Boundary_DynamicStaticEquilibrium_purple"],"picked":"MeetDecomposer_purple","floor":4.0},{"not_picked":["Charmbait_purple","PositiveMatter_Antimatter_Universe_purple","StateDuplicate_purple"],"picked":"OmniscientAndOmnipotent_Monster_purple","floor":5.0},{"not_picked":["Photoelasticity_Doppler_Effect_purple","ExternalForce_HighSpeedFlying_purple","Charmbait_purple"],"picked":"OmniscientAndOmnipotent_Monster_purple","floor":6.0},{"not_picked":["Bait_Toxicbait_purple","Realm_recovery_purpleEX","SfantasyHide_purple"],"picked":"DarkRealmRedLine_purple","floor":8.0},{"not_picked":["OmniscientAndOmnipotent_Monster_purple","Anti_communist_purple","RuleDissolution_purple"],"picked":"Shallow_ocean_purpleEX","floor":10.0},{"not_picked":["BarrageBoundary_PipeDream_purple","MeetDecomposer_purple","Umbrella_purple"],"picked":"Yakumo_Ran_purple","floor":11.0},{"not_picked":["WorldDissolvedintheRealm_purple","SharpContractionReality_purple","Erosivefilter_purple"],"picked":"Mirror_WaveAndshot_purple","floor":12.0},{"not_picked":["BarrageBoundary_PipeDream_purple","Human_Monster_Realm_purple","WangLiang_LineAndCurveDreams_purple"],"picked":"Mirror_TwoAndThreeElementRealm_purple","floor":16.0},{"not_picked":["StateDuplicate_purple","Boundary_DynamicStaticEquilibrium_purple+1","Mirror_WaveAndshot_purple"],"picked":"Boundary_ObjectiveBoundary_purple+1","floor":18.0},{"not_picked":["RealityDreamConfluencek_purple","Boundary_LightAndDark_purple","Boundary_of_Extermination_purpleEX+1"],"picked":"AdvanceAttack_purple+1","floor":19.0},{"not_picked":["AdvanceAttack_purple","ContainerChange_purple","Shallow_ocean_purpleEX"],"picked":"WorldDissolvedintheRealm_purple","floor":22.0},{"not_picked":["Umbrella_purple","WeekHit_purple","Yakumo_Ran_purple"],"picked":"Line_surface_state_purple","floor":24.0},{"not_picked":["AdvanceAttack_purple+1","MonsterNeedle_purple+1","WeekHit_purple+1"],"picked":"DimensionStaggered_purple+1","floor":27.0},{"not_picked":["ButterflyHabitatTemple_purple","DarkRealmRedLine_purple+1","ExistenceContinue_purple+1"],"picked":"Line_surface_state_purple","floor":30.0},{"not_picked":["Shallow_ocean_purpleEX+1","AdvanceAttack_purple+1","OmniscientAndOmnipotent_Monster_purple+1"],"picked":"Fancifulhole_purple+1","floor":31.0},{"not_picked":["ExistenceContinue_purple+1","Anti_communist_purple","AdvanceAttack_purple+1"],"picked":"Line_surface_state_purple","floor":34.0},{"not_picked":["Worldmountain_purple+1","Umbrella_purple+1","Nest_LightFlightworm_purple+1"],"picked":"OpenedBox_purple+1","floor":35.0},{"not_picked":["Shallow_ocean_purpleEX+1","ExternalForce_HighSpeedFlying_purple+1","Realm_recovery_purpleEX"],"picked":"WorldDissolvedintheRealm_purple+1","floor":36.0},{"not_picked":["RuptureOfTimeAndSpace_purple","MetroBOOM_purple+1","Charmbait_purple+1"],"picked":"Yakumo_Ran_purple+1","floor":37.0},{"not_picked":["Extrememeaning_purpleEX","ExistenceContinue_purple+1","RuleDissolution_purple"],"picked":"Shallow_ocean_purpleEX+1","floor":39.0},{"not_picked":["ExternalForce_HighSpeedFlying_purple+1","Realm_recovery_purpleEX+1","RuleDissolution_purple+1"],"picked":"Shallow_ocean_purpleEX+1","floor":40.0},{"not_picked":["OmniscientAndOmnipotent_Monster_purple+1","RuptureOfTimeAndSpace_purple+1","Mirror_FourBoundary_purple"],"picked":"BarrageBoundary_PipeDream_purple+1","floor":41.0},{"not_picked":["StateErode_purple+1","MetroBOOM_purple+1","PositiveMatter_Antimatter_Universe_purple+1"],"picked":"Shallow_ocean_purpleEX+1","floor":47.0},{"not_picked":["StateDuplicate_purple+1","StretchesForeverDream_purple+1","RuleDissolution_purple+1"],"picked":"Fantasy_PerpetualMotionMachine_purple+1","floor":48.0},{"not_picked":["Fantasy_PerpetualMotionMachine_purple+1","Mirror_Drifter_purple+1","Fancifulhole_purple+1","MetroBOOM_purple+1"],"picked":"SKIP","floor":54}],"player_experience":128761,"relics_obtained":[{"floor":6.0,"key":"Boot"},{"floor":9.0,"key":"Mercury Hourglass"},{"floor":12.0,"key":"Ancient Tea Set"},{"floor":17.0,"key":"Toy Ornithopter"},{"floor":17.0,"key":"HornCleat"},{"floor":17.0,"key":"PureWhite:ReiMu"},{"floor":24.0,"key":"Smiling Mask"},{"floor":26.0,"key":"Molten Egg 2"},{"floor":27.0,"key":"Unceasing Top"},{"floor":40.0,"key":"Toxic Egg 2"},{"floor":47.0,"key":"Calipers"},{"floor":54,"key":"Bottled Flame"}],"event_choices":[],"is_beta":false,"boss_relics":[{"not_picked":["Empty Cage","SlaversCollar"],"picked":"Calling Bell"},{"not_picked":["Black Star","Runic Dome"],"picked":"Tiny House"}],"items_purged_floors":[38],"is_endless":false,"potions_floor_spawned":[1,8,12,18,19,27,31,37,40,48],"ascension_level":0}}