{"host":"1c17lcvl7acx821p","time":1612097220,"event":{"mods":["AchievementEnabler","BaseMod","Colored Map","Minty Spire (QoL Compilation)","Quick Restart","Relic Sorter","StSLib"],"gold_per_floor":[110,110,130,149,159,191,202,235,235,235,300,300,333,343,343,343,420,420,457,457,457,502,518,548,548,592,592,925,456,471,530,530,530,609,609,654,699,296,309,382,471,556,643,691,753,771,847,922,77,77,107,107,107,34,59,59],"floor_reached":57,"language":"ENG","playtime":4808,"items_purged":["Study","Protect","Doubt"],"score":2436,"play_id":"04700263-1b82-443e-8af1-06c097baa588","local_time":"20210131144700","is_ascension_mode":true,"campfire_choices":[{"floor":10.0,"key":"REST"},{"floor":12.0,"key":"REST"},{"data":"TalkToTheHand","floor":15.0,"key":"SMITH"},{"data":"CrushJoints","floor":16.0,"key":"SMITH"},{"floor":25.0,"key":"REST"},{"floor":33.0,"key":"REST"},{"floor":50.0,"key":"RECALL"},{"data":"TalkToTheHand","floor":53.0,"key":"SMITH"}],"circlet_count":0,"master_deck":["AscendersBane","Eruption+1","Vigilance+1","BowlingBash+1","Adaptation+1","CrushJoints+1","EmptyBody+1","Protect+1","TalkToTheHand+1","Conclude+1","Wish+1","Perseverance+1","WreathOfFlame+1","Adaptation+1","LessonLearned","PathToVictory+1","Wireheading+1","ThirdEye+1","TalkToTheHand+1","Protect+1","Fasting2+1","Vault+1","LikeWater+1","TalkToTheHand","Collect+1","Vault+1","Wish+1","CutThroughFate+1","TalkToTheHand+1","Tantrum+1","EmptyMind+1","DevaForm+1","LikeWater+1","Wireheading+1","DevaForm+1","Fasting2+1","Vault","Wish"],"relics":["Snecko Eye","Potion Belt","Happy Flower","Oddly Smooth Stone","Whetstone","Gremlin Horn","Pandora\u0027s Box","Centennial Puzzle","Orichalcum","PreservedInsect","Old Coin","Question Card","StoneCalendar","Cursed Key","DollysMirror","Toy Ornithopter","Dream Catcher","Ginger","Frozen Egg 2","Ornamental Fan","Torii","TeardropLocket","Sling","War Paint","Nunchaku"],"acts_visited":["Exordium","TheCity","TheBeyond","TheEnding"],"potions_floor_usage":[56,56,56,56],"damage_taken":[{"damage":6.0,"enemies":"Small Slimes","floor":1.0,"turns":4.0},{"damage":0.0,"enemies":"Jaw Worm","floor":3.0,"turns":4.0},{"damage":0.0,"enemies":"Cultist","floor":4.0,"turns":2.0},{"damage":13.0,"enemies":"3 Louse","floor":5.0,"turns":4.0},{"damage":22.0,"enemies":"3 Sentries","floor":6.0,"turns":6.0},{"damage":7.0,"enemies":"Exordium Thugs","floor":7.0,"turns":3.0},{"damage":8.0,"enemies":"Gremlin Nob","floor":8.0,"turns":5.0},{"damage":2.0,"enemies":"3 Sentries","floor":11.0,"turns":11.0},{"damage":0.0,"enemies":"3 Sentries","floor":13.0,"turns":7.0},{"damage":6.0,"enemies":"Lots of Slimes","floor":14.0,"turns":4.0},{"damage":0.0,"enemies":"Slime Boss","floor":17.0,"turns":7.0},{"damage":12.0,"enemies":"Spheric Guardian","floor":19.0,"turns":7.0},{"damage":3.0,"enemies":"Chosen","floor":22.0,"turns":5.0},{"damage":13.0,"enemies":"3 Cultists","floor":23.0,"turns":4.0},{"damage":18.0,"enemies":"Slavers","floor":24.0,"turns":10.0},{"damage":18.0,"enemies":"Snake Plant","floor":26.0,"turns":3.0},{"damage":5.0,"enemies":"Book of Stabbing","floor":28.0,"turns":5.0},{"damage":5.0,"enemies":"Snecko","floor":30.0,"turns":6.0},{"damage":0.0,"enemies":"Slavers","floor":31.0,"turns":4.0},{"damage":7.0,"enemies":"Champ","floor":34.0,"turns":11.0},{"damage":7.0,"enemies":"3 Shapes","floor":36.0,"turns":6.0},{"damage":2.0,"enemies":"3 Darklings","floor":37.0,"turns":5.0},{"damage":0.0,"enemies":"Spire Growth","floor":39.0,"turns":6.0},{"damage":0.0,"enemies":"4 Shapes","floor":40.0,"turns":7.0},{"damage":0.0,"enemies":"Giant Head","floor":41.0,"turns":8.0},{"damage":0.0,"enemies":"Mind Bloom Boss Battle","floor":42.0,"turns":10.0},{"damage":0.0,"enemies":"Reptomancer","floor":43.0,"turns":6.0},{"damage":0.0,"enemies":"Giant Head","floor":45.0,"turns":6.0},{"damage":0.0,"enemies":"Jaw Worm Horde","floor":46.0,"turns":3.0},{"damage":20.0,"enemies":"2 Orb Walkers","floor":47.0,"turns":5.0},{"damage":2.0,"enemies":"Spire Growth","floor":48.0,"turns":6.0},{"damage":0.0,"enemies":"Donu and Deca","floor":51.0,"turns":9.0},{"damage":0.0,"enemies":"Shield and Spear","floor":55.0,"turns":6.0},{"damage":50,"enemies":"The Heart","floor":56,"turns":10}],"seed_played":"-4191114612766603741","potions_obtained":[{"floor":5.0,"key":"Weak Potion"},{"floor":7.0,"key":"Explosive Potion"},{"floor":13.0,"key":"Strength Potion"},{"floor":14.0,"key":"SteroidPotion"},{"floor":22.0,"key":"BlessingOfTheForge"},{"floor":30.0,"key":"PowerPotion"},{"floor":31.0,"key":"LiquidBronze"},{"floor":37.0,"key":"Regen Potion"},{"floor":39.0,"key":"Energy Potion"},{"floor":42.0,"key":"BottledMiracle"},{"floor":43.0,"key":"Regen Potion"},{"floor":45.0,"key":"Strength Potion"}],"is_trial":false,"path_per_floor":["M","?","M","M","M","E","M","E","T","R","?","R","E","M","R","R","B",null,"M","?","?","M","M","E","R","M","T","E","$","M","E","?","R","B",null,"M","M","$","M","M","E","?","E","T","E","M","?","M","$","R","B",null,"R","$","E","B",null],"character_chosen":"WATCHER","items_purchased":["Vault","Question Card","LikeWater","DollysMirror","Toy Ornithopter","Fasting2+1","TeardropLocket","Sling","War Paint","Fruit Juice","Vault"],"campfire_rested":4,"item_purchase_floors":[29,29,29,38,38,49,49,49,49,49,54],"current_hp_per_floor":[59,52,52,52,39,17,10,2,2,23,21,42,42,36,36,36,36,63,51,51,51,48,35,17,38,20,20,15,15,10,10,10,31,24,60,53,51,51,51,51,51,51,56,56,56,56,41,39,39,39,39,64,64,64,64,30],"gold":59,"neow_bonus":"BOSS_RELIC","is_daily":false,"chose_seed":false,"campfire_upgraded":3,"win_rate":0.0,"timestamp":1612097220,"path_taken":["M","?","M","M","M","E","M","E","T","R","?","R","E","M","R","R","BOSS","M","?","?","M","M","E","R","M","T","E","$","M","E","?","R","BOSS","M","M","$","M","M","E","?","E","T","E","M","?","M","$","R","BOSS","R","$","E","BOSS"],"items_purchased_type":["Card","Relic","Card","Relic","Relic","Card","Relic","Relic","Relic","Potion","Card"],"build_version":"2020-12-22","purchased_purges":3,"victory":true,"max_hp_per_floor":[72,72,72,72,72,72,72,72,72,72,72,72,72,72,72,72,72,72,72,72,72,72,72,72,72,72,72,72,72,72,72,72,72,72,72,72,72,72,72,72,72,72,72,72,72,72,72,72,72,72,72,72,72,72,72,77],"card_choices":[{"not_picked":["SashWhip","EmptyBody"],"picked":"BowlingBash","floor":1.0},{"not_picked":["LikeWater","FlurryOfBlows"],"picked":"Adaptation","floor":3.0},{"not_picked":["BattleHymn","SignatureMove"],"picked":"CrushJoints","floor":4.0},{"not_picked":["FlurryOfBlows","JustLucky"],"picked":"Protect","floor":5.0},{"not_picked":["ClearTheMind","Sanctity"],"picked":"EmptyBody","floor":6.0},{"not_picked":["ForeignInfluence","Collect"],"picked":"Protect","floor":7.0},{"not_picked":["DeceiveReality","Evaluate"],"picked":"TalkToTheHand","floor":8.0},{"not_picked":["Brilliance","BowlingBash","Pray"],"picked":"SKIP","floor":13.0},{"not_picked":["Consecrate","Protect"],"picked":"Conclude","floor":14.0},{"not_picked":["Brilliance","Alpha"],"picked":"Wish","floor":17.0},{"not_picked":["DeceiveReality","Wireheading"],"picked":"ThirdEye+1","floor":19.0},{"not_picked":["BowlingBash","SandsOfTime","Prostrate+1"],"picked":"SKIP","floor":22.0},{"not_picked":["SignatureMove","ReachHeaven+1","Prostrate"],"picked":"SKIP","floor":23.0},{"not_picked":["FlyingSleeves+1","ClearTheMind"],"picked":"TalkToTheHand","floor":24.0},{"not_picked":["FlurryOfBlows","Crescendo"],"picked":"Protect","floor":26.0},{"not_picked":["SashWhip","Swivel"],"picked":"Fasting2","floor":28.0},{"not_picked":["Indignation","Judgement","ThirdEye"],"picked":"TalkToTheHand","floor":30.0},{"not_picked":["ThirdEye","WindmillStrike","FlurryOfBlows"],"picked":"Collect+1","floor":31.0},{"not_picked":["Alpha","Omniscience","Blasphemy"],"picked":"Vault","floor":34.0},{"not_picked":["JustLucky","Consecrate","EmptyBody","WaveOfTheHand"],"picked":"SKIP","floor":36.0},{"not_picked":["EmptyFist","JustLucky","ClearTheMind","Evaluate"],"picked":"SKIP","floor":37.0},{"not_picked":["Halt","ThirdEye+1","Pray"],"picked":"CutThroughFate","floor":39.0},{"not_picked":["InnerPeace","CarveReality+1","WreathOfFlame"],"picked":"TalkToTheHand+1","floor":40.0},{"not_picked":["Crescendo+1","ClearTheMind","Conclude"],"picked":"Tantrum","floor":41.0},{"not_picked":["ThirdEye","Sanctity","Conclude"],"picked":"EmptyMind+1","floor":42.0},{"not_picked":["BowlingBash","Swivel","JustLucky"],"picked":"DevaForm+1","floor":43.0},{"not_picked":["Consecrate","CrushJoints+1","Scrawl"],"picked":"LikeWater+1","floor":45.0},{"not_picked":["Halt","ClearTheMind","CutThroughFate","EmptyFist"],"picked":"SKIP","floor":46.0},{"not_picked":["Indignation","ThirdEye","FlurryOfBlows+1"],"picked":"Wireheading+1","floor":47.0},{"not_picked":["FollowUp+1","Conclude","Protect"],"picked":"DevaForm+1","floor":48.0},{"not_picked":["CrushJoints+1","EmptyMind","BowlingBash"],"picked":"Wish","floor":55.0}],"player_experience":251051,"relics_obtained":[{"floor":6.0,"key":"Potion Belt"},{"floor":8.0,"key":"Happy Flower"},{"floor":9.0,"key":"Oddly Smooth Stone"},{"floor":11.0,"key":"Whetstone"},{"floor":13.0,"key":"Gremlin Horn"},{"floor":24.0,"key":"Orichalcum"},{"floor":27.0,"key":"PreservedInsect"},{"floor":28.0,"key":"Old Coin"},{"floor":31.0,"key":"StoneCalendar"},{"floor":41.0,"key":"Dream Catcher"},{"floor":42.0,"key":"Ginger"},{"floor":43.0,"key":"Frozen Egg 2"},{"floor":45.0,"key":"Ornamental Fan"},{"floor":47.0,"key":"Torii"},{"floor":55.0,"key":"Nunchaku"}],"event_choices":[{"cards_removed":["Strike_P"],"damage_healed":0.0,"max_hp_gain":0.0,"max_hp_loss":0.0,"gold_gain":0.0,"event_name":"Golden Wing","player_choice":"Card Removal","floor":2.0,"gold_loss":0.0,"damage_taken":7.0},{"damage_healed":0.0,"max_hp_gain":0.0,"max_hp_loss":0.0,"gold_gain":0.0,"event_name":"Dead Adventurer","player_choice":"Searched \u00271\u0027 times","floor":11.0,"gold_loss":0.0,"damage_taken":0.0},{"damage_healed":0.0,"max_hp_gain":0.0,"max_hp_loss":0.0,"gold_gain":0.0,"event_name":"The Mausoleum","player_choice":"Opened","floor":20.0,"gold_loss":0.0,"damage_taken":0.0,"relics_obtained":["Centennial Puzzle"],"cards_obtained":["Writhe"]},{"cards_removed":["Writhe"],"damage_healed":0.0,"max_hp_gain":0.0,"max_hp_loss":0.0,"gold_gain":0.0,"event_name":"Back to Basics","player_choice":"Elegance","floor":21.0,"gold_loss":0.0,"damage_taken":0.0},{"damage_healed":0.0,"max_hp_gain":0.0,"max_hp_loss":0.0,"gold_gain":0.0,"event_name":"Accursed Blacksmith","player_choice":"Forge","floor":32.0,"gold_loss":0.0,"damage_taken":0.0,"cards_upgraded":["Fasting2"]},{"damage_healed":0.0,"max_hp_gain":0.0,"max_hp_loss":0.0,"gold_gain":0.0,"event_name":"MindBloom","player_choice":"Fight","floor":42.0,"gold_loss":0.0,"damage_taken":0.0},{"damage_healed":0.0,"max_hp_gain":0.0,"max_hp_loss":0.0,"gold_gain":0.0,"event_name":"Mysterious Sphere","player_choice":"Fight","floor":47.0,"gold_loss":0.0,"damage_taken":0.0}],"is_beta":false,"boss_relics":[{"not_picked":["Runic Dome","Sozu"],"picked":"Pandora\u0027s Box"},{"not_picked":["Philosopher\u0027s Stone","Coffee Dripper"],"picked":"Cursed Key"}],"items_purged_floors":[29,38,49],"is_endless":false,"potions_floor_spawned":[5,7,13,14,22,30,31,37,39,42,43,45,46],"ascension_level":13}}