{"host":"3l2gjg81y43fhz4a","time":1612066107,"event":{"mods":["BaseMod","Downfall","Hubris","Infinite Spire","Minty Spire (QoL Compilation)","Quick Restart","READ ME - Guardian Mod","StSLib","The Cursed","The Disciple","The Hierophant","The Mystic","The Servant 0.9.4","TheBandit"],"gold_per_floor":[99,116,116,116,132,68,120,120,120,120,147,162,62,62,81,176,176,176,176],"floor_reached":17,"language":"ENG","playtime":961,"items_purged":[],"score":153,"play_id":"8d51e29b-5043-47bf-b0e1-40ad2a70a29a","local_time":"20210130230827","is_ascension_mode":false,"campfire_choices":[{"floor":1,"key":"RECALL"},{"data":"Slimebound:CorrosiveSpit","floor":9,"key":"SMITH"},{"data":"Slimebound:SamplingLick","floor":13,"key":"SMITH"}],"circlet_count":0,"master_deck":["Slimebound:Strike_Slimebound","Slimebound:Strike_Slimebound","Slimebound:Tackle","Slimebound:Defend_Slimebound","Slimebound:Defend_Slimebound","Slimebound:Defend_Slimebound","Slimebound:Defend_Slimebound","Slimebound:Split+1","Slimebound:CorrosiveSpit+1","Slimebound:LeechEnergy","Slimebound:SpikyOuterGoop","Slimebound:SamplingLick+1","Slimebound:LivingWall","Slimebound:HauntingLick","Slimebound:ItLooksTasty","Slimebound:GoopSpray","Slimebound:LeechLife"],"relics":["Slimebound:AbsorbEndCombat","hubris:Towel","Blood Vial","hubris:Icosahedron","infinitespire:FocusingShard","downfall:HeartBlessingRed","Orichalcum","hubris:VirtuousBlindfold"],"acts_visited":["Exordium","TheCity"],"potions_floor_usage":[16],"damage_taken":[{"damage":1,"enemies":"Cultist","floor":2,"turns":4},{"damage":0,"enemies":"Small Slimes","floor":5,"turns":3},{"damage":5,"enemies":"downfall:FleeingMerchant","floor":6,"turns":4},{"damage":21,"enemies":"Lagavulin","floor":11,"turns":5},{"damage":9,"enemies":"2 Louse","floor":12,"turns":3},{"damage":8,"enemies":"Large Slime","floor":15,"turns":4},{"damage":41,"enemies":"SI_SHIV_ARCHETYPE","floor":16,"turns":10}],"seed_played":"5539153470633318173","potions_obtained":[{"floor":5,"key":"champ:CounterPotion"},{"floor":15,"key":"Strength Potion"}],"is_trial":false,"path_per_floor":["R","M","?","?","M","$","T","?","R","?","E","M","R","?","M","B",null],"character_chosen":"SLIMEBOUND","items_purchased":["Slimebound:LivingWall"],"campfire_rested":0,"item_purchase_floors":[6],"current_hp_per_floor":[71,71,71,71,71,70,70,70,70,70,54,47,47,44,46,15,71,71,71],"gold":176,"neow_bonus":"TEN_PERCENT_HP_BONUS","is_daily":false,"chose_seed":false,"campfire_upgraded":2,"win_rate":0.0,"timestamp":1612066107,"path_taken":["R","M","?","?","?","$","T","?","R","?","E","M","R","?","M","BOSS"],"items_purchased_type":["Card"],"build_version":"2020-12-22","purchased_purges":0,"victory":false,"max_hp_per_floor":[71,71,71,71,71,71,71,71,71,71,71,71,71,71,71,71,71,71,71],"card_choices":[{"not_picked":["Slimebound:RainOfGoop","Slimebound:GoopTackle"],"picked":"Slimebound:LeechEnergy","floor":2},{"not_picked":["Slimebound:SplitAcid","Slimebound:TongueLash"],"picked":"Slimebound:SpikyOuterGoop","floor":5},{"not_picked":["Slimebound:FormOfPuddle","Slimebound:Dissolve"],"picked":"Slimebound:SamplingLick","floor":6},{"not_picked":["Slimebound:SplitBruiser","Slimebound:SlimeBarrage"],"picked":"Slimebound:HauntingLick","floor":11},{"not_picked":["Slimebound:SplitBruiser","Slimebound:TongueLash"],"picked":"Slimebound:ItLooksTasty","floor":12},{"not_picked":["Slimebound:RollThrough","Slimebound:LivingWall"],"picked":"Slimebound:GoopSpray","floor":15},{"not_picked":["Slimebound:RallyTheTroops","Slimebound:SelfFormingGoo"],"picked":"Slimebound:LeechLife","floor":16}],"player_experience":243825,"relics_obtained":[{"floor":7,"key":"Blood Vial"},{"floor":11,"key":"infinitespire:FocusingShard"}],"event_choices":[{"damage_healed":0,"gold_gain":0,"player_choice":"Success","damage_taken":3,"relics_obtained":["Orichalcum"],"max_hp_gain":0,"max_hp_loss":0,"event_name":"Scrap Ooze","floor":14,"gold_loss":0}],"is_beta":false,"boss_relics":[{"not_picked":["hubris:BlackHole","infinitespire:Cupcake"],"picked":"hubris:VirtuousBlindfold"}],"items_purged_floors":[],"is_endless":false,"potions_floor_spawned":[5,15],"ascension_level":0}}