{"host":"5dk97cf2ubw2v967","time":1612122428,"event":{"mods":["AlwaysNeverKeys","BaseMod","Better Altar","Better Vampires","Block Reminder","Card Filter","Colored Powertips","Downfall","Googly Eyes","Highlight Path","Minty Spire (QoL Compilation)","Permanent Neow","Potion Indicator Mod","Quick Restart","Relic Filter","Relic Stats","Say the Spire","Spicy Shops","StSLib","Waifu the Spire","everything is the same but u backflip on backflip"],"gold_per_floor":[99,118,132,144,159,187,212,229,129,129,154,64,64,83,99,176,176,176,194,204,404,28,45,68,86,121,21,50,50,64,148,160,234,234,134,149,58,78,78,93,93,78,78,106,132,157,157,184,194,194,194,219,1,1,1,1],"floor_reached":57,"language":"ENG","playtime":4056,"items_purged":["Guardian:Defend_Guardian","downfall:Haunted"],"score":2126,"play_id":"1c02cf7e-4f0d-4201-8d00-6ca0100ba385","local_time":"20210131194708","is_ascension_mode":true,"campfire_choices":[{"data":"Guardian:TwinSlam","floor":1.0,"key":"SMITH"},{"floor":9.0,"key":"REST"},{"floor":13.0,"key":"REST"},{"floor":18.0,"key":"RECALL"},{"data":"Guardian:Repulse","floor":27,"key":"SMITH"},{"data":"Guardian:Emergency","floor":29,"key":"SMITH"},{"data":"Guardian:TemporalShield","floor":35,"key":"SMITH"},{"data":"Guardian:CompilePackage","floor":47,"key":"SMITH"},{"data":"expansioncontent:DashGenerateEvil","floor":54,"key":"SMITH"}],"circlet_count":0,"master_deck":["AscendersBane","Guardian:Strike_Guardian","Guardian:Strike_Guardian","Guardian:Strike_Guardian","Guardian:Defend_Guardian","Guardian:Defend_Guardian","Guardian:CurlUp+1","Guardian:TwinSlam+1","Guardian:Emergency+1","Guardian:Incinerate","Guardian:Recover","Guardian:TemporalShield+1","Guardian:Reroute","Guardian:ShieldCharger","Guardian:GatlingBeam","Guardian:ChargeUp+1","Guardian:PrismaticBeam","Guardian:Repulse+1","Guardian:StasisEngine","Guardian:ShieldCharger","Guardian:VentSteam+1","Magnetism","Guardian:CompilePackage+1","Guardian:BronzeOrb+1","Guardian:Clone","Guardian:Orbwalk","expansioncontent:DashGenerateEvil+1"],"relics":["Busted Crown","Du-Vu Doll","Toy Ornithopter","downfall:HeartBlessingGreen","Thread and Needle","Pen Nib","Runic Pyramid","ClockworkSouvenir","Red Mask","downfall:HeartBlessingBlue","Pantograph","Tiny House","SacredBark","downfall:HeartBlessingRed","Letter Opener","Ancient Tea Set","Ice Cream","Lizard Tail","Incense Burner"],"acts_visited":["Exordium","TheCity","TheBeyond","TheEnding"],"potions_floor_usage":[23,31,33,40,45,50,56,56],"damage_taken":[{"damage":1.0,"enemies":"Cultist","floor":2.0,"turns":4.0},{"damage":3.0,"enemies":"Small Slimes","floor":3.0,"turns":4.0},{"damage":4.0,"enemies":"Jaw Worm","floor":4.0,"turns":4.0},{"damage":6.0,"enemies":"Blue Slaver","floor":5.0,"turns":4.0},{"damage":35.0,"enemies":"3 Sentries","floor":6.0,"turns":11.0},{"damage":7.0,"enemies":"Exordium Wildlife","floor":8.0,"turns":4.0},{"damage":17.0,"enemies":"Gremlin Nob","floor":11.0,"turns":6.0},{"damage":0.0,"enemies":"downfall:FleeingMerchant","floor":12.0,"turns":4.0},{"damage":0.0,"enemies":"Large Slime","floor":14.0,"turns":6.0},{"damage":0.0,"enemies":"Red Slaver","floor":15.0,"turns":2.0},{"damage":27.0,"enemies":"WA_ARCHETYPE_RETAIN","floor":16.0,"turns":12.0},{"damage":0,"enemies":"3 Byrds","floor":19,"turns":4},{"damage":4,"enemies":"Shell Parasite","floor":20,"turns":4},{"damage":0,"enemies":"downfall:FleeingMerchant","floor":22,"turns":4},{"damage":0,"enemies":"Centurion and Healer","floor":23,"turns":7},{"damage":6,"enemies":"Shelled Parasite and Fungi","floor":25,"turns":5},{"damage":22,"enemies":"Masked Bandits","floor":26,"turns":5},{"damage":0,"enemies":"Gremlin Leader","floor":28,"turns":6},{"damage":0,"enemies":"Snake Plant","floor":30,"turns":5},{"damage":8,"enemies":"Book of Stabbing","floor":31,"turns":6},{"damage":4,"enemies":"Chosen and Byrds","floor":32,"turns":5},{"damage":10,"enemies":"DF_ARCHETYPE_CLAW","floor":33,"turns":11},{"damage":1,"enemies":"3 Darklings","floor":36,"turns":5},{"damage":0,"enemies":"downfall:FleeingMerchant","floor":37,"turns":4},{"damage":0,"enemies":"Orb Walker","floor":38,"turns":5},{"damage":2,"enemies":"Transient","floor":40,"turns":5},{"damage":0,"enemies":"downfall:FleeingMerchant","floor":42,"turns":4},{"damage":0,"enemies":"downfall:FleeingMerchant","floor":44,"turns":4},{"damage":37,"enemies":"Reptomancer","floor":45,"turns":7},{"damage":0,"enemies":"Reptomancer","floor":46,"turns":6},{"damage":3,"enemies":"Giant Head","floor":48,"turns":5},{"damage":0,"enemies":"4 Shapes","floor":49,"turns":2},{"damage":0,"enemies":"SI_POISON_ARCHETYPE","floor":50,"turns":9},{"damage":28,"enemies":"downfall:CharBossMerchant","floor":52,"turns":7},{"damage":7,"enemies":"downfall:NeowBoss","floor":55,"turns":13},{"damage":20,"enemies":"downfall:NeowBossFinal","floor":56,"turns":12}],"seed_played":"-7895837629766792011","potions_obtained":[{"floor":3.0,"key":"LiquidMemories"},{"floor":4.0,"key":"Weak Potion"},{"floor":14.0,"key":"PowerPotion"},{"floor":15.0,"key":"Block Potion"},{"floor":16.0,"key":"PowerPotion"},{"floor":23,"key":"Fruit Juice"},{"floor":30,"key":"EssenceOfSteel"},{"floor":32,"key":"Regen Potion"},{"floor":33,"key":"Block Potion"},{"floor":40,"key":"SpeedPotion"},{"floor":45,"key":"SmokeBomb"},{"floor":46,"key":"SpeedPotion"}],"is_trial":false,"path_per_floor":["R","M","M","M","M","E","T","M","R","T","E","$","R","M","M","B",null,"R","M","M","?","$","M","T","M","?","R","E","R","M","E","M","B",null,"R","M","?","M","?","M","T","$","?","$","E","?","R","E","M","B",null,"E","$","R","B","B",null],"character_chosen":"GUARDIAN","items_purchased":["ClockworkSouvenir","Guardian:PrismaticBeam","Guardian:Gem_Yellow","Magnetism","Guardian:CompilePackage","expansioncontent:DashGenerateEvil","SkillPotion"],"campfire_rested":2,"item_purchase_floors":[22,22,37,44,44,53,53],"current_hp_per_floor":[65,64,61,57,51,16,16,9,30,30,18,18,39,39,39,17,58,58,58,54,54,54,64,64,58,36,46,46,46,46,48,44,64,85,85,84,84,84,84,87,87,87,87,87,89,92,92,89,89,92,92,64,64,64,82,72],"gold":1,"neow_bonus":"BOSS_RELIC","is_daily":false,"chose_seed":false,"campfire_upgraded":6,"win_rate":0.0,"timestamp":1612122428,"path_taken":["R","M","M","M","M","E","T","M","R","?","E","$","R","M","M","BOSS","R","M","M","?","$","M","T","M","?","R","E","R","M","E","M","BOSS","R","M","?","M","?","?","T","$","?","$","E","?","R","E","M","BOSS","E","$","R","BOSS","BOSS"],"items_purchased_type":["Relic","Card","Card","Card","Card","Card","Potion"],"build_version":"2020-12-22","purchased_purges":2,"victory":true,"max_hp_per_floor":[72,72,72,72,72,72,72,72,72,72,72,72,72,72,72,72,72,72,72,72,72,72,77,77,77,77,87,87,87,87,92,92,92,92,92,92,92,92,92,92,92,92,92,92,92,92,92,92,92,92,92,92,92,92,92,92],"relic_stats":{"Lizard Tail":0,"Busted Crown":66,"counters":[36,210],"Pantograph":61,"Pen Nib":[43],"Letter Opener":[335],"obtain_stats":[{"Ice Cream":46,"Tiny House":31,"downfall:HeartBlessingRed":35,"SacredBark":34,"Guardian:ModeShifter":0,"downfall:HeartBlessingGreen":9,"Thread and Needle":10,"Pen Nib":11,"Incense Burner":52,"Letter Opener":41,"Ancient Tea Set":45,"ClockworkSouvenir":22,"Du-Vu Doll":6,"Lizard Tail":48,"Busted Crown":0,"downfall:HeartBlessingBlue":27,"Pantograph":28,"Red Mask":26,"Toy Ornithopter":7,"Runic Pyramid":17},{"Ice Cream":30,"Tiny House":20,"downfall:HeartBlessingRed":22,"SacredBark":22,"Guardian:ModeShifter":0,"downfall:HeartBlessingGreen":6,"Thread and Needle":6,"Pen Nib":7,"Incense Burner":34,"Letter Opener":26,"Ancient Tea Set":29,"ClockworkSouvenir":14,"Du-Vu Doll":5,"Lizard Tail":31,"Busted Crown":0,"downfall:HeartBlessingBlue":17,"Pantograph":18,"Red Mask":17,"Toy Ornithopter":5,"Runic Pyramid":11},{"Ice Cream":162,"Tiny House":107,"downfall:HeartBlessingRed":123,"SacredBark":123,"Guardian:ModeShifter":0,"downfall:HeartBlessingGreen":31,"Thread and Needle":31,"Pen Nib":37,"Incense Burner":185,"Letter Opener":141,"Ancient Tea Set":156,"ClockworkSouvenir":73,"Du-Vu Doll":27,"Lizard Tail":167,"Busted Crown":0,"downfall:HeartBlessingBlue":90,"Pantograph":96,"Red Mask":90,"Toy Ornithopter":27,"Runic Pyramid":61}],"Toy Ornithopter":40},"card_choices":[{"not_picked":["Guardian:Suspension"],"picked":"SKIP","floor":2.0},{"not_picked":[],"picked":"Guardian:Emergency","floor":3.0},{"not_picked":[],"picked":"Guardian:Incinerate","floor":4.0},{"not_picked":[],"picked":"Guardian:Recover","floor":5.0},{"not_picked":[],"picked":"Guardian:Gem_Cyan","floor":6.0},{"not_picked":[],"picked":"Guardian:TemporalShield","floor":8.0},{"not_picked":[],"picked":"Guardian:Gem_Orange","floor":11.0},{"not_picked":["Guardian:RollAttack"],"picked":"SKIP","floor":12.0},{"not_picked":[],"picked":"Guardian:Reroute","floor":14.0},{"not_picked":[],"picked":"Guardian:ShieldCharger","floor":15.0},{"not_picked":[],"picked":"Guardian:GatlingBeam","floor":16.0},{"not_picked":["Guardian:PrimingBeam+1"],"picked":"SKIP","floor":19},{"not_picked":["Guardian:Suspension"],"picked":"SKIP","floor":20},{"not_picked":[],"picked":"Guardian:ChargeUp+1","floor":22},{"not_picked":["Guardian:TemporalShield"],"picked":"SKIP","floor":23},{"not_picked":[],"picked":"Guardian:Gem_Cyan","floor":25},{"not_picked":[],"picked":"Guardian:Repulse","floor":26},{"not_picked":["Guardian:Recover"],"picked":"SKIP","floor":28},{"not_picked":["Guardian:PiercingHide"],"picked":"SKIP","floor":30},{"not_picked":["Guardian:MultiBeam"],"picked":"SKIP","floor":31},{"not_picked":[],"picked":"Guardian:Gem_White","floor":32},{"not_picked":[],"picked":"Guardian:StasisEngine","floor":33},{"not_picked":[],"picked":"Guardian:Gem_Cyan","floor":36},{"not_picked":[],"picked":"Guardian:ShieldCharger","floor":37},{"not_picked":[],"picked":"Guardian:Gem_Blue","floor":38},{"not_picked":[],"picked":"Guardian:VentSteam+1","floor":40},{"not_picked":["Guardian:WalkerClaw"],"picked":"SKIP","floor":42},{"not_picked":["Guardian:Suspension"],"picked":"SKIP","floor":44},{"not_picked":[],"picked":"Guardian:BronzeOrb+1","floor":45},{"not_picked":[],"picked":"Guardian:Clone","floor":46},{"not_picked":["Guardian:TemporalStrike"],"picked":"SKIP","floor":48},{"not_picked":[],"picked":"Guardian:Orbwalk","floor":49},{"not_picked":["Guardian:Planning"],"picked":"SKIP","floor":52}],"player_experience":1278559,"relics_obtained":[{"floor":6.0,"key":"Du-Vu Doll"},{"floor":7.0,"key":"Toy Ornithopter"},{"floor":10.0,"key":"Thread and Needle"},{"floor":11.0,"key":"Pen Nib"},{"floor":26,"key":"Red Mask"},{"floor":28,"key":"Pantograph"},{"floor":31,"key":"Tiny House"},{"floor":41,"key":"Letter Opener"},{"floor":45,"key":"Ancient Tea Set"},{"floor":46,"key":"Ice Cream"},{"floor":48,"key":"Lizard Tail"},{"floor":52,"key":"Incense Burner"}],"event_choices":[{"damage_healed":0,"gold_gain":0,"player_choice":"Fought Bandits","damage_taken":0,"max_hp_gain":0,"max_hp_loss":0,"event_name":"Masked Bandits","floor":26,"gold_loss":0},{"cards_removed":["Guardian:Strike_Guardian"],"damage_healed":0,"gold_gain":0,"player_choice":"Offered Basic","damage_taken":0,"max_hp_gain":0,"max_hp_loss":0,"event_name":"Bonfire Elementals","floor":39,"gold_loss":0}],"is_beta":false,"boss_relics":[{"not_picked":["Snecko Eye","Calling Bell"],"picked":"Runic Pyramid"},{"not_picked":["Runic Dome","Black Star"],"picked":"SacredBark"}],"items_purged_floors":[12,22],"is_endless":false,"potions_floor_spawned":[3,4,14,15,16,23,30,31,32,33,38,40,45,46,49],"ascension_level":14}}