{"host":"at5b10nm0iti0w4x","time":1612117107,"event":{"mods":["AchievementEnabler","BaseMod","Bestiary","Block Reminder","Colored Map","Colored Powertips","Highlight Path","Keyboard Shortcuts","Minty Spire (QoL Compilation)","Relic Stats","StSLib","SuperFastMode"],"gold_per_floor":[119,119,130,143,153,186,43,76,129,129,129,142,177,74,74,171,171,189,288,301,301,316,343,343,363,415,425,349,378,17,32,32,128,128,145,145,119,131,181,211,311,325,325,325,325,342,342,342,342,342],"floor_reached":51,"language":"ENG","playtime":2878,"items_purged":["Strike_R"],"score":735,"play_id":"b1a20110-28c8-49e2-ac5c-dc30d7d3c661","local_time":"20210131131827","is_ascension_mode":false,"campfire_choices":[{"floor":11,"key":"REST"},{"floor":15,"key":"REST"},{"data":"Demon Form","floor":24,"key":"SMITH"},{"data":"Armaments","floor":32,"key":"SMITH"},{"data":"Entrench","floor":44,"key":"SMITH"},{"data":"Rampage","floor":45,"key":"SMITH"},{"data":"Metallicize","floor":47,"key":"SMITH"},{"data":"Offering","floor":49,"key":"SMITH"}],"circlet_count":0,"master_deck":["Strike_R+1","Strike_R+1","Defend_R+1","Defend_R+1","Defend_R+1","Defend_R+1","Bash","Thunderclap","Uppercut","Rampage+1","Disarm","Disarm","Dropkick","Flame Barrier","Armaments+1","Demon Form+1","Sword Boomerang","Iron Wave","Entrench+1","Dropkick","Metallicize+1","Twin Strike+1","Offering+1","Twin Strike+1","Flex+1"],"relics":["Burning Blood","Oddly Smooth Stone","Darkstone Periapt","Gremlin Horn","War Paint","FaceOfCleric","Toy Ornithopter","Busted Crown","MealTicket","PreservedInsect","Regal Pillow","Membership Card","Molten Egg 2","Coffee Dripper","Thread and Needle","WingedGreaves","Calipers"],"acts_visited":["Exordium","TheCity","TheBeyond"],"potions_floor_usage":[8,18,20,22,23,27,33,40,40,42],"damage_taken":[{"damage":5,"enemies":"Jaw Worm","floor":1,"turns":3},{"damage":1,"enemies":"2 Louse","floor":3,"turns":4},{"damage":6,"enemies":"Cultist","floor":4,"turns":3},{"damage":22,"enemies":"Lots of Slimes","floor":5,"turns":5},{"damage":33,"enemies":"3 Sentries","floor":6,"turns":7},{"damage":18,"enemies":"Gremlin Nob","floor":8,"turns":4},{"damage":15,"enemies":"Exordium Thugs","floor":12,"turns":6},{"damage":13,"enemies":"Lagavulin","floor":13,"turns":6},{"damage":5,"enemies":"Hexaghost","floor":16,"turns":11},{"damage":0,"enemies":"Shell Parasite","floor":18,"turns":6},{"damage":19,"enemies":"Spheric Guardian","floor":20,"turns":7},{"damage":7,"enemies":"Centurion and Healer","floor":22,"turns":8},{"damage":24,"enemies":"Gremlin Leader","floor":23,"turns":5},{"damage":3,"enemies":"Snake Plant","floor":25,"turns":6},{"damage":58,"enemies":"3 Cultists","floor":27,"turns":8},{"damage":7,"enemies":"Book of Stabbing","floor":29,"turns":7},{"damage":16,"enemies":"Sentry and Sphere","floor":31,"turns":6},{"damage":9,"enemies":"Champ","floor":33,"turns":9},{"damage":9,"enemies":"Orb Walker","floor":35,"turns":4},{"damage":25,"enemies":"3 Darklings","floor":38,"turns":6},{"damage":0,"enemies":"Mind Bloom Boss Battle","floor":39,"turns":6},{"damage":8,"enemies":"Nemesis","floor":40,"turns":7},{"damage":25,"enemies":"Spire Growth","floor":42,"turns":5},{"damage":6,"enemies":"Transient","floor":46,"turns":5},{"damage":63,"enemies":"Awakened One","floor":50,"turns":11}],"seed_played":"7752201340013226496","potions_obtained":[{"floor":4,"key":"Block Potion"},{"floor":6,"key":"SteroidPotion"},{"floor":13,"key":"PowerPotion"},{"floor":20,"key":"Block Potion"},{"floor":25,"key":"Regen Potion"},{"floor":27,"key":"AttackPotion"},{"floor":42,"key":"PowerPotion"},{"floor":46,"key":"ElixirPotion"}],"is_trial":false,"path_per_floor":["M","?","M","M","M","E","$","E","T","?","R","M","E","$","R","B",null,"M","?","M","?","M","E","R","M","T","M","$","E","$","M","R","B",null,"M","?","$","M","?","E","?","M","T","R","R","M","R","?","R","B",null],"character_chosen":"IRONCLAD","items_purchased":["Disarm","Armaments","Block Potion","Metallicize","Membership Card","Molten Egg 2","Weak Potion","ColorlessPotion","Twin Strike+1","Strength Potion"],"campfire_rested":2,"item_purchase_floors":[7,14,14,28,30,30,30,30,30,37],"current_hp_per_floor":[80,73,78,78,62,35,35,23,23,23,47,39,33,33,57,59,83,84,84,72,72,77,65,65,69,69,38,53,53,68,59,59,62,92,90,90,93,75,82,91,91,78,78,78,78,79,79,79,79,23],"gold":342,"neow_bonus":"RANDOM_COMMON_RELIC","is_daily":false,"chose_seed":false,"campfire_upgraded":6,"win_rate":0.0,"timestamp":1612117107,"path_taken":["M","?","M","M","M","E","$","E","T","?","R","?","E","?","R","BOSS","M","?","M","?","M","E","R","M","T","M","$","E","$","M","R","BOSS","M","?","$","M","?","E","?","?","T","R","R","?","R","?","R","BOSS"],"items_purchased_type":["Card","Card","Potion","Card","Relic","Relic","Potion","Potion","Card","Potion"],"build_version":"2020-12-22","purchased_purges":1,"victory":true,"max_hp_per_floor":[80,80,80,80,80,80,80,80,80,80,80,81,82,82,82,83,83,84,84,85,85,86,87,87,88,88,89,89,90,90,91,91,92,92,93,93,93,94,95,96,96,97,97,97,97,98,98,98,98,99],"relic_stats":{"Darkstone Periapt":0,"Regal Pillow":0,"Busted Crown":32,"Gremlin Horn":[14,14],"FaceOfCleric":19,"counters":[25,155],"MealTicket":33,"PreservedInsect":88,"War Paint":["Defend_R","Defend_R"],"obtain_stats":[{"Darkstone Periapt":6,"Regal Pillow":29,"Calipers":43,"Gremlin Horn":8,"Oddly Smooth Stone":0,"Thread and Needle":39,"PreservedInsect":26,"War Paint":9,"Burning Blood":0,"Busted Crown":17,"FaceOfCleric":10,"MealTicket":23,"Molten Egg 2":30,"WingedGreaves":40,"Coffee Dripper":34,"Membership Card":30,"Toy Ornithopter":13},{"Darkstone Periapt":5,"Regal Pillow":16,"Calipers":23,"Gremlin Horn":6,"Oddly Smooth Stone":0,"Thread and Needle":21,"PreservedInsect":14,"War Paint":6,"Burning Blood":0,"Busted Crown":9,"FaceOfCleric":6,"MealTicket":13,"Molten Egg 2":16,"WingedGreaves":22,"Coffee Dripper":18,"Membership Card":16,"Toy Ornithopter":8},{"Darkstone Periapt":22,"Regal Pillow":96,"Calipers":139,"Gremlin Horn":26,"Oddly Smooth Stone":0,"Thread and Needle":127,"PreservedInsect":81,"War Paint":26,"Burning Blood":0,"Busted Crown":49,"FaceOfCleric":26,"MealTicket":75,"Molten Egg 2":96,"WingedGreaves":134,"Coffee Dripper":111,"Membership Card":96,"Toy Ornithopter":38}],"Burning Blood":143,"Toy Ornithopter":35},"card_choices":[{"not_picked":["Body Slam","Sword Boomerang"],"picked":"Thunderclap","floor":1},{"not_picked":["Sever Soul","Dual Wield"],"picked":"Uppercut","floor":3},{"not_picked":["Iron Wave","Bloodletting"],"picked":"Rampage","floor":4},{"not_picked":["Perfected Strike","Second Wind","Dual Wield"],"picked":"SKIP","floor":5},{"not_picked":["Rampage","True Grit"],"picked":"Disarm","floor":6},{"not_picked":["Warcry","Sword Boomerang","True Grit"],"picked":"SKIP","floor":8},{"not_picked":["Uppercut","True Grit"],"picked":"Dropkick","floor":12},{"not_picked":["Pommel Strike","Body Slam"],"picked":"Flame Barrier","floor":13},{"not_picked":["Fiend Fire","Bludgeon"],"picked":"Demon Form","floor":16},{"not_picked":[],"picked":"Sword Boomerang","floor":18},{"not_picked":[],"picked":"Iron Wave","floor":20},{"not_picked":["Ghostly Armor"],"picked":"SKIP","floor":22},{"not_picked":[],"picked":"Entrench","floor":23},{"not_picked":[],"picked":"Dropkick","floor":25},{"not_picked":["Perfected Strike"],"picked":"SKIP","floor":27},{"not_picked":["Blood for Blood"],"picked":"SKIP","floor":29},{"not_picked":["Sever Soul+1"],"picked":"SKIP","floor":31},{"not_picked":[],"picked":"Offering","floor":33},{"not_picked":["Clash+1"],"picked":"SKIP","floor":35},{"not_picked":["Anger+1"],"picked":"SKIP","floor":38},{"not_picked":[],"picked":"Twin Strike+1","floor":39},{"not_picked":["Second Wind+1"],"picked":"SKIP","floor":40},{"not_picked":["Anger+1"],"picked":"SKIP","floor":42},{"not_picked":[],"picked":"Flex+1","floor":46}],"player_experience":1184,"relics_obtained":[{"floor":6,"key":"Darkstone Periapt"},{"floor":8,"key":"Gremlin Horn"},{"floor":9,"key":"War Paint"},{"floor":13,"key":"Toy Ornithopter"},{"floor":23,"key":"MealTicket"},{"floor":26,"key":"PreservedInsect"},{"floor":29,"key":"Regal Pillow"},{"floor":39,"key":"Thread and Needle"},{"floor":40,"key":"WingedGreaves"},{"floor":43,"key":"Calipers"}],"event_choices":[{"cards_removed":["Strike_R"],"damage_healed":0,"gold_gain":0,"player_choice":"Card Removal","damage_taken":7,"max_hp_gain":0,"max_hp_loss":0,"event_name":"Golden Wing","floor":2,"gold_loss":0},{"damage_healed":0,"gold_gain":0,"player_choice":"Trade","damage_taken":0,"relics_obtained":["FaceOfCleric"],"max_hp_gain":0,"max_hp_loss":0,"event_name":"FaceTrader","floor":10,"gold_loss":0},{"damage_healed":0,"gold_gain":99,"player_choice":"Stole From Cult","damage_taken":0,"max_hp_gain":0,"max_hp_loss":0,"event_name":"Nest","floor":19,"gold_loss":0},{"damage_healed":0,"gold_gain":0,"player_choice":"Simplicity","damage_taken":0,"max_hp_gain":0,"max_hp_loss":0,"event_name":"Back to Basics","floor":21,"gold_loss":0,"cards_upgraded":["Strike_R","Strike_R","Strike_R","Defend_R","Defend_R"]},{"damage_healed":0,"gold_gain":0,"player_choice":"Memory 1","damage_taken":0,"max_hp_gain":0,"max_hp_loss":0,"event_name":"SensoryStone","floor":36,"gold_loss":0},{"damage_healed":0,"gold_gain":0,"player_choice":"Fight","damage_taken":0,"max_hp_gain":0,"max_hp_loss":0,"event_name":"MindBloom","floor":39,"gold_loss":0},{"damage_healed":0,"gold_gain":100,"player_choice":"Pray","damage_taken":0,"max_hp_gain":0,"max_hp_loss":0,"event_name":"Golden Shrine","floor":41,"gold_loss":0},{"cards_removed":["Strike_R"],"damage_healed":0,"gold_gain":0,"player_choice":"Removed Attack","damage_taken":0,"max_hp_gain":0,"max_hp_loss":0,"event_name":"Falling","floor":48,"gold_loss":0}],"is_beta":false,"boss_relics":[{"not_picked":["SlaversCollar","Empty Cage"],"picked":"Busted Crown"},{"not_picked":["Runic Pyramid","Fusion Hammer"],"picked":"Coffee Dripper"}],"items_purged_floors":[7],"is_endless":false,"potions_floor_spawned":[4,6,13,20,25,27,31,38,42,46],"ascension_level":0}}