{"host":"oigynbtg272c19pw","time":1612104265,"event":{"mods":["BaseMod","Colored Map","Minty Spire (QoL Compilation)","Relic Stats","Slay the Relics Exporter","StSLib"],"gold_per_floor":[114,114,264,339,352,352,383,383,383,421,435,459,459,459],"floor_reached":13,"playtime":308,"items_purged":[],"score":236,"play_id":"f91f43c4-ddf5-49f6-9b71-9ed3fc6123ca","local_time":"20210131154425","is_ascension_mode":true,"campfire_choices":[{"data":"Blood for Blood","floor":6,"key":"SMITH"}],"circlet_count":0,"master_deck":["AscendersBane","Strike_R","Strike_R","Strike_R","Strike_R","Defend_R","Defend_R","Defend_R","Defend_R","Bash","Reckless Charge","Blood for Blood+1","Doubt","Shrug It Off","Burning Pact","Feed","Seeing Red","Carnage"],"relics":["Burning Blood","NeowsBlessing","Magic Flower","Golden Idol","Mercury Hourglass","Omamori"],"acts_visited":["Exordium"],"potions_floor_usage":[10,12],"damage_taken":[{"damage":0,"enemies":"2 Louse","floor":1,"turns":1},{"damage":0,"enemies":"Jaw Worm","floor":5,"turns":1},{"damage":0,"enemies":"3 Sentries","floor":7,"turns":2},{"damage":30,"enemies":"Lagavulin","floor":10,"turns":7},{"damage":1,"enemies":"Cultist","floor":11,"turns":3},{"damage":9,"enemies":"Exordium Wildlife","floor":12,"turns":4},{"damage":59,"enemies":"Gremlin Nob","floor":13,"turns":4}],"seed_played":"-2232298253099446541","potions_obtained":[{"floor":5,"key":"Energy Potion"},{"floor":11,"key":"AttackPotion"}],"is_trial":false,"path_per_floor":["M","?","?","?","M","R","E","?","T","E","M","M","E"],"character_chosen":"IRONCLAD","items_purchased":[],"campfire_rested":0,"item_purchase_floors":[],"current_hp_per_floor":[74,74,74,63,69,69,75,49,49,28,41,46,0,0],"gold":459,"neow_bonus":"THREE_ENEMY_KILL","is_daily":false,"chose_seed":false,"campfire_upgraded":1,"win_rate":0.0,"timestamp":1612104265,"path_taken":["M","?","?","?","?","R","E","?","T","E","M","M","E"],"items_purchased_type":[],"build_version":"2020-12-13","purchased_purges":0,"victory":false,"max_hp_per_floor":[75,75,75,75,75,75,75,75,75,75,78,81,81,81],"relic_stats":{"counters":[7,21],"Golden Idol":16,"Magic Flower":[13],"obtain_stats":[{"NeowsBlessing":0,"Golden Idol":8,"Magic Flower":7,"Omamori":10,"Burning Blood":0,"Mercury Hourglass":9},{"NeowsBlessing":0,"Golden Idol":3,"Magic Flower":3,"Omamori":4,"Burning Blood":0,"Mercury Hourglass":3},{"NeowsBlessing":0,"Golden Idol":4,"Magic Flower":4,"Omamori":10,"Burning Blood":0,"Mercury Hourglass":4}],"Burning Blood":45,"Mercury Hourglass":[48]},"card_choices":[{"not_picked":["Armaments","True Grit"],"picked":"Reckless Charge","floor":1},{"not_picked":["Havoc","Wild Strike"],"picked":"Shrug It Off","floor":5},{"not_picked":["Metallicize","Sword Boomerang"],"picked":"Burning Pact","floor":7},{"not_picked":["Havoc","Shrug It Off"],"picked":"Feed","floor":10},{"not_picked":["Sword Boomerang","Dropkick"],"picked":"Seeing Red","floor":11},{"not_picked":["Headbutt","Iron Wave"],"picked":"Carnage","floor":12}],"player_experience":1520426,"relics_obtained":[{"floor":7,"key":"Magic Flower"},{"floor":9,"key":"Mercury Hourglass"},{"floor":10,"key":"Omamori"}],"event_choices":[{"damage_healed":0,"gold_gain":0,"cards_transformed":["Strike_R"],"player_choice":"Change","damage_taken":0,"max_hp_gain":0,"max_hp_loss":0,"event_name":"Living Wall","floor":2,"gold_loss":0,"cards_obtained":["Blood for Blood"]},{"damage_healed":0,"gold_gain":150,"player_choice":"AGREE","damage_taken":0,"max_hp_gain":0,"max_hp_loss":0,"event_name":"Liars Game","floor":3,"gold_loss":0,"cards_obtained":["Doubt"]},{"damage_healed":0,"gold_gain":75,"player_choice":"Gather Gold","damage_taken":11,"max_hp_gain":0,"max_hp_loss":0,"event_name":"World of Goop","floor":4,"gold_loss":0},{"damage_healed":0,"gold_gain":0,"player_choice":"Take Damage","damage_taken":26,"relics_obtained":["Golden Idol"],"max_hp_gain":0,"max_hp_loss":0,"event_name":"Golden Idol","floor":8,"gold_loss":0}],"is_beta":false,"boss_relics":[],"items_purged_floors":[],"is_endless":false,"potions_floor_spawned":[5,11],"killed_by":"Gremlin Nob","ascension_level":20}}