{"host":"g76rhe4j5kh9hdf9","time":1612133862,"event":{"mods":["Act Like it!","BaseMod","Bestiary","Better Third Choice","Downfall","GifTheSpireLib","Minty Spire (QoL Compilation)","Relic Stats","Spicy Shops","StSLib"],"gold_per_floor":[99,111,126,138,34,65,90,115,15,50,50,63,89,123,135,235,235,235,251,251,4,22,34,59,59,77,77,115,130,173,187,216,321,321,321,321,321,375,401,401,425,466,466,478,496,514,514,545,557,557],"floor_reached":51,"language":"ENG","playtime":3516,"items_purged":["Regret"],"score":1093,"play_id":"30b95ae1-48e3-498d-9aaa-4d4fa47e3b10","local_time":"20210131145742","is_ascension_mode":true,"campfire_choices":[{"data":"champ:Execute","floor":1,"key":"SMITH"},{"data":"champ:RageSigil","floor":9,"key":"SMITH"},{"data":"champ:ShieldWall","floor":11,"key":"SMITH"},{"data":"champ:DefensiveShout","floor":18,"key":"SMITH"},{"data":"champ:IgnorePain","floor":25,"key":"SMITH"},{"data":"champ:ShieldWall","floor":27,"key":"SMITH"},{"data":"champ:ShieldWall","floor":35,"key":"SMITH"},{"data":"champ:FocusedDefense","floor":40,"key":"SMITH"},{"data":"champ:Taunt","floor":43,"key":"SMITH"},{"data":"champ:Defend","floor":47,"key":"SMITH"}],"circlet_count":0,"master_deck":["champ:Strike","champ:Defend+1","champ:Defend","champ:Defend","champ:Execute+1","champ:Taunt+1","champ:ShieldWall+1","champ:RageSigil+1","champ:FocusedDefense+1","champ:IgnorePain+1","champ:ShieldWall+1","champ:TornadoPunch+1","champ:FlashCut+1","champ:DefensiveStyle","champ:DefensiveShout+1","champ:CheapShot+1","champ:ShieldWall+1","champ:FancyFootwork+1","champ:CheapShot+1","champ:RapidStrikes+1","champ:DefensiveStyle","champ:BringItOn+1","champ:PreemptiveStrike+1","champ:SteelEdge+1","champ:EnGarde+1","champ:ShieldThrow+1","champ:Duel+1","champ:FlashCut+1"],"relics":["Velvet Choker","Incense Burner","Centennial Puzzle","Tiny Chest","Molten Egg 2","downfall:HeartBlessingGreen","Smiling Mask","Boot","Mummified Hand","Black Star","Membership Card","CeramicFish","Guardian:PocketSentry","champ:DefensiveTrainingManual","Bag of Marbles","MealTicket","Coffee Dripper","CaptainsWheel","Gambling Chip","PreservedInsect","sneckomod:BlankCard","War Paint","Dream Catcher","Blood Vial"],"acts_visited":["Exordium","TheCity","TheBeyond"],"potions_floor_usage":[8,16,21,28,30,33,50,50],"damage_taken":[{"damage":20,"enemies":"Cultist","floor":2,"turns":3},{"damage":15,"enemies":"Jaw Worm","floor":3,"turns":3},{"damage":10,"enemies":"Small Slimes","floor":4,"turns":3},{"damage":20,"enemies":"downfall:FleeingMerchant","floor":5,"turns":4},{"damage":23,"enemies":"Lagavulin","floor":6,"turns":7},{"damage":21,"enemies":"3 Sentries","floor":8,"turns":7},{"damage":10,"enemies":"Lagavulin","floor":10,"turns":5},{"damage":19,"enemies":"Blue Slaver","floor":12,"turns":2},{"damage":2,"enemies":"Gremlin Nob","floor":14,"turns":3},{"damage":10,"enemies":"2 Fungi Beasts","floor":15,"turns":3},{"damage":35,"enemies":"WA_ARCHETYPE_RETAIN","floor":16,"turns":6},{"damage":10,"enemies":"Chosen","floor":19,"turns":5},{"damage":35,"enemies":"downfall:FleeingMerchant","floor":21,"turns":6},{"damage":25,"enemies":"Centurion and Healer","floor":22,"turns":6},{"damage":1,"enemies":"Snecko","floor":23,"turns":5},{"damage":6,"enemies":"Snake Plant","floor":26,"turns":4},{"damage":16,"enemies":"Gremlin Leader","floor":28,"turns":9},{"damage":5,"enemies":"Cultist and Chosen","floor":29,"turns":4},{"damage":11,"enemies":"Slavers","floor":30,"turns":4},{"damage":20,"enemies":"Centurion and Healer","floor":31,"turns":6},{"damage":0,"enemies":"Snake Plant","floor":32,"turns":3},{"damage":0,"enemies":"SI_MIRROR_ARCHETYPE","floor":33,"turns":6},{"damage":0,"enemies":"2 Orb Walkers","floor":38,"turns":4},{"damage":10,"enemies":"3 Darklings","floor":39,"turns":3},{"damage":1,"enemies":"Reptomancer","floor":42,"turns":4},{"damage":10,"enemies":"3 Shapes","floor":44,"turns":3},{"damage":4,"enemies":"Jaw Worm Horde","floor":45,"turns":3},{"damage":0,"enemies":"Writhing Mass","floor":46,"turns":3},{"damage":5,"enemies":"Giant Head","floor":48,"turns":5},{"damage":0,"enemies":"4 Shapes","floor":49,"turns":3},{"damage":27,"enemies":"DF_ARCHETYPE_ORBS","floor":50,"turns":7}],"seed_played":"-7929795509226020469","potions_obtained":[{"floor":4,"key":"Energy Potion"},{"floor":8,"key":"Fire Potion"},{"floor":10,"key":"SpeedPotion"},{"floor":14,"key":"Slimebound:ThreeZeroPotion"},{"floor":16,"key":"SteroidPotion"},{"floor":23,"key":"Energy Potion"},{"floor":28,"key":"AttackPotion"},{"floor":32,"key":"LiquidMemories"},{"floor":39,"key":"Dexterity Potion"}],"is_trial":false,"path_per_floor":["R","M","M","M","$","E","T","E","R","E","R","M","T","E","M","B",null,"R","M","?","$","M","M","T","R","M","R","E","M","E","M","M","B",null,"R","T","?","?","M","R","T","E","R","M","M","M","R","E","M","B",null],"character_chosen":"THE_CHAMP","items_purchased":["Incense Burner","Membership Card","champ:BringItOn"],"campfire_rested":0,"item_purchase_floors":[5,21,21],"current_hp_per_floor":[90,90,85,85,85,77,77,71,71,71,71,62,62,75,75,60,90,90,90,90,85,85,84,84,84,83,83,90,90,89,89,89,89,90,90,90,90,90,90,90,90,89,89,89,85,90,90,90,90,83],"gold":557,"neow_bonus":"BOSS_RELIC","is_daily":false,"chose_seed":false,"campfire_upgraded":10,"win_rate":0.0,"timestamp":1612133862,"path_taken":["R","M","M","M","$","E","T","E","R","E","R","M","?","E","M","BOSS","R","M","?","$","M","M","T","R","?","R","E","M","E","M","M","BOSS","R","?","?","?","M","R","T","E","R","M","M","M","R","E","M","BOSS"],"items_purchased_type":["Relic","Relic","Card"],"build_version":"2020-12-22","purchased_purges":1,"victory":true,"max_hp_per_floor":[90,90,90,90,90,90,90,90,90,90,90,90,90,90,90,90,90,90,90,90,90,90,90,90,90,90,90,90,90,90,90,90,90,90,90,90,90,90,90,90,90,90,90,90,90,90,90,90,90,90],"relic_stats":{"counters":[31,138],"CeramicFish":54,"PreservedInsect":183,"War Paint":["champ:BringItOn","champ:FancyFootwork"],"Smiling Mask":-12,"Boot":[83],"Blood Vial":0,"Centennial Puzzle":[60],"Dream Catcher":0,"Mummified Hand":[98],"Gambling Chip":[12],"Tiny Chest":1,"MealTicket":0,"Black Star":4,"obtain_stats":[{"CeramicFish":24,"sneckomod:BlankCard":42,"champ:ChampionCrown":0,"downfall:HeartBlessingGreen":9,"Incense Burner":5,"Smiling Mask":10,"Boot":13,"Blood Vial":48,"Centennial Puzzle":6,"Dream Catcher":48,"Mummified Hand":14,"champ:DefensiveTrainingManual":28,"Gambling Chip":38,"Tiny Chest":7,"MealTicket":30,"Velvet Choker":0,"PreservedInsect":41,"Guardian:PocketSentry":28,"War Paint":42,"CaptainsWheel":36,"Molten Egg 2":8,"Black Star":17,"Bag of Marbles":30,"Coffee Dripper":34,"Membership Card":21},{"CeramicFish":15,"sneckomod:BlankCard":25,"champ:ChampionCrown":0,"downfall:HeartBlessingGreen":6,"Incense Burner":4,"Smiling Mask":7,"Boot":8,"Blood Vial":29,"Centennial Puzzle":5,"Dream Catcher":29,"Mummified Hand":9,"champ:DefensiveTrainingManual":17,"Gambling Chip":23,"Tiny Chest":5,"MealTicket":19,"Velvet Choker":0,"PreservedInsect":24,"Guardian:PocketSentry":17,"War Paint":25,"CaptainsWheel":22,"Molten Egg 2":6,"Black Star":11,"Bag of Marbles":19,"Coffee Dripper":22,"Membership Card":13},{"CeramicFish":68,"sneckomod:BlankCard":114,"champ:ChampionCrown":0,"downfall:HeartBlessingGreen":27,"Incense Burner":13,"Smiling Mask":32,"Boot":34,"Blood Vial":128,"Centennial Puzzle":20,"Dream Catcher":128,"Mummified Hand":37,"champ:DefensiveTrainingManual":81,"Gambling Chip":107,"Tiny Chest":20,"MealTicket":89,"Velvet Choker":0,"PreservedInsect":110,"Guardian:PocketSentry":81,"War Paint":114,"CaptainsWheel":103,"Molten Egg 2":27,"Black Star":46,"Bag of Marbles":89,"Coffee Dripper":103,"Membership Card":57}]},"card_choices":[{"not_picked":["champ:BringItOn","champ:GutPunch"],"picked":"champ:ShieldWall","floor":2},{"not_picked":["champ:EndlessRage","champ:GutPunch"],"picked":"champ:RageSigil","floor":3},{"not_picked":["champ:GladiatorStyle","champ:DeathBlow"],"picked":"champ:FocusedDefense","floor":4},{"not_picked":["champ:Circumvent","champ:StanceDance"],"picked":"champ:IgnorePain","floor":5},{"not_picked":["champ:CrownThrow","champ:Backstep"],"picked":"champ:ShieldWall","floor":6},{"not_picked":["champ:RapidStrikes+1","champ:BerserkersShout"],"picked":"champ:TornadoPunch+1","floor":8},{"not_picked":["champ:EnchantShield","champ:EnGarde"],"picked":"champ:FlashCut+1","floor":10},{"not_picked":["champ:Haymaker+1","champ:GutPunch+1"],"picked":"champ:DefensiveStyle","floor":12},{"not_picked":["champ:GutPunch+1","champ:ShieldSlam","champ:RecklessLeap+1"],"picked":"SKIP","floor":14},{"not_picked":["champ:RisingSlash+1","champ:FlashCut+1"],"picked":"champ:DefensiveShout","floor":15},{"not_picked":["champ:UltimateStance","champ:LastStand"],"picked":"champ:CheapShot+1","floor":16},{"not_picked":["champ:StanceDance","champ:ShieldSigil"],"picked":"champ:ShieldWall","floor":19},{"not_picked":["champ:CrownThrow+1","champ:TornadoPunch+1"],"picked":"champ:DefensiveStyle","floor":21},{"not_picked":["champ:SwordSigil","champ:DefensiveStyle","champ:BringItOn"],"picked":"SKIP","floor":22},{"not_picked":["champ:IronFortress","champ:CrownThrow+1","champ:FaceSlap+1"],"picked":"SKIP","floor":23},{"not_picked":["champ:Endure","champ:EnragedBash+1","champ:BerserkerStyle"],"picked":"SKIP","floor":26},{"not_picked":["champ:AdrenalArmor","champ:TornadoPunch+1"],"picked":"champ:PreemptiveStrike+1","floor":28},{"not_picked":["champ:Encircle+1","champ:Shatter+1","champ:Endure"],"picked":"SKIP","floor":29},{"not_picked":["champ:AdrenalArmor","champ:Endure"],"picked":"champ:SteelEdge+1","floor":30},{"not_picked":["champ:CalledShot","champ:DefensiveShout","champ:Shatter+1"],"picked":"SKIP","floor":31},{"not_picked":["champ:EnragedBash+1","champ:GutPunch+1"],"picked":"champ:EnGarde+1","floor":32},{"not_picked":["champ:GladiatorForm","champ:SwordThrow+1"],"picked":"champ:ShieldThrow+1","floor":33},{"not_picked":["champ:RecklessLeap+1","champ:CrownThrow+1"],"picked":"champ:Duel+1","floor":39},{"not_picked":["champ:FocusedBerserking+1","champ:FalseCounter+1"],"picked":"champ:FlashCut+1","floor":42},{"not_picked":["champ:PerfectedStrike+1","champ:TornadoPunch+1","champ:RisingSlash+1"],"picked":"SKIP","floor":44},{"not_picked":["champ:RapidStrikes+1","champ:PreemptiveStrike+1","champ:DefensiveStyle"],"picked":"SKIP","floor":45},{"not_picked":["champ:Haymaker+1","champ:Shatter+1","champ:ShieldSigil"],"picked":"SKIP","floor":46},{"not_picked":["champ:Shatter+1","champ:PreemptiveStrike+1","champ:CrookedStrike+1"],"picked":"SKIP","floor":48},{"not_picked":["champ:EnragedBash+1","champ:IronFortress+1","champ:DefensiveShout"],"picked":"SKIP","floor":49}],"player_experience":592122,"relics_obtained":[{"floor":6,"key":"Centennial Puzzle"},{"floor":7,"key":"Tiny Chest"},{"floor":8,"key":"Molten Egg 2"},{"floor":10,"key":"Smiling Mask"},{"floor":13,"key":"Boot"},{"floor":14,"key":"Mummified Hand"},{"floor":24,"key":"CeramicFish"},{"floor":28,"key":"Guardian:PocketSentry"},{"floor":28,"key":"champ:DefensiveTrainingManual"},{"floor":30,"key":"Bag of Marbles"},{"floor":30,"key":"MealTicket"},{"floor":36,"key":"CaptainsWheel"},{"floor":38,"key":"Gambling Chip"},{"floor":41,"key":"PreservedInsect"},{"floor":42,"key":"sneckomod:BlankCard"},{"floor":42,"key":"War Paint"},{"floor":48,"key":"Dream Catcher"},{"floor":48,"key":"Blood Vial"}],"event_choices":[{"cards_removed":["champ:Defend"],"damage_healed":0,"gold_gain":0,"player_choice":"Removed Skill","damage_taken":0,"max_hp_gain":0,"max_hp_loss":0,"event_name":"Falling","floor":37,"gold_loss":0},{"damage_healed":0,"gold_gain":0,"player_choice":"Fight","damage_taken":0,"max_hp_gain":0,"max_hp_loss":0,"event_name":"Mysterious Sphere","floor":38,"gold_loss":0}],"is_beta":false,"boss_relics":[{"not_picked":["Cursed Key","Busted Crown"],"picked":"Black Star"},{"not_picked":["Philosopher\u0027s Stone","SlaversCollar"],"picked":"Coffee Dripper"}],"items_purged_floors":[21],"is_endless":false,"potions_floor_spawned":[4,8,10,12,14,16,23,26,28,32,39,44,45,48],"ascension_level":3}}