{"host":"6p0attdrtjqaih7v","time":1612052173,"event":{"mods":["2.2 Compatiblity","AchievementEnabler","Bard","BaseMod","Better Skull","Better Third Choice","Colored Powertips","Hermit","Highlight Path","Key Reminder","Minty Spire (QoL Compilation)","Permanent Neow","Quick Restart","Random Character Button","Relic Stats","Replay The Spire","Robot Space Explorer","StSLib","The Witch"],"gold_per_floor":[110,260,260,49,61,89,89,118,142,156,188,188,188,201,201,280,280,299,309,73,83,94,94,123,136,136,136,165,182,182,198,198,272,272,286,286,297,297,310,310,78,78,102,102,133,144,158,169,169,169,169],"floor_reached":50,"language":"ENG","playtime":5758,"items_purged":["bard:Strike","bard:ViciousMockery"],"score":1368,"play_id":"9e3b658d-0628-459f-a331-99629637cbca","local_time":"20210130191613","is_ascension_mode":true,"campfire_choices":[{"data":"bard:GreaterMagicWeapon","floor":7.0,"key":"SMITH"},{"data":"bard:Inspire","floor":12.0,"key":"SMITH"},{"data":"bard:LifeDrain","floor":15.0,"key":"SMITH"},{"data":"bard:FingerOfDeath","floor":23.0,"key":"SMITH"},{"floor":27.0,"key":"REST"},{"data":"bard:LifeDrain","floor":30.0,"key":"SMITH"},{"data":"bard:Shifting","floor":32.0,"key":"SMITH"},{"data":"bard:MnemonicVestments","floor":40,"key":"SMITH"},{"data":"bard:ReverseGravity","floor":42,"key":"SMITH"},{"floor":49,"key":"REST"}],"circlet_count":0,"master_deck":["AscendersBane","bard:Defend","bard:Defend+1","bard:Defend+1","bard:Riposte","bard:Inspire+1","bard:GuardPoint","bard:LingeringEcho","bard:FirstStrike","bard:GreaterMagicWeapon+1","bard:EchoEcho","bard:Thunderwave","bard:LifeDrain+1","bard:FingerOfDeath+1","bard:ViciousMockery","bard:Heroism","bard:Sift","bard:Solo+1","bard:ReverseGravity+1","bard:TinyHut","bard:FalseLife","bard:Flourish+1","bard:LifeDrain+1","bard:Shifting+1","bard:MnemonicVestments+1","bard:EnGarde+1","bard:GlyphOfWarding+1","bard:PowerWordStun+1","bard:Flourish","bard:LingeringEcho","Pot Of Greed","Pot Of Greed","Pot Of Greed"],"relics":["bard:PitchPipe","bard:BagPipes","Replay:Kaleidoscope","War Paint","HornCleat","keyreminder:keyreminder","Bag of Preparation","Gremlin Food","bard:DeepVero","Orrery","Quantum Egg","Replay:WaspNest","Singing Bowl","Astrolabe","Grinning Jar","Nunchaku"],"acts_visited":["Exordium","TheCity","TheBeyond"],"potions_floor_usage":[48,50],"damage_taken":[{"damage":1.0,"enemies":"Cultist","floor":1.0,"turns":4.0},{"damage":0.0,"enemies":"Small Slimes","floor":5.0,"turns":2.0},{"damage":16.0,"enemies":"Lagavulin","floor":6.0,"turns":10.0},{"damage":12.0,"enemies":"Gremlin Nob","floor":8.0,"turns":2.0},{"damage":0.0,"enemies":"Jaw Worm","floor":10.0,"turns":2.0},{"damage":0.0,"enemies":"3 Sentries","floor":11.0,"turns":5.0},{"damage":0.0,"enemies":"Gremlin Gang","floor":14.0,"turns":3.0},{"damage":0.0,"enemies":"The Guardian","floor":16.0,"turns":10.0},{"damage":11.0,"enemies":"Spheric Guardian","floor":18.0,"turns":4.0},{"damage":0.0,"enemies":"2 Thieves","floor":19.0,"turns":3.0},{"damage":7.0,"enemies":"Snecko","floor":21.0,"turns":5.0},{"damage":1.0,"enemies":"Sentry and Sphere","floor":22.0,"turns":4.0},{"damage":0.0,"enemies":"Slavers","floor":24.0,"turns":4.0},{"damage":0.0,"enemies":"Snake Plant","floor":25.0,"turns":4.0},{"damage":6.0,"enemies":"Gremlin Leader","floor":28.0,"turns":6.0},{"damage":0.0,"enemies":"Cultist and Chosen","floor":29.0,"turns":3.0},{"damage":0.0,"enemies":"Snecko","floor":31.0,"turns":3.0},{"damage":12.0,"enemies":"Collector","floor":33.0,"turns":9.0},{"damage":0,"enemies":"Orb Walker","floor":35,"turns":3},{"damage":0,"enemies":"3 Darklings","floor":37,"turns":4},{"damage":0,"enemies":"Spire Growth","floor":39,"turns":4},{"damage":0,"enemies":"Nemesis","floor":45,"turns":5},{"damage":1,"enemies":"Jaw Worm Horde","floor":46,"turns":2},{"damage":0,"enemies":"Maw","floor":47,"turns":7},{"damage":11,"enemies":"Writhing Mass","floor":48,"turns":7},{"damage":109,"enemies":"Donu and Deca","floor":50,"turns":7}],"seed_played":"5682887372669285489","potions_obtained":[{"floor":1.0,"key":"Death Potion"},{"floor":5.0,"key":"Flashbang"},{"floor":14.0,"key":"Fire Potion"},{"floor":19.0,"key":"Energy Potion"},{"floor":25.0,"key":"Ancient Potion"},{"floor":39,"key":"Block Potion"}],"is_trial":false,"path_per_floor":["M","?","?","$","M","E","R","E","T","M","E","R","?","M","R","B",null,"M","M","$","M","M","R","E","M","T","R","E","M","R","M","R","B",null,"M","?","M","?","M","R","$","R","T","?","E","M","M","M","R","B"],"character_chosen":"BARD","items_purchased":["bard:LingeringEcho","bard:FirstStrike","Orrery","bard:ReverseGravity","bard:LingeringEcho","Regen Potion"],"campfire_rested":2,"item_purchase_floors":[4,4,20,20,41,41],"current_hp_per_floor":[58,58,58,58,58,42,42,30,30,30,30,30,30,30,30,30,53,42,42,42,35,34,34,34,34,34,52,46,46,46,48,48,36,56,58,58,58,60,62,62,62,62,62,62,64,65,67,58,76,0,0],"gold":169,"neow_bonus":"ONE_RARE_RELIC","is_daily":false,"chose_seed":false,"campfire_upgraded":8,"win_rate":0.0,"timestamp":1612052173,"path_taken":["M","?","?","$","M","E","R","E","T","?","E","R","?","M","R","BOSS","M","?","$","M","?","R","E","M","T","R","E","M","R","M","R","BOSS","M","?","M","?","M","R","$","R","T","?","E","M","?","M","R","BOSS"],"items_purchased_type":["Card","Card","Relic","Card","Card","Potion"],"build_version":"2020-12-22","purchased_purges":2,"victory":false,"max_hp_per_floor":[60,60,60,60,60,60,60,60,60,60,60,60,60,60,60,60,60,60,60,60,60,60,60,60,60,60,60,60,60,60,62,62,62,62,64,64,64,66,68,68,68,68,68,68,70,72,74,76,76,76,76],"relic_stats":{"Nunchaku":[4],"Singing Bowl":16,"counters":[26,122],"Astrolabe":["bard:EnGarde","bard:GlyphOfWarding","bard:PowerWordStun"],"Bag of Preparation":[44],"War Paint":["bard:Defend","bard:Defend"],"obtain_stats":[{"Gremlin Food":11,"bard:BagPipes":0,"bard:PitchPipe":0,"Singing Bowl":28,"Quantum Egg":24,"Astrolabe":34,"Replay:WaspNest":26,"Bag of Preparation":9,"Replay:Kaleidoscope":0,"War Paint":6,"keyreminder:keyreminder":8,"Nunchaku":45,"HornCleat":8,"bard:DeepVero":17,"Orrery":20,"Grinning Jar":43},{"Gremlin Food":6,"bard:BagPipes":0,"bard:PitchPipe":0,"Singing Bowl":15,"Quantum Egg":13,"Astrolabe":18,"Replay:WaspNest":14,"Bag of Preparation":4,"Replay:Kaleidoscope":0,"War Paint":3,"keyreminder:keyreminder":4,"Nunchaku":22,"HornCleat":4,"bard:DeepVero":8,"Orrery":10,"Grinning Jar":21},{"Gremlin Food":25,"bard:BagPipes":0,"bard:PitchPipe":0,"Singing Bowl":68,"Quantum Egg":58,"Astrolabe":83,"Replay:WaspNest":62,"Bag of Preparation":18,"Replay:Kaleidoscope":0,"War Paint":16,"keyreminder:keyreminder":18,"Nunchaku":99,"HornCleat":18,"bard:DeepVero":38,"Orrery":45,"Grinning Jar":94}]},"card_choices":[{"not_picked":["bard:BucklerBash","bard:Rest"],"picked":"bard:GuardPoint","floor":1.0},{"not_picked":["bard:Parry","bard:PrismaticSpray"],"picked":"bard:ViciousMockery","floor":5.0},{"not_picked":["bard:GlyphOfWarding","bard:Aphasia"],"picked":"bard:GreaterMagicWeapon","floor":6.0},{"not_picked":["bard:GreaterMagicWeapon","bard:StudiedStrike"],"picked":"bard:EchoEcho","floor":8.0},{"not_picked":["bard:EchoEcho","bard:TinyHut"],"picked":"bard:Thunderwave","floor":10.0},{"not_picked":["bard:LingeringPerformance","bard:Thunderwave","bard:Accelerando"],"picked":"SKIP","floor":11.0},{"not_picked":["bard:CuttingWords","bard:FeastOnFear"],"picked":"bard:LifeDrain","floor":14.0},{"not_picked":["bard:CovetousAura","bard:DeathMetal"],"picked":"bard:FingerOfDeath","floor":16.0},{"not_picked":["bard:InspiringSong","bard:Gamble","bard:CuttingWords"],"picked":"SKIP","floor":18.0},{"not_picked":["bard:Gamble","bard:Fermata"],"picked":"bard:ViciousMockery","floor":19.0},{"not_picked":["bard:Shout","bard:Sonata"],"picked":"bard:Heroism","floor":20.0},{"not_picked":["bard:CuttingWords","bard:BucklerBash"],"picked":"bard:Sift","floor":20.0},{"not_picked":["bard:ViciousMockery","bard:BucklerBash"],"picked":"bard:Solo","floor":20.0},{"not_picked":["bard:Gamble","bard:CuttingWords","bard:SongBolt"],"picked":"SKIP","floor":21.0},{"not_picked":["bard:Sift","bard:QuickSong"],"picked":"bard:TinyHut","floor":22.0},{"not_picked":["bard:LingeringEcho","bard:Sift+1"],"picked":"bard:FalseLife","floor":24.0},{"not_picked":["bard:InspiringSong","bard:BucklerBash"],"picked":"bard:Flourish","floor":25.0},{"not_picked":["bard:BucklerBash","bard:Gamble"],"picked":"bard:LifeDrain","floor":28.0},{"not_picked":["bard:InspiringSong","bard:SongBolt"],"picked":"bard:Shifting","floor":29.0},{"not_picked":["bard:SongBolt","bard:ViciousMockery","bard:ThickOfTheFight"],"picked":"Singing Bowl","floor":31.0},{"not_picked":["bard:MagnumOpus","bard:Rhapsody"],"picked":"bard:MnemonicVestments","floor":33.0},{"not_picked":["bard:ViciousMockery+1","bard:Sift","bard:EchoEcho"],"picked":"Singing Bowl","floor":35},{"not_picked":["bard:FeastOnFear","bard:Gamble+1"],"picked":"bard:Flourish","floor":37},{"not_picked":["Crow Ritual","Panache","Chrysalis"],"picked":"Singing Bowl","floor":38},{"not_picked":["bard:QuickSong","bard:InspiringSong","bard:CuttingWords"],"picked":"Singing Bowl","floor":39},{"not_picked":["bard:Sift","bard:GlyphOfWarding","bard:Gamble+1"],"picked":"Singing Bowl","floor":45},{"not_picked":["bard:Thunderwave","bard:Fermata+1","bard:LingeringEcho"],"picked":"Singing Bowl","floor":46},{"not_picked":["bard:InspiringSong","bard:Sonata","bard:TinyHut"],"picked":"Singing Bowl","floor":47},{"not_picked":["bard:BucklerBash+1","bard:Doot","bard:LingeringEcho"],"picked":"Singing Bowl","floor":48}],"player_experience":937664,"relics_obtained":[{"floor":6.0,"key":"War Paint"},{"floor":8.0,"key":"HornCleat"},{"floor":9.0,"key":"Bag of Preparation"},{"floor":11.0,"key":"Gremlin Food"},{"floor":24.0,"key":"Quantum Egg"},{"floor":26.0,"key":"Replay:WaspNest"},{"floor":28.0,"key":"Singing Bowl"},{"floor":43,"key":"Grinning Jar"},{"floor":45,"key":"Nunchaku"}],"event_choices":[{"damage_healed":0.0,"max_hp_gain":0.0,"max_hp_loss":0.0,"gold_gain":150.0,"event_name":"Liars Game","player_choice":"AGREE","floor":2.0,"gold_loss":0.0,"damage_taken":0.0,"cards_obtained":["Doubt"]},{"cards_removed":["Doubt"],"damage_healed":0.0,"max_hp_gain":0.0,"max_hp_loss":0.0,"gold_gain":0.0,"event_name":"Fountain of Cleansing","player_choice":"Removed Curses","floor":3.0,"gold_loss":0.0,"damage_taken":0.0},{"cards_removed":["bard:Strike"],"damage_healed":0.0,"max_hp_gain":0.0,"max_hp_loss":0.0,"gold_gain":0.0,"event_name":"Purifier","player_choice":"Purged","floor":13.0,"gold_loss":0.0,"damage_taken":0.0},{"damage_healed":0,"gold_gain":0,"player_choice":"Ignored","damage_taken":0,"max_hp_gain":0,"max_hp_loss":0,"event_name":"Tomb of Lord Red Mask","floor":36,"gold_loss":0},{"damage_healed":0,"gold_gain":0,"player_choice":"Memory 1","damage_taken":0,"max_hp_gain":0,"max_hp_loss":0,"event_name":"SensoryStone","floor":38,"gold_loss":0},{"damage_healed":0,"gold_gain":0,"player_choice":"0 cards matched","damage_taken":0,"max_hp_gain":0,"max_hp_loss":0,"event_name":"Match and Keep!","floor":44,"gold_loss":0,"cards_obtained":[]}],"is_beta":false,"boss_relics":[{"not_picked":["Painkiller Herb","Abe\u0027s Treasure"],"picked":"bard:DeepVero"},{"not_picked":["ChewingGum","Sozu"],"picked":"Astrolabe"}],"items_purged_floors":[4,41],"is_endless":false,"potions_floor_spawned":[1,5,14,19,21,25,28,31,39,47],"killed_by":"Donu and Deca","ascension_level":20}}