{"host":"tmgdm9kau0qip004","time":1612065148,"event":{"mods":["BaseMod","Downfall","KinomotoSakuraMod(木之本樱)","Marisa（F雨　魔理沙）","Minty Spire (QoL Compilation)","READ ME - Guardian Mod","Remilia（蕾米莉亚）","StSLib"],"gold_per_floor":[117,117,117,82,82,82,101,101,101,101,129,129,53,64,64,169,219,235,245,264,264,264,264,264,264,264,179,179,194,194,50,50,145,145,158,7,0,0,0,0,0,0,0,12,12,12,25,25,25,25,25,25],"floor_reached":50,"language":"ZHS","playtime":1479,"items_purged":[],"score":480,"play_id":"a709e784-9ba4-4390-99ba-a8812565d233","local_time":"20210131115228","daily_mods":["Shiny","Vintage","Heirloom","Time Dilation","Flight"],"is_ascension_mode":false,"campfire_choices":[{"data":"hexamod:GhostflameInferno","floor":6,"key":"SMITH"},{"data":"hexamod:HexaLevel","floor":8,"key":"SMITH"},{"data":"hexamod:SearingWound","floor":10,"key":"SMITH"},{"floor":15,"key":"REST"},{"data":"hexamod:VolcanoVisage","floor":23,"key":"SMITH"},{"data":"hexamod:SoulSteal","floor":24,"key":"SMITH"},{"data":"hexamod:GhostOfSpirePresent","floor":25,"key":"SMITH"},{"data":"hexamod:VolcanoVisage","floor":28,"key":"SMITH"},{"data":"hexamod:WildfireWeapon","floor":30,"key":"SMITH"},{"floor":32,"key":"REST"},{"floor":40,"key":"REST"},{"data":"hexamod:ParanormalForm","floor":41,"key":"SMITH"},{"data":"hexamod:TimeWarp","floor":42,"key":"SMITH"},{"floor":46,"key":"REST"},{"floor":49,"key":"REST"}],"circlet_count":0,"master_deck":["hexamod:UnleashSpirits+1","hexamod:HexaLevel+1","hexamod:SixthSeal","hexamod:WildfireWeapon+1","hexamod:VolcanoVisage+1","hexamod:TimeOfNeed+1","hexamod:FifthSeal","hexamod:ForkedFlame+1","hexamod:SearingWound+1","hexamod:GhostflameInferno+1","hexamod:ParanormalForm+1","hexamod:UnlimitedPower+1","hexamod:TurnItUp+1","hexamod:TimeWarp+1","hexamod:GhostOfSpirePresent+1","hexamod:HeatMetal+1","hexamod:Incineration+1","hexamod:VolcanoVisage+1","hexamod:SoulSteal+1","hexamod:FifthSeal","hexamod:FirstSeal","hexamod:FourthSeal","hexamod:SecondSeal"],"relics":["hexamod:SpiritBrand","Calipers","hexamod:MatchstickCase","hexamod:CandleOfCauterizing","StoneCalendar","Pen Nib","Happy Flower","Anchor","Tiny House","Strawberry","Whetstone","Boot","Kunai","Darkstone Periapt","Art of War","Regal Pillow","PreservedInsect","War Paint","Red Mask","champ:DuelingGlove","hexamod:InflammatoryLetter","hexamod:Sixitude"],"acts_visited":["Exordium","TheCity","TheBeyond"],"potions_floor_usage":[29,50,50],"damage_taken":[{"damage":16,"enemies":"Jaw Worm","floor":1,"turns":4},{"damage":1,"enemies":"Cultist","floor":7,"turns":3},{"damage":31,"enemies":"3 Sentries","floor":11,"turns":7},{"damage":5,"enemies":"2 Louse","floor":14,"turns":2},{"damage":45,"enemies":"Hexaghost","floor":16,"turns":6},{"damage":22,"enemies":"Shell Parasite","floor":18,"turns":5},{"damage":10,"enemies":"Spheric Guardian","floor":19,"turns":3},{"damage":27,"enemies":"Snake Plant","floor":20,"turns":3},{"damage":3,"enemies":"Cultist and Chosen","floor":29,"turns":5},{"damage":56,"enemies":"Champ","floor":33,"turns":6},{"damage":69,"enemies":"3 Darklings","floor":35,"turns":6},{"damage":18,"enemies":"3 Shapes","floor":44,"turns":4},{"damage":59,"enemies":"Sphere and 2 Shapes","floor":47,"turns":6},{"damage":91,"enemies":"Awakened One","floor":50,"turns":4}],"seed_played":"1888172481728909583","potions_obtained":[{"floor":11,"key":"Fire Potion"},{"floor":17,"key":"Swift Potion"},{"floor":18,"key":"FearPotion"},{"floor":29,"key":"Fruit Juice"},{"floor":44,"key":"SmokeBomb"}],"is_trial":true,"path_per_floor":["M","?","$","?","$","R","M","R","T","R","E","T","$","M","R","B",null,"M","M","M","$","?","R","R","R","T","?","R","M","R","$","R","B",null,"M","$","?","$","?","R","R","R","T","M","?","R","M","$","R","B"],"character_chosen":"THE_SPIRIT","items_purchased":["hexamod:Incineration","Regal Pillow","War Paint"],"campfire_rested":5,"item_purchase_floors":[13,31,36],"current_hp_per_floor":[54,59,59,75,75,75,74,74,74,74,43,43,43,38,60,15,80,65,55,28,28,57,57,57,57,57,57,57,59,59,59,92,36,92,23,23,23,23,23,65,65,65,65,54,54,92,40,40,82,0,0,0],"gold":25,"neow_bonus":"","is_daily":false,"chose_seed":false,"campfire_upgraded":10,"win_rate":0.0,"timestamp":1612065148,"path_taken":["M","?","$","?","?","R","?","R","T","R","E","?","$","M","R","BOSS","M","?","?","$","?","R","R","R","T","?","R","M","R","$","R","BOSS","M","$","?","$","?","R","R","R","T","M","?","R","?","?","R","BOSS"],"items_purchased_type":["Card","Relic","Relic"],"build_version":"2020-12-22","purchased_purges":0,"victory":false,"max_hp_per_floor":[70,75,75,75,75,75,75,75,75,75,75,75,75,75,75,75,80,87,87,87,87,87,87,87,87,87,87,87,92,92,92,92,92,92,92,92,92,92,92,92,92,92,92,92,92,92,92,92,92,92,92,92],"card_choices":[{"not_picked":["hexamod:HauntingEcho","hexamod:SpectralAdrenaline"],"picked":"hexamod:HeatMetal","floor":11},{"not_picked":["hexamod:SearingWound","hexamod:TurnItUp"],"picked":"hexamod:VolcanoVisage","floor":16},{"not_picked":["hexamod:NightmareStrike","hexamod:NightmareGuise"],"picked":"hexamod:SoulSteal","floor":17},{"not_picked":["hexamod:ForkedFlame","hexamod:TimeWarp"],"picked":"hexamod:FifthSeal","floor":33},{"not_picked":["hexamod:FourthSeal","hexamod:ThirdSeal"],"picked":"hexamod:FirstSeal","floor":35},{"not_picked":["hexamod:FirstSeal","hexamod:SixthSeal"],"picked":"hexamod:FourthSeal","floor":35},{"not_picked":["hexamod:FourthSeal","hexamod:SixthSeal"],"picked":"hexamod:SecondSeal","floor":47}],"player_experience":140857,"relics_obtained":[{"floor":1,"key":"hexamod:MatchstickCase"},{"floor":7,"key":"hexamod:CandleOfCauterizing"},{"floor":9,"key":"StoneCalendar"},{"floor":11,"key":"Pen Nib"},{"floor":12,"key":"Happy Flower"},{"floor":14,"key":"Anchor"},{"floor":18,"key":"Strawberry"},{"floor":19,"key":"Whetstone"},{"floor":20,"key":"Boot"},{"floor":26,"key":"Kunai"},{"floor":29,"key":"Art of War"},{"floor":35,"key":"PreservedInsect"},{"floor":43,"key":"champ:DuelingGlove"},{"floor":44,"key":"hexamod:InflammatoryLetter"},{"floor":47,"key":"hexamod:Sixitude"}],"event_choices":[{"damage_healed":0,"gold_gain":0,"player_choice":"Donut","damage_taken":0,"max_hp_gain":5,"max_hp_loss":0,"event_name":"Big Fish","floor":2,"gold_loss":0},{"damage_healed":18,"gold_gain":0,"player_choice":"Healed","damage_taken":0,"max_hp_gain":0,"max_hp_loss":0,"event_name":"The Cleric","floor":4,"gold_loss":35},{"damage_healed":29,"gold_gain":0,"player_choice":"Heal","damage_taken":0,"max_hp_gain":0,"max_hp_loss":0,"event_name":"The Library","floor":22,"gold_loss":0},{"damage_healed":0,"gold_gain":0,"player_choice":"Obtained Relic","damage_taken":0,"relics_obtained":["Darkstone Periapt"],"max_hp_gain":0,"max_hp_loss":0,"event_name":"Addict","floor":27,"gold_loss":85},{"damage_healed":0,"gold_gain":0,"player_choice":"Paid","damage_taken":0,"relics_obtained":["Red Mask"],"max_hp_gain":0,"max_hp_loss":0,"event_name":"Tomb of Lord Red Mask","floor":37,"gold_loss":7},{"damage_healed":0,"gold_gain":0,"player_choice":"Memory 1","damage_taken":0,"max_hp_gain":0,"max_hp_loss":0,"event_name":"SensoryStone","floor":45,"gold_loss":0}],"is_beta":false,"boss_relics":[{"not_picked":["Snecko Eye","Empty Cage"],"picked":"Tiny House"},{"not_picked":["Calling Bell","Philosopher\u0027s Stone","Runic Pyramid"]}],"items_purged_floors":[],"is_endless":true,"potions_floor_spawned":[11,18,29,47],"killed_by":"Awakened One","ascension_level":0}}