{"host":"zr590xw2unlz0wv7","time":1612089931,"event":{"mods":["BaseMod","Minty Spire (QoL Compilation)","READ ME - Guardian Mod","StSLib"],"gold_per_floor":[117,117,46,61,27,60,79,79,106,106,135,410,284,296,296,395,395,395,395],"floor_reached":18,"language":"ZHS","playtime":493,"items_purged":["Regret"],"score":241,"play_id":"adcda0fe-1157-47e7-a9b2-c0dacfae4fb1","local_time":"20210131184531","is_ascension_mode":true,"campfire_choices":[{"data":"Eruption","floor":8,"key":"SMITH"},{"floor":10,"key":"RECALL"},{"floor":15,"key":"REST"}],"circlet_count":0,"master_deck":["Strike_P","Strike_P","Strike_P","Defend_P","Defend_P","Defend_P","Defend_P","Eruption+1","Vigilance","InnerPeace","EmptyFist","PathToVictory","PathToVictory","Halt","Alpha"],"relics":["PureWater","NeowsBlessing","Vajra","Gremlin Horn","Boot","Centennial Puzzle","Runic Dome"],"acts_visited":["Exordium","TheCity"],"potions_floor_usage":[],"damage_taken":[{"damage":0,"enemies":"2 Louse","floor":1,"turns":1},{"damage":0,"enemies":"Jaw Worm","floor":4,"turns":1},{"damage":0,"enemies":"3 Sentries","floor":6,"turns":1},{"damage":0,"enemies":"Cultist","floor":7,"turns":2},{"damage":27,"enemies":"Lagavulin","floor":11,"turns":6},{"damage":1,"enemies":"Red Slaver","floor":14,"turns":2},{"damage":25,"enemies":"The Guardian","floor":16,"turns":9},{"damage":61,"enemies":"Spheric Guardian","floor":18,"turns":8}],"seed_played":"-1862435800845685316","potions_obtained":[{"floor":14,"key":"FearPotion"},{"floor":16,"key":"Dexterity Potion"}],"is_trial":false,"path_per_floor":["M","?","?","M","$","E","M","R","T","R","E","?","$","M","R","B",null,"M"],"character_chosen":"WATCHER","items_purchased":["InnerPeace","PathToVictory"],"campfire_rested":1,"item_purchase_floors":[5,13],"current_hp_per_floor":[72,65,65,65,65,65,65,65,65,65,38,38,38,37,58,33,62,1,1],"gold":395,"neow_bonus":"THREE_ENEMY_KILL","is_daily":false,"chose_seed":false,"campfire_upgraded":1,"win_rate":0.0,"timestamp":1612089931,"path_taken":["M","?","?","?","?","E","M","R","T","R","E","?","$","?","R","BOSS","M"],"items_purchased_type":["Card","Card"],"build_version":"2020-12-22","purchased_purges":1,"victory":false,"max_hp_per_floor":[72,72,72,72,72,72,72,72,72,72,72,72,72,72,72,72,72,72,72],"card_choices":[{"not_picked":["FlurryOfBlows","FollowUp","Fasting2"],"picked":"SKIP","floor":1},{"not_picked":["BowlingBash","Evaluate","Protect"],"picked":"SKIP","floor":4},{"not_picked":["BattleHymn","Wallop"],"picked":"EmptyFist","floor":6},{"not_picked":["Scrawl","Perseverance","JustLucky"],"picked":"SKIP","floor":7},{"not_picked":["CutThroughFate","Pray"],"picked":"PathToVictory","floor":11},{"not_picked":["MentalFortress","FlyingSleeves"],"picked":"Halt","floor":14},{"not_picked":["Brilliance","DevaForm"],"picked":"Alpha","floor":16}],"player_experience":547664,"relics_obtained":[{"floor":6,"key":"Gremlin Horn"},{"floor":9,"key":"Boot"},{"floor":11,"key":"Centennial Puzzle"}],"event_choices":[{"cards_removed":["Strike_P"],"damage_healed":0,"gold_gain":0,"player_choice":"Card Removal","damage_taken":7,"max_hp_gain":0,"max_hp_loss":0,"event_name":"Golden Wing","floor":2,"gold_loss":0},{"damage_healed":0,"gold_gain":0,"player_choice":"Paid Gold","damage_taken":0,"relics_obtained":["Vajra"],"max_hp_gain":0,"max_hp_loss":0,"event_name":"WeMeetAgain","floor":3,"gold_loss":71},{"damage_healed":0,"gold_gain":275,"player_choice":"Desecrate","damage_taken":0,"max_hp_gain":0,"max_hp_loss":0,"event_name":"Golden Shrine","floor":12,"gold_loss":0,"cards_obtained":["Regret"]}],"is_beta":false,"boss_relics":[{"not_picked":["Pandora\u0027s Box","Philosopher\u0027s Stone"],"picked":"Runic Dome"}],"items_purged_floors":[13],"is_endless":false,"potions_floor_spawned":[14,16],"killed_by":"Spheric Guardian","ascension_level":5}}