{"host":"5v9rfzf5qju8k9wy","time":1612078179,"event":{"mods":["Act Like it!","Arknights The Spire","BaseMod","Gensokyo","Marisa£®ÏF”Í°°ƒß¿Ì…≥£©","Minty Spire (QoL Compilation)","Reimu£®≤©¿ˆ¡È√Œ£©","Remilia£®¿Ÿ√◊¿Ú—«£©","Replay The Spire","StSLib","The Administrix","Youmu£®ªÍ∆«—˝√Œ£©"],"gold_per_floor":[114,131,131,131,142,142,155,155,233,267,267,8,43,58,58,155,155,170,570,176,276,292,47,47,67,67,67,81,95,111,140,140,140,140],"floor_reached":33,"language":"ZHS","playtime":3390,"items_purged":["Languid"],"score":402,"play_id":"ce8f9bf0-6b35-44c7-9bb1-2c4dccb16ecc","local_time":"20210131152939","is_ascension_mode":false,"campfire_choices":[{"data":"TwoHundredYojanaInOneSlash","floor":6.0,"key":"SMITH"},{"data":"ObsessionSword","floor":8.0,"key":"SMITH"},{"data":"SpiderLilyBurial","floor":15.0,"key":"SMITH"},{"data":"Gensokyo:SpontaneousHumanCombustion","floor":27,"key":"SMITH"},{"data":"ReincarnationSword","floor":32,"key":"SMITH"}],"circlet_count":0,"master_deck":["Strike_YM","Strike_YM","Strike_YM","Defend_YM","Defend_YM","Defend_YM","SlashOfPresentWorld","WheelOfPainOfLivingAndDead","SanzenSekai","TwoHundredYojanaInOneSlash+1","SlashOfDepartureFromHesitation+1","ObsessionSword+1","SpiderLilyBurial+1","TwoHundredYojanaInOneSlash+1","SpiritCuttingSword","TransmigrationSlash+1","FantasyOfEnteringEnlightenment+1","CherryBlossomFlashing+1","HeavenGodSword+1","SlashOfDelusionalInnerEye+1","Gensokyo:Taser","SlashClearingTheSixSenses+1","SlashOfDelusionalInnerEye+1","DoubleWheelOfPain+1","Gensokyo:SpontaneousHumanCombustion+1","Pot Of Greed","Pot Of Greed","Pot Of Greed","CherryBlossomFlashing+1","CelestialStarSword","PretaSword+1","SpiritCuttingSword+1","ReincarnationSword+1"],"relics":["HalfPhantom","NeowsBlessing","Ancient Tea Set","Ring of Misfortune","Ring of Panic","Molten Egg 2","Blue Doll","Replay:Ringing Soul","Empty Cage","Guide Book","PureWhite:ReiMu","CaptainsWheel","ReplayTheSpireMod:Lightbulb","Grinning Jar","RuthlessExorcism:ReiMu","Torii","Akabeko"],"acts_visited":["Gensokyo:Gensokyo","Gensokyo:Gensokyoer"],"potions_floor_usage":[],"damage_taken":[{"damage":0.0,"enemies":"Gensokyo:Python","floor":1.0,"turns":1.0},{"damage":0.0,"enemies":"Gensokyo:Gryphon","floor":2.0,"turns":1.0},{"damage":0.0,"enemies":"Gensokyo:3_Fairies","floor":5.0,"turns":1.0},{"damage":6.0,"enemies":"Gensokyo:3_Kodama","floor":7.0,"turns":5.0},{"damage":6.0,"enemies":"Gensokyo:Cirno","floor":10.0,"turns":8.0},{"damage":0.0,"enemies":"Gensokyo:Mamizou","floor":13.0,"turns":6.0},{"damage":2.0,"enemies":"Gensokyo:Kitsune","floor":14.0,"turns":3.0},{"damage":47.0,"enemies":"Gensokyo:Reimu","floor":16.0,"turns":14.0},{"damage":5.0,"enemies":"Gensokyo:AngelMirror","floor":18.0,"turns":1.0},{"damage":2.0,"enemies":"Gensokyo:AngelMirror","floor":21.0,"turns":6.0},{"damage":0.0,"enemies":"Gensokyo:Chomper","floor":22.0,"turns":2.0},{"damage":35.0,"enemies":"Gensokyo:3_Gloops","floor":25.0,"turns":5.0},{"damage":24,"enemies":"Gensokyo:Slime_Group","floor":28,"turns":3},{"damage":0,"enemies":"Gensokyo:Swordslinger","floor":29,"turns":2},{"damage":0,"enemies":"Gensokyo:Chomper_and_Gloop","floor":30,"turns":2},{"damage":0,"enemies":"Gensokyo:Tenshi","floor":31,"turns":1},{"damage":279,"enemies":"Gensokyo:Eternal_Rivals","floor":33,"turns":6}],"seed_played":"-7039866068774768933","potions_obtained":[{"floor":2.0,"key":"PowerPotion"},{"floor":7.0,"key":"Death Potion"},{"floor":14.0,"key":"Fruit Juice"},{"floor":25.0,"key":"DuplicationPotion"},{"floor":28,"key":"FearPotion"},{"floor":31,"key":"EntropicBrew"}],"is_trial":false,"path_per_floor":["M","M","?","?","M","R","M","R","T","E","?","$","E","M","R","B",null,"M","?","COS","?","M","$","?","M","T","R","M","M","M","E","R","B"],"character_chosen":"YOUMU","items_purchased":["Blue Doll","TransmigrationSlash+1","DoubleWheelOfPain+1","ReplayTheSpireMod:Lightbulb"],"campfire_rested":0,"item_purchase_floors":[12,12,23,23],"current_hp_per_floor":[75,75,60,60,60,60,54,54,54,48,48,48,66,72,72,28,89,92,92,95,96,101,104,97,65,65,65,59,62,65,90,90,0,0],"gold":140,"neow_bonus":"THREE_ENEMY_KILL","is_daily":false,"chose_seed":false,"campfire_upgraded":5,"win_rate":0.0,"timestamp":1612078179,"path_taken":["M","M","?","?","M","R","?","R","T","E","?","$","E","M","R","BOSS","M","?","COS","?","M","$","?","M","T","R","M","M","M","E","R","BOSS"],"items_purchased_type":["Relic","Card","Card","Relic"],"build_version":"2020-12-22","purchased_purges":1,"victory":false,"max_hp_per_floor":[75,75,75,75,75,75,75,75,75,75,75,75,78,86,86,89,89,92,92,95,98,101,104,97,100,100,100,103,106,109,112,112,112,112],"card_choices":[{"not_picked":["HiganSword","PhosphoricSlash"],"picked":"SanzenSekai","floor":1.0},{"not_picked":["HumanRealmSword","SwordOfBindingDesires"],"picked":"TwoHundredYojanaInOneSlash","floor":2.0},{"not_picked":["FastingOfTheYoungPreta","BizarrenessOfSixRealms"],"picked":"SlashOfDepartureFromHesitation","floor":5.0},{"not_picked":["LowerRealmReflectionSlash","LifeCuttingSword"],"picked":"ObsessionSword","floor":7.0},{"not_picked":["TransmigrationSlash+1","ThreeKonsSevenHakus"],"picked":"SpiderLilyBurial","floor":10.0},{"not_picked":["ConstancyOfTheConventionalTruth","HumanKnowledgeSword+1"],"picked":"TwoHundredYojanaInOneSlash+1","floor":11.0},{"not_picked":["ConstancyOfTheConventionalTruth","SwordExtraction"],"picked":"SpiritCuttingSword","floor":11.0},{"not_picked":["LowerRealmReflectionSlash+1","CherryBlossomFlashing+1"],"picked":"FantasyOfEnteringEnlightenment","floor":13.0},{"not_picked":["HumanKnowledgeSword+1","SlashOfDepartureFromHesitation+1"],"picked":"CherryBlossomFlashing+1","floor":14.0},{"not_picked":["ReincarnationSword","SlashOfSaigyouSpringWind"],"picked":"HeavenGodSword+1","floor":16.0},{"not_picked":["CrescentMoonSlash+1","TenKingsRetributionOnThePreta+1"],"picked":"SlashOfDelusionalInnerEye+1","floor":18.0},{"not_picked":["PhosphoricSlash+1","LifeCuttingSword+1"],"picked":"SlashClearingTheSixSenses+1","floor":21.0},{"not_picked":["DispleasureOfTheSevenHakus+1","AsTheSilentNirvana+1"],"picked":"SlashOfDelusionalInnerEye+1","floor":22.0},{"not_picked":["FantasyOfEnteringEnlightenment+1","SanzenSekai+1","SpiritCuttingSword"],"picked":"SKIP","floor":22.0},{"not_picked":["Gensokyo:GapWoman","Gensokyo:HAARP"],"picked":"Gensokyo:SpontaneousHumanCombustion","floor":24.0},{"not_picked":["SanzenSekai+1","SlashOfMeditation+1"],"picked":"CherryBlossomFlashing+1","floor":25.0},{"not_picked":["PhosphoricSlash+1","SwordExtraction+1"],"picked":"CelestialStarSword","floor":28},{"not_picked":["HumanKnowledgeSword+1","EchoesOfTheInclemencyOfAllBeings+1"],"picked":"PretaSword+1","floor":29},{"not_picked":["LifeCuttingSword+1","ConstancyOfTheConventionalTruth+1"],"picked":"SpiritCuttingSword+1","floor":30},{"not_picked":["HellFireSword","CelestialStarSword"],"picked":"ReincarnationSword","floor":31}],"player_experience":108934,"relics_obtained":[{"floor":4.0,"key":"Ring of Misfortune"},{"floor":4.0,"key":"Ring of Panic"},{"floor":9.0,"key":"Molten Egg 2"},{"floor":10.0,"key":"Calipers"},{"floor":13.0,"key":"Replay:Ringing Soul"},{"floor":21.0,"key":"PureWhite:ReiMu"},{"floor":21.0,"key":"CaptainsWheel"},{"floor":26.0,"key":"RuthlessExorcism:ReiMu"},{"floor":31,"key":"Akabeko"}],"event_choices":[],"is_beta":false,"boss_relics":[{"not_picked":["Snecko Eye","SlaversCollar"],"picked":"Empty Cage"}],"items_purged_floors":[12],"is_endless":false,"potions_floor_spawned":[2,7,14,25,28,31],"killed_by":"Gensokyo:Eternal_Rivals","ascension_level":0}}