{"host":"1z4hbl9vfqrhg136","time":1612117597,"event":{"mods":["BaseMod","Minty Spire (QoL Compilation)"],"gold_per_floor":[115,265,28,43,43,43,78,78,78,108,108,133,152,186,186,279,279,299,257,257,96,116,147,147,182,261,261,261,99,138,161,161,259,259,279,303,324,657,39,71,71,106,133,133,147,147,147,147],"floor_reached":47,"language":"ENG","playtime":4814,"items_purged":["Doubt","Strike_R"],"score":1264,"play_id":"f1fe7945-90e6-47de-a092-36efa028a702","local_time":"20210131182637","is_ascension_mode":true,"campfire_choices":[{"data":"True Grit","floor":6.0,"key":"SMITH"},{"data":"Bash","floor":8.0,"key":"SMITH"},{"data":"True Grit","floor":15.0,"key":"SMITH"},{"floor":24.0,"key":"REST"},{"floor":27.0,"key":"REST"},{"floor":32.0,"key":"REST"},{"floor":41.0,"key":"REST"}],"circlet_count":0,"master_deck":["AscendersBane","Strike_R","Strike_R","Strike_R","Defend_R","Defend_R","Defend_R","Defend_R","Bash+1","True Grit+1","Feel No Pain","Shrug It Off","Sword Boomerang","Cleave","Feel No Pain","Wild Strike+1","True Grit+1","Demon Form","Headbutt","Evolve","Disarm","Burning Pact+1","Feel No Pain","Clothesline+1","Armaments","Second Wind+1","Feed+1","Offering","Metallicize+1","Whirlwind","Barricade","Corruption","Havoc+1","Warcry+1","Panache"],"relics":["Burning Blood","Regal Pillow","Bronze Scales","Pocketwatch","Dream Catcher","Red Skull","StoneCalendar","Fusion Hammer","CaptainsWheel","Turnip","HornCleat","Frozen Eye","Whetstone","Mark of Pain","OrangePellets","Question Card","Boot","Toxic Egg 2"],"acts_visited":["Exordium","TheCity","TheBeyond"],"potions_floor_usage":[],"damage_taken":[{"damage":4.0,"enemies":"2 Louse","floor":1.0,"turns":3.0},{"damage":4.0,"enemies":"Jaw Worm","floor":4.0,"turns":5.0},{"damage":12.0,"enemies":"3 Sentries","floor":7.0,"turns":15.0},{"damage":52.0,"enemies":"Gremlin Nob","floor":10.0,"turns":5.0},{"damage":0.0,"enemies":"Small Slimes","floor":12.0,"turns":3.0},{"damage":2.0,"enemies":"Exordium Wildlife","floor":13.0,"turns":6.0},{"damage":12.0,"enemies":"Lagavulin","floor":14.0,"turns":7.0},{"damage":0.0,"enemies":"Slime Boss","floor":16.0,"turns":5.0},{"damage":15.0,"enemies":"Spheric Guardian","floor":18.0,"turns":5.0},{"damage":10.0,"enemies":"Shell Parasite","floor":22.0,"turns":7.0},{"damage":13.0,"enemies":"Book of Stabbing","floor":23.0,"turns":7.0},{"damage":35.0,"enemies":"Gremlin Leader","floor":25.0,"turns":8.0},{"damage":41.0,"enemies":"Slavers","floor":30.0,"turns":5.0},{"damage":1.0,"enemies":"Centurion and Healer","floor":31.0,"turns":7.0},{"damage":22.0,"enemies":"Automaton","floor":33.0,"turns":12.0},{"damage":31.0,"enemies":"3 Darklings","floor":35.0,"turns":7.0},{"damage":6.0,"enemies":"3 Shapes","floor":36.0,"turns":7.0},{"damage":19.0,"enemies":"Sphere and 2 Shapes","floor":37.0,"turns":6.0},{"damage":34.0,"enemies":"Giant Head","floor":40.0,"turns":9.0},{"damage":10.0,"enemies":"Nemesis","floor":42.0,"turns":7.0},{"damage":40.0,"enemies":"Transient","floor":45.0,"turns":6.0},{"damage":21,"enemies":"Reptomancer","floor":47,"turns":2}],"seed_played":"-2952024007793666505","potions_obtained":[{"floor":10.0,"key":"CultistPotion"},{"floor":12.0,"key":"ColorlessPotion"},{"floor":14.0,"key":"CultistPotion"},{"floor":18.0,"key":"ElixirPotion"},{"floor":37.0,"key":"SkillPotion"},{"floor":42.0,"key":"AttackPotion"}],"is_trial":false,"path_per_floor":["M","?","$","M","?","R","E","R","T","E","?","M","M","E","R","B",null,"M","$","?","$","M","E","R","E","T","R","?","$","E","M","R","B",null,"M","M","M","?","$","E","R","E","T","?","M","?","E"],"character_chosen":"IRONCLAD","items_purchased":["Bronze Scales","Evolve","Burning Pact","Feel No Pain","Frozen Eye","Barricade","OrangePellets","Question Card"],"campfire_rested":4,"item_purchase_floors":[3,19,21,21,29,39,39,39],"current_hp_per_floor":[70,70,70,72,72,72,66,66,66,20,20,26,30,24,24,30,59,50,50,50,50,46,39,68,39,39,68,68,68,33,42,72,56,68,43,47,38,38,38,10,49,45,45,45,11,11,0,0],"gold":147,"neow_bonus":"RANDOM_COMMON_RELIC","is_daily":false,"chose_seed":false,"campfire_upgraded":3,"win_rate":0.0,"timestamp":1612117597,"path_taken":["M","?","$","M","?","R","E","R","T","E","?","M","?","E","R","BOSS","M","?","?","$","M","E","R","E","T","R","?","$","E","M","R","BOSS","M","M","M","?","$","E","R","E","T","?","M","?","E"],"items_purchased_type":["Relic","Card","Card","Card","Relic","Card","Relic","Relic"],"build_version":"2020-12-22","purchased_purges":2,"victory":false,"max_hp_per_floor":[75,75,75,75,75,75,75,75,75,75,68,68,68,68,68,68,68,68,68,68,68,68,68,68,68,68,68,68,68,68,72,72,72,72,72,76,80,80,80,80,80,80,80,80,80,80,80,80],"card_choices":[{"not_picked":["Combust","Clash"],"picked":"True Grit","floor":1.0},{"not_picked":["Combust","Dark Embrace"],"picked":"Feel No Pain","floor":4.0},{"not_picked":["Sentinel","Body Slam"],"picked":"Sword Boomerang","floor":7.0},{"not_picked":["Shockwave","Havoc"],"picked":"Cleave","floor":10.0},{"not_picked":["Twin Strike","Anger"],"picked":"Feel No Pain","floor":12.0},{"not_picked":["Heavy Blade","Rupture"],"picked":"Wild Strike","floor":13.0},{"not_picked":["Sword Boomerang","Exhume"],"picked":"True Grit","floor":14.0},{"not_picked":["Bludgeon","Brutality"],"picked":"Demon Form","floor":16.0},{"not_picked":["Dropkick","Warcry"],"picked":"Headbutt","floor":18.0},{"not_picked":["Cleave+1","Warcry"],"picked":"Clothesline+1","floor":22.0},{"not_picked":["Iron Wave","Rupture"],"picked":"Armaments","floor":23.0},{"not_picked":["Thunderclap+1","Seeing Red"],"picked":"Second Wind+1","floor":24.0},{"not_picked":["Sentinel","Anger"],"picked":"Feed","floor":25.0},{"not_picked":["Havoc","Shockwave","Seeing Red"],"picked":"SKIP","floor":30.0},{"not_picked":["Sword Boomerang","Rampage+1","Iron Wave"],"picked":"SKIP","floor":31.0},{"not_picked":["Berserk","Exhume"],"picked":"Offering","floor":33.0},{"not_picked":["Entrench","Iron Wave","Twin Strike"],"picked":"SKIP","floor":35.0},{"not_picked":["Iron Wave","Body Slam"],"picked":"Metallicize+1","floor":36.0},{"not_picked":["Perfected Strike+1","Iron Wave"],"picked":"Whirlwind","floor":37.0},{"not_picked":["Inflame","Thunderclap","Clash"],"picked":"Corruption","floor":40.0},{"not_picked":["Clothesline","Dropkick","Feel No Pain"],"picked":"Havoc+1","floor":41.0},{"not_picked":["Dark Embrace","Feed","Inflame"],"picked":"Warcry+1","floor":42.0},{"not_picked":["Metamorphosis+1","HandOfGreed","Deep Breath+1"],"picked":"Panache","floor":44.0},{"not_picked":["Heavy Blade","Headbutt","Rampage","Warcry+1"],"picked":"SKIP","floor":45.0},{"not_picked":["Heavy Blade","Headbutt","Rampage","Warcry+1"],"picked":"SKIP","floor":45.0}],"player_experience":1934521,"relics_obtained":[{"floor":7.0,"key":"Pocketwatch"},{"floor":9.0,"key":"Dream Catcher"},{"floor":10.0,"key":"Red Skull"},{"floor":14.0,"key":"StoneCalendar"},{"floor":23.0,"key":"CaptainsWheel"},{"floor":25.0,"key":"Turnip"},{"floor":26.0,"key":"HornCleat"},{"floor":30.0,"key":"Whetstone"},{"floor":40.0,"key":"Boot"},{"floor":42.0,"key":"Toxic Egg 2"}],"event_choices":[{"damage_healed":0.0,"max_hp_gain":0.0,"max_hp_loss":0.0,"gold_gain":150.0,"event_name":"Liars Game","player_choice":"AGREE","floor":2.0,"gold_loss":0.0,"damage_taken":0.0,"cards_obtained":["Doubt"]},{"damage_healed":0.0,"max_hp_gain":0.0,"max_hp_loss":0.0,"gold_gain":0.0,"cards_transformed":["Strike_R"],"event_name":"Living Wall","player_choice":"Change","floor":5.0,"gold_loss":0.0,"damage_taken":0.0,"cards_obtained":["Shrug It Off"]},{"damage_healed":0.0,"max_hp_gain":0.0,"max_hp_loss":7.0,"gold_gain":0.0,"event_name":"Golden Idol","player_choice":"Lose Max HP","floor":11.0,"gold_loss":0.0,"damage_taken":0.0,"relics_obtained":["Golden Idol"]},{"damage_healed":0.0,"max_hp_gain":0.0,"max_hp_loss":0.0,"gold_gain":0.0,"event_name":"The Library","player_choice":"Read","floor":20.0,"gold_loss":0.0,"damage_taken":0.0,"cards_obtained":["Disarm"]},{"damage_healed":0.0,"max_hp_gain":0.0,"max_hp_loss":0.0,"gold_gain":0.0,"event_name":"Vampires","player_choice":"Ignored","floor":28.0,"gold_loss":0.0,"damage_taken":0.0},{"damage_healed":0.0,"max_hp_gain":0.0,"max_hp_loss":0.0,"gold_gain":333.0,"event_name":"The Moai Head","player_choice":"Gave Idol","floor":38.0,"relics_lost":["Golden Idol"],"gold_loss":0.0,"damage_taken":0.0},{"damage_healed":0.0,"max_hp_gain":0.0,"max_hp_loss":0.0,"gold_gain":0.0,"event_name":"SensoryStone","player_choice":"Memory 1","floor":44.0,"gold_loss":0.0,"damage_taken":0.0},{"damage_healed":0.0,"max_hp_gain":0.0,"max_hp_loss":0.0,"gold_gain":0.0,"event_name":"Upgrade Shrine","player_choice":"Upgraded","floor":46.0,"gold_loss":0.0,"damage_taken":0.0,"cards_upgraded":["Burning Pact"]}],"is_beta":false,"boss_relics":[{"not_picked":["Empty Cage","Ectoplasm"],"picked":"Fusion Hammer"},{"not_picked":["Sozu","Cursed Key"],"picked":"Mark of Pain"}],"items_purged_floors":[3,39],"is_endless":false,"potions_floor_spawned":[10,12,13,14,18,25,37,42],"killed_by":"Reptomancer","ascension_level":20}}