{"host":"sygfylmorsvdndbx","time":1612105518,"event":{"mods":["AchievementEnabler","BaseMod","Highlight Path","Minty Spire (QoL Compilation)","Permanent Neow","Quick Restart","Relic Stats"],"gold_per_floor":[114,114,114,138,13,13,13],"floor_reached":6,"language":"ENG","playtime":543,"items_purged":["Injury"],"score":46,"play_id":"b9551d28-284f-4c0d-8899-a9da103048a7","local_time":"20210131100518","is_ascension_mode":true,"campfire_choices":[],"circlet_count":0,"master_deck":["Strike_P","Strike_P","Strike_P","Strike_P","Defend_P","Defend_P","Defend_P","Defend_P","Eruption","Vigilance","DevaForm","ClearTheMind","Bandage Up","Protect","FlyingSleeves"],"relics":["PureWater","Golden Idol"],"acts_visited":["Exordium"],"potions_floor_usage":[],"damage_taken":[{"damage":0,"enemies":"Jaw Worm","floor":1,"turns":3},{"damage":7,"enemies":"2 Louse","floor":4,"turns":4},{"damage":67,"enemies":"Gremlin Nob","floor":6,"turns":4}],"seed_played":"7268940725342324642","potions_obtained":[],"is_trial":false,"path_per_floor":["M","?","?","M","$","E"],"character_chosen":"WATCHER","items_purchased":["FlyingSleeves"],"campfire_rested":0,"item_purchase_floors":[5],"current_hp_per_floor":[65,47,47,44,44,0,0],"gold":13,"neow_bonus":"THREE_RARE_CARDS","is_daily":false,"chose_seed":false,"campfire_upgraded":0,"win_rate":0.0,"timestamp":1612105518,"path_taken":["M","?","?","M","$","E"],"items_purchased_type":["Card"],"build_version":"2020-12-22","purchased_purges":1,"victory":false,"max_hp_per_floor":[72,72,72,72,72,72,72],"relic_stats":{"counters":[3,11],"Golden Idol":5,"obtain_stats":[{"Golden Idol":2,"PureWater":0},{"Golden Idol":1,"PureWater":0},{"Golden Idol":3,"PureWater":0}]},"card_choices":[{"not_picked":["Omniscience","Establishment"],"picked":"DevaForm","floor":0},{"not_picked":["CrushJoints","PathToVictory"],"picked":"ClearTheMind","floor":1},{"not_picked":["CrushJoints","EmptyFist"],"picked":"Protect","floor":4}],"player_experience":374621,"relics_obtained":[],"event_choices":[{"damage_healed":0,"gold_gain":0,"player_choice":"Take Damage","damage_taken":18,"relics_obtained":["Golden Idol"],"max_hp_gain":0,"max_hp_loss":0,"event_name":"Golden Idol","floor":2,"gold_loss":0},{"damage_healed":0,"gold_gain":0,"player_choice":"1 cards matched","damage_taken":0,"max_hp_gain":0,"max_hp_loss":0,"event_name":"Match and Keep!","floor":3,"gold_loss":0,"cards_obtained":["Bandage Up"]}],"is_beta":false,"boss_relics":[],"items_purged_floors":[5],"is_endless":false,"potions_floor_spawned":[],"killed_by":"Gremlin Nob","ascension_level":7}}