{"host":"yf7adnp48nk06owi","time":1612103400,"event":{"mods":["BaseMod","Downfall","Minty Spire (QoL Compilation)","StSLib"],"gold_per_floor":[99,114,133,151,163,175,202,228,263,278,278,306,406,306,356,367,465,465,465,479,65,115,165,179,202,252,287,287,19,30,30,40,57,154,154,154,173,172,222,321,52,52,79,238,268,318,331,331,453,503,522,522,522,522],"floor_reached":52,"language":"ENG","playtime":4171,"items_purged":["Guardian:Strike_Guardian","Guardian:Defend_Guardian","Regret"],"score":710,"play_id":"dfc0ab1a-6335-4255-92eb-93ac01b57579","local_time":"20210131153000","is_ascension_mode":false,"campfire_choices":[{"data":"Guardian:TwinSlam","floor":1,"key":"SMITH"},{"floor":14,"key":"REST"},{"floor":28,"key":"REST"},{"floor":31,"key":"REST"},{"data":"Guardian:RevengeProtocol","floor":36,"key":"SMITH"},{"floor":48,"key":"REST"}],"circlet_count":0,"master_deck":["Guardian:Strike_Guardian","Guardian:Strike_Guardian","Guardian:Defend_Guardian","Guardian:Defend_Guardian","Guardian:Defend_Guardian","Guardian:CurlUp","Guardian:TwinSlam+1","Guardian:RollAttack","Guardian:BronzeArmor","Guardian:StasisStrike","Guardian:Planning","Guardian:VentSteam","Guardian:Planning","Guardian:RevengeProtocol+1","Guardian:GuardianWhirl","Guardian:Emergency","Guardian:StasisField","Guardian:ArmoredProtocol","expansioncontent:StudyTheSpire","Guardian:Emergency+1","Doubt","Doubt","Slimebound:CheckThePlaybook","Guardian:ShieldCharger+1","Guardian:ConstructionForm","Guardian:VentSteam+1","Guardian:AncientConstruct","Guardian:FastForward+1","Guardian:Repulse","Clumsy","downfall:Malfunctioning","Pain","Writhe","Guardian:SpikerProtocol+1","downfall:Bewildered","Decay","expansioncontent:YouAreMine+1","Guardian:Gem_Red"],"relics":["Guardian:ModeShifter","MealTicket","Juzu Bracelet","Guardian:PickAxe","downfall:ExtraCursedKey","Lantern","downfall:CloakOfManyFaces","CultistMask","FaceOfCleric","NlothsMask","GremlinMask","SsserpentHead","downfall:HeartBlessingGreen","Runic Pyramid","Bronze Scales","Toxic Egg 2","Frozen Eye","SacredBark","PreservedInsect","Pocketwatch","Bottled Flame","Frozen Egg 2","Boot","Toy Ornithopter","Kunai"],"acts_visited":["Exordium","TheCity","TheBeyond"],"potions_floor_usage":[17,30,30,30,40,41,52,52],"damage_taken":[{"damage":1,"enemies":"Cultist","floor":2,"turns":4},{"damage":1,"enemies":"Jaw Worm","floor":3,"turns":5},{"damage":2,"enemies":"2 Louse","floor":4,"turns":3},{"damage":10,"enemies":"Exordium Thugs","floor":5,"turns":5},{"damage":1,"enemies":"3 Louse","floor":6,"turns":4},{"damage":13,"enemies":"Lagavulin","floor":9,"turns":7},{"damage":15,"enemies":"Gremlin Gang","floor":10,"turns":4},{"damage":15,"enemies":"Gremlin Nob","floor":12,"turns":4},{"damage":12,"enemies":"downfall:FaceTrader","floor":13,"turns":7},{"damage":6,"enemies":"Exordium Thugs","floor":16,"turns":4},{"damage":54,"enemies":"DF_ARCHETYPE_STREAMLINE","floor":17,"turns":10},{"damage":19,"enemies":"Chosen","floor":20,"turns":7},{"damage":3,"enemies":"downfall:FleeingMerchant","floor":21,"turns":4},{"damage":18,"enemies":"Snecko","floor":24,"turns":7},{"damage":16,"enemies":"Book of Stabbing","floor":27,"turns":5},{"damage":25,"enemies":"downfall:FleeingMerchant","floor":29,"turns":4},{"damage":0,"enemies":"3 Cultists","floor":30,"turns":5},{"damage":12,"enemies":"Cultist and Chosen","floor":32,"turns":5},{"damage":6,"enemies":"Chosen and Byrds","floor":33,"turns":7},{"damage":27,"enemies":"WA_ARCHETYPE_CALM","floor":34,"turns":9},{"damage":0,"enemies":"Orb Walker","floor":37,"turns":4},{"damage":14,"enemies":"downfall:FleeingMerchant","floor":38,"turns":4},{"damage":22,"enemies":"2 Orb Walkers","floor":40,"turns":5},{"damage":21,"enemies":"downfall:FleeingMerchant","floor":41,"turns":4},{"damage":27,"enemies":"downfall:FleeingMerchant","floor":44,"turns":3},{"damage":65,"enemies":"Giant Head","floor":45,"turns":8},{"damage":25,"enemies":"3 Darklings","floor":47,"turns":6},{"damage":50,"enemies":"4 Shapes","floor":51,"turns":5},{"damage":60,"enemies":"IC_BLOCK_ARCHETYPE","floor":52,"turns":2}],"seed_played":"-2490674658777770019","potions_obtained":[{"floor":4,"key":"Block Potion"},{"floor":5,"key":"Swift Potion"},{"floor":9,"key":"FairyPotion"},{"floor":17,"key":"Guardian:BlockOnCardUsePotion"},{"floor":23,"key":"CultistPotion"},{"floor":27,"key":"EntropicBrew"},{"floor":33,"key":"FairyPotion"},{"floor":45,"key":"FearPotion"},{"floor":51,"key":"Swift Potion"}],"is_trial":false,"path_per_floor":["R","M","M","M","M","M","T","T","E","M","?","E","?","R","?","M","B",null,"R","M","$","?","?","M","T","?","E","R","$","M","R","M","M","B",null,"R","M","?","?","?","$","T","T","$","E","?","M","R","T","?","M","B"],"character_chosen":"GUARDIAN","items_purchased":["expansioncontent:StudyTheSpire","Bronze Scales","Frozen Eye","Guardian:Repulse","Bottled Flame","Guardian:SpikerProtocol+1"],"campfire_rested":4,"item_purchase_floors":[21,21,29,38,41,44],"current_hp_per_floor":[88,87,86,84,74,73,73,73,60,45,45,30,18,44,44,39,27,90,90,72,85,85,85,68,68,36,21,49,40,41,69,58,53,27,99,99,100,87,87,66,61,61,61,50,60,92,68,93,93,93,44,0,0,0],"gold":522,"neow_bonus":"TEN_PERCENT_HP_BONUS","is_daily":false,"chose_seed":false,"campfire_upgraded":2,"win_rate":0.0,"timestamp":1612103400,"path_taken":["R","M","M","M","?","M","T","T","E","M","?","E","?","R","?","M","BOSS","R","M","$","?","?","M","T","?","E","R","$","M","R","M","M","BOSS","R","M","?","?","?","$","T","T","$","E","?","M","R","?","?","M","BOSS"],"items_purchased_type":["Card","Relic","Relic","Card","Relic","Card"],"build_version":"2020-12-22","purchased_purges":3,"victory":false,"max_hp_per_floor":[88,88,88,88,88,88,88,88,88,88,88,88,88,88,88,89,90,90,90,91,92,92,92,93,93,93,94,94,95,96,96,97,98,99,99,99,100,101,101,102,103,103,103,104,105,92,93,93,93,93,94,94,94,94],"card_choices":[{"not_picked":["Guardian:PrimingBeam","Guardian:Reroute"],"picked":"Guardian:RollAttack","floor":2},{"not_picked":["Guardian:TemporalShield","Guardian:Repulse"],"picked":"Guardian:Gem_Crimson","floor":3},{"not_picked":["Guardian:WalkerClaw","Guardian:CrystalBeam"],"picked":"Guardian:BronzeArmor","floor":4},{"not_picked":["Guardian:Gem_Yellow","Guardian:Gem_Cyan"],"picked":"Guardian:StasisStrike","floor":5},{"not_picked":["Guardian:BodySlam","Guardian:MultiBeam"],"picked":"Guardian:Planning","floor":6},{"not_picked":["Guardian:Planning","Guardian:FloatingOrbs"],"picked":"Guardian:VentSteam","floor":9},{"not_picked":["Guardian:Recover","Guardian:PolyBeam"],"picked":"Guardian:Planning","floor":10},{"not_picked":["Guardian:WalkerClaw","Guardian:Gem_White"],"picked":"Guardian:GuardianWhirl","floor":12},{"not_picked":["Guardian:WalkerClaw","Guardian:ShieldCharger"],"picked":"Guardian:Emergency","floor":13},{"not_picked":["Guardian:BodySlam","Guardian:Reroute","Guardian:PiercingHide"],"picked":"SKIP","floor":16},{"not_picked":["Guardian:AncientConstruct","Guardian:ExploitGems"],"picked":"Guardian:StasisField","floor":17},{"not_picked":["Guardian:Gem_Cyan","Guardian:MultiBeam+1"],"picked":"Guardian:ArmoredProtocol","floor":20},{"not_picked":["Guardian:Gem_Lightblue","Guardian:PiercingHide","Guardian:RefractedBeam+1"],"picked":"SKIP","floor":21},{"not_picked":["Guardian:ChargeCore+1","Guardian:Recover+1"],"picked":"Guardian:Emergency+1","floor":24},{"not_picked":["Guardian:Gem_Green","Guardian:Incinerate+1"],"picked":"Guardian:ShieldCharger+1","floor":27},{"not_picked":["Guardian:Reroute","Guardian:PrimingBeam+1"],"picked":"Guardian:ConstructionForm","floor":29},{"not_picked":["Guardian:TemporalShield+1","Guardian:PiercingHide+1"],"picked":"Guardian:VentSteam+1","floor":30},{"not_picked":["Guardian:PrimingBeam","Guardian:WalkerClaw"],"picked":"Guardian:Gem_Blue","floor":32},{"not_picked":["Guardian:Incinerate","Guardian:Gem_Crimson"],"picked":"Guardian:AncientConstruct","floor":33},{"not_picked":["Guardian:RevengeProtocol","Guardian:Gem_Synthetic"],"picked":"Guardian:FastForward+1","floor":34},{"not_picked":["Guardian:Gem_Green","Guardian:VentSteam+1","Guardian:PolyBeam"],"picked":"SKIP","floor":37},{"not_picked":["Guardian:Reroute+1","Guardian:DonusPower+1","Guardian:Gem_Green"],"picked":"SKIP","floor":38},{"not_picked":["Guardian:TimeBomb+1","Guardian:Gem_Green","Guardian:WalkerClaw"],"picked":"SKIP","floor":41},{"not_picked":["Guardian:ShieldCharger+1","Guardian:Planning+1","Guardian:Harden+1"],"picked":"SKIP","floor":44},{"not_picked":["Guardian:PolyBeam","Guardian:BronzeOrb+1","Guardian:Gem_Crimson"],"picked":"SKIP","floor":45},{"not_picked":["Guardian:TemporalStrike","Guardian:Gem_Lightblue","Guardian:CrystalBeam+1"],"picked":"SKIP","floor":47},{"not_picked":["expansioncontent:Chronoboost","expansioncontent:HyperBeam"],"picked":"expansioncontent:YouAreMine","floor":50},{"not_picked":["Guardian:TemporalStrike","Guardian:Reroute"],"picked":"Guardian:Gem_Red","floor":51}],"player_experience":313666,"relics_obtained":[{"floor":7,"key":"MealTicket"},{"floor":8,"key":"Juzu Bracelet"},{"floor":9,"key":"Guardian:PickAxe"},{"floor":12,"key":"Lantern"},{"floor":13,"key":"downfall:CloakOfManyFaces"},{"floor":27,"key":"Toxic Egg 2"},{"floor":39,"key":"PreservedInsect"},{"floor":40,"key":"Pocketwatch"},{"floor":42,"key":"Frozen Egg 2"},{"floor":43,"key":"Boot"},{"floor":45,"key":"Toy Ornithopter"},{"floor":49,"key":"Kunai"}],"event_choices":[{"damage_healed":0,"gold_gain":0,"player_choice":"Relic","damage_taken":0,"max_hp_gain":0,"max_hp_loss":0,"event_name":"Wheel of Change","floor":39,"gold_loss":0},{"damage_healed":0,"gold_gain":0,"player_choice":"Fight","damage_taken":0,"max_hp_gain":0,"max_hp_loss":0,"event_name":"Mysterious Sphere","floor":40,"gold_loss":0}],"is_beta":false,"boss_relics":[{"not_picked":["Philosopher\u0027s Stone","Snecko Eye"],"picked":"Runic Pyramid"},{"not_picked":["SlaversCollar","Coffee Dripper"],"picked":"SacredBark"}],"items_purged_floors":[21,29,44],"is_endless":false,"potions_floor_spawned":[4,5,9,12,17,27,30,33,45,51],"killed_by":"IC_BLOCK_ARCHETYPE","ascension_level":0}}