{"host":"o6rpelx2jpc8yies","time":1612077411,"event":{"mods":["BaseMod","Downfall","Minty Spire (QoL Compilation)","StSLib"],"gold_per_floor":[99,109,126,226,226,126,126,59,77,62,97,115,115,115,115],"floor_reached":13,"language":"ENG","playtime":540,"items_purged":[],"score":100,"play_id":"231f0af8-e49a-4fba-bdf7-cc7cd99cb488","local_time":"20210131001651","is_ascension_mode":true,"campfire_choices":[{"floor":1,"key":"RECALL"},{"data":"bronze:Constructor","floor":6,"key":"SMITH"}],"circlet_count":0,"master_deck":["bronze:Strike","bronze:Strike","bronze:Strike","bronze:Defend","bronze:Defend","bronze:Defend","bronze:Defend","bronze:Replicate","bronze:Goto","bronze:Turbo","bronze:Iterate","bronze:Constructor+1","bronze:Repulsor","bronze:FineTuning","bronze:Shell","bronze:FineTuning","bronze:BronzeOrb"],"relics":["bronze:BronzeCore","downfall:HeartBlessingRed","Sundial","Letter Opener"],"acts_visited":["Exordium"],"potions_floor_usage":[],"damage_taken":[{"damage":18,"enemies":"Jaw Worm","floor":2,"turns":4},{"damage":4,"enemies":"Small Slimes","floor":3,"turns":4},{"damage":0,"enemies":"downfall:FleeingMerchant","floor":8,"turns":4},{"damage":0,"enemies":"Cultist","floor":9,"turns":3},{"damage":0,"enemies":"downfall:FleeingMerchant","floor":10,"turns":4},{"damage":13,"enemies":"Lagavulin","floor":11,"turns":6},{"damage":29,"enemies":"3 Louse","floor":12,"turns":3},{"damage":20,"enemies":"Gremlin Nob","floor":13,"turns":3}],"seed_played":"-4436588170029633874","potions_obtained":[{"floor":2,"key":"bronze:FreeFunctionsPotion"},{"floor":9,"key":"EssenceOfSteel"}],"is_trial":false,"path_per_floor":["R","M","M","?","?","R","T","$","M","$","E","M","E"],"character_chosen":"THE_AUTOMATON","items_purchased":["bronze:FineTuning"],"campfire_rested":0,"item_purchase_floors":[8],"current_hp_per_floor":[77,59,55,55,55,55,55,55,55,55,42,13,0,0,0],"gold":115,"neow_bonus":"TEN_PERCENT_HP_BONUS","is_daily":false,"chose_seed":false,"campfire_upgraded":1,"win_rate":0.0,"timestamp":1612077411,"path_taken":["R","M","M","?","?","R","T","$","?","$","E","M","E"],"items_purchased_type":["Card"],"build_version":"2020-12-22","purchased_purges":0,"victory":false,"max_hp_per_floor":[77,77,77,77,77,77,77,77,77,77,77,77,77,77,77],"card_choices":[{"not_picked":["bronze:CloningBeam","bronze:Frontload"],"picked":"bronze:Turbo","floor":2},{"not_picked":["bronze:Refactor","bronze:ForLoop"],"picked":"bronze:Iterate","floor":3},{"not_picked":["bronze:Iterate","bronze:Shell"],"picked":"bronze:Repulsor","floor":8},{"not_picked":["bronze:DelayedSlice","bronze:FineTuning"],"picked":"bronze:Shell","floor":9},{"not_picked":["bronze:Shield","bronze:ForLoop"],"picked":"bronze:FineTuning","floor":10},{"not_picked":["bronze:ForceShield","bronze:NullPointer","bronze:Mutator"],"picked":"SKIP","floor":11},{"not_picked":["bronze:BugBarrage","bronze:DelayedSlice"],"picked":"bronze:BronzeOrb","floor":12}],"player_experience":1886766,"relics_obtained":[{"floor":7,"key":"Sundial"},{"floor":11,"key":"Letter Opener"}],"event_choices":[],"is_beta":false,"boss_relics":[],"items_purged_floors":[],"is_endless":false,"potions_floor_spawned":[2,9],"killed_by":"Gremlin Nob","ascension_level":4}}