{"host":"dscols65uipasqd2","time":1612059390,"event":{"mods":["2.2 Compatiblity","AchievementEnabler","Aspiration","BaseMod","Colored Powertips","Downfall","Energized Spire","GifTheSpireLib","Hermit","Hubris","Infinite Spire","JesterMod","Jorbs\u0027s Wanderer Trilogy","Magitek Elite","Marisa????????","Minty Spire (QoL Compilation)","Rare Cards Sparkle","Replay The Spire","StSLib","Stuff the Spire","The Cursed","The Disciple","The Hierophant","The Judge","The Jungle","TheFirefly"],"gold_per_floor":[99,99,99,199,199,254,279,279,295,295,315,342,342,28,40,135,135,135,154,154,254,271,291,291,318,329,12,12,24,39,39,39,39],"floor_reached":33,"language":"ENG","playtime":1781,"items_purged":[],"score":288,"play_id":"5c5c40ac-a8ef-4c41-8818-61d52440b6e3","local_time":"20210130211630","is_ascension_mode":false,"campfire_choices":[{"floor":10.0,"key":"REST"},{"floor":13.0,"key":"REST"},{"floor":30,"key":"RECALL"}],"circlet_count":0,"master_deck":["sneckomod:Strike","sneckomod:Strike","sneckomod:Strike","sneckomod:Defend","sneckomod:Defend","sneckomod:Defend","sneckomod:TailWhip","sneckomod:SnekBite","Slimebound:RejuvenatingLick","sneckomod:QuickMove","sneckomod:SoulRoll","infinitespire:Punishment","sneckomod:RainOfDice","sneckomod:QuickMove","sneckomod:IronFang","sneckomod:QuickBite","sneckomod:SoulCleanse","sneckomod:RainOfDice","sneckomod:UnknownRarePower","champ:SkillfulDodge","champ:FocusedBerserking","sneckomod:QuickBite","sneckomod:UnendingSupply","sneckomod:UnlimitedRolls","ReplayTheSpireMod:Private Reserves","hubris:Gluttony","sneckomod:UnknownClassTHE_CHAMP_GRAY","sneckomod:WideSting","sneckomod:DiceCrush+1","sneckomod:DiceBlock","sneckomod:WideSting+1","sneckomod:WideSting","sneckomod:UnknownCommonSkill","sneckomod:CheapStock+1","champ:ShieldSlam+1"],"relics":["sneckomod:SneckoSoul","downfall:HeartsMalice","White Beast Statue","Toy Ornithopter","aspiration:FetidBarrel","ReplayTheSpireMod:TigerMarble","Lantern","hubris:ScarierMask","downfall:GremlinSack","hubris:Teleporter","aspiration:Lifesprig","Lee\u0027s Waffle","Vajra"],"acts_visited":["Exordium","TheCity"],"potions_floor_usage":[16,16,25,25,33,33,33],"damage_taken":[{"damage":0.0,"enemies":"Jaw Worm","floor":2.0,"turns":1.0},{"damage":0.0,"enemies":"2 Louse","floor":3.0,"turns":1.0},{"damage":0.0,"enemies":"Small Slimes","floor":8.0,"turns":1.0},{"damage":4.0,"enemies":"Gremlin Gang","floor":9.0,"turns":3.0},{"damage":18.0,"enemies":"Lots of Slimes","floor":11.0,"turns":4.0},{"damage":6.0,"enemies":"Lagavulin","floor":12.0,"turns":3.0},{"damage":0.0,"enemies":"downfall:FleeingMerchant","floor":14.0,"turns":4.0},{"damage":0.0,"enemies":"3 Louse","floor":15.0,"turns":1.0},{"damage":69,"enemies":"SI_SHIV_ARCHETYPE","floor":16,"turns":5},{"damage":10,"enemies":"Spheric Guardian","floor":19,"turns":3},{"damage":0,"enemies":"Spheric Guardian","floor":21,"turns":2},{"damage":18,"enemies":"Shell Parasite","floor":22,"turns":3},{"damage":0,"enemies":"3 Cultists","floor":23,"turns":3},{"damage":16,"enemies":"Replay:Snechameleon","floor":25,"turns":5},{"damage":10,"enemies":"Chosen and Byrds","floor":27,"turns":4},{"damage":10,"enemies":"downfall:FleeingMerchant","floor":28,"turns":4},{"damage":0,"enemies":"Snake Plant","floor":31,"turns":1},{"damage":7,"enemies":"Centurion and Healer","floor":32,"turns":3},{"damage":103,"enemies":"DF_ARCHETYPE_CLAW","floor":33,"turns":6}],"seed_played":"-6159128895106682019","potions_obtained":[{"floor":6.0,"key":"Strength Potion"},{"floor":8.0,"key":"sneckomod:DiceRollPotion"},{"floor":9.0,"key":"Energy Potion"},{"floor":11.0,"key":"Fire Potion"},{"floor":12.0,"key":"sneckomod:MuddlingPotion"},{"floor":14.0,"key":"AttackPotion"},{"floor":15.0,"key":"Reflective Coating"},{"floor":16,"key":"champ:CounterPotion"},{"floor":19,"key":"BlessingOfTheForge"},{"floor":22,"key":"Reflective Coating"},{"floor":25,"key":"FearPotion"},{"floor":27,"key":"Strength Potion"},{"floor":32,"key":"Reflective Coating"}],"is_trial":false,"path_per_floor":["R","M","M","?","?","?","T","M","M","R","M","E","R","$","M","B",null,"R","M","?","?","M","M","T","E","M","$","R","M","M","B"],"character_chosen":"THE_SNECKO","items_purchased":["ReplayTheSpireMod:TigerMarble","Lantern","Lee\u0027s Waffle","Vajra"],"campfire_rested":2,"item_purchase_floors":[14,14,28,28],"current_hp_per_floor":[90,90,90,90,68,32,32,32,33,60,42,41,68,68,68,9,90,90,80,62,62,44,44,44,38,28,102,102,102,95,0,0,0],"gold":39,"neow_bonus":"THREE_ENEMY_KILL","is_daily":false,"chose_seed":false,"campfire_upgraded":0,"win_rate":0.0,"timestamp":1612059390,"path_taken":["R","M","M","?","?","?","T","?","M","R","M","E","R","$","M","BOSS","R","M","?","?","?","M","T","E","M","?","R","M","M","BOSS"],"items_purchased_type":["Relic","Relic","Relic","Relic"],"build_version":"2020-12-22","purchased_purges":0,"victory":false,"max_hp_per_floor":[90,90,90,90,90,90,90,90,90,90,90,90,90,90,90,90,90,90,90,95,95,95,95,95,95,95,102,102,102,102,102,102,102],"card_choices":[{"not_picked":["sneckomod:UnknownBlock","sneckomod:IronFang"],"picked":"sneckomod:QuickMove","floor":2.0},{"not_picked":["sneckomod:UnknownCommonSkill","sneckomod:QuickMove"],"picked":"sneckomod:SoulRoll","floor":3.0},{"not_picked":["ReplayTheSpireMod:??????????????????????","ReplayTheSpireMod:Echoes of Time"],"picked":"infinitespire:Punishment","floor":5.0},{"not_picked":["sneckomod:Unknown1Cost","sneckomod:IronFang"],"picked":"sneckomod:RainOfDice","floor":6.0},{"not_picked":["sneckomod:MasterEye","sneckomod:Rotation"],"picked":"sneckomod:QuickMove","floor":8.0},{"not_picked":["sneckomod:UnknownX","sneckomod:DiceBlock"],"picked":"sneckomod:IronFang","floor":9.0},{"not_picked":["sneckomod:RainOfDice","sneckomod:UnknownBlock"],"picked":"sneckomod:QuickBite","floor":11.0},{"not_picked":["sneckomod:UnknownStrike","sneckomod:SoulRoll"],"picked":"sneckomod:SoulCleanse","floor":12.0},{"not_picked":["sneckomod:SoulRoll","sneckomod:UnknownBlock"],"picked":"sneckomod:Memorize","floor":14.0},{"not_picked":["sneckomod:Unknown1Cost","sneckomod:QuickBite"],"picked":"sneckomod:RainOfDice","floor":15.0},{"not_picked":["sneckomod:SoulExchange","sneckomod:Unknown3Cost"],"picked":"sneckomod:UnknownRarePower","floor":16},{"not_picked":["sneckomod:TrashToTreasure+1","sneckomod:UnendingSupply"],"picked":"sneckomod:UnknownDraw+1","floor":19},{"not_picked":["sneckomod:SnekBeam+1","sneckomod:QuickBite"],"picked":"sneckomod:UnknownClassTHE_CHAMP_GRAY","floor":21},{"not_picked":["sneckomod:SoulRoll","sneckomod:SoulDraw"],"picked":"sneckomod:WideSting","floor":22},{"not_picked":["sneckomod:UnknownCommonSkill","sneckomod:Nope"],"picked":"sneckomod:DiceCrush+1","floor":23},{"not_picked":["sneckomod:IronFang","sneckomod:QuickMove"],"picked":"sneckomod:DiceBlock","floor":25},{"not_picked":["sneckomod:SnekBeam","sneckomod:UnknownUncommonPower"],"picked":"sneckomod:WideSting+1","floor":27},{"not_picked":["sneckomod:QuickBite","sneckomod:Unknown0Cost"],"picked":"sneckomod:WideSting","floor":28},{"not_picked":["sneckomod:SoulRoll","sneckomod:UnendingSupply"],"picked":"sneckomod:UnknownCommonSkill","floor":31},{"not_picked":["sneckomod:DiceBoulder","sneckomod:UnknownVulnerable"],"picked":"sneckomod:CheapStock+1","floor":32}],"player_experience":505249,"relics_obtained":[{"floor":6.0,"key":"White Beast Statue"},{"floor":7.0,"key":"Toy Ornithopter"},{"floor":12.0,"key":"aspiration:FetidBarrel"},{"floor":21,"key":"downfall:GremlinSack"},{"floor":24,"key":"hubris:Teleporter"},{"floor":25,"key":"aspiration:Lifesprig"}],"event_choices":[],"is_beta":false,"boss_relics":[{"not_picked":["aspiration:WatcherSkillbook","energizedSpire:SpiderWeb"],"picked":"hubris:ScarierMask"}],"items_purged_floors":[],"is_endless":false,"potions_floor_spawned":[8,9,11,12,14,15,16,19,21,22,23,25,27,28,31,32],"killed_by":"DF_ARCHETYPE_CLAW","ascension_level":0}}