{"host":"gzk4gkgy3zij1c51","time":1612127791,"event":{"mods":["BaseMod","Colored Map","Downfall","Highlight Path","Marked Mod","Minty Spire (QoL Compilation)","Relic Stats","StSLib","everything is the same but u backflip on backflip"],"gold_per_floor":[99,109,119,131,131,166,190,90,190,190,220,238,128,138,157,157,157,157],"floor_reached":16,"language":"ENG","playtime":988,"items_purged":[],"score":165,"play_id":"34247b77-2208-42f1-8484-7a4ead022d04","local_time":"20210131211631","is_ascension_mode":true,"campfire_choices":[{"data":"champ:Taunt","floor":1,"key":"SMITH"},{"data":"champ:Duel","floor":8,"key":"SMITH"}],"circlet_count":0,"master_deck":["champ:Strike","champ:Strike","champ:Strike","champ:Strike","champ:Defend","champ:Defend","champ:Defend","champ:Defend","champ:Execute","champ:Taunt+1","champ:CalledShot","champ:IronFortress","champ:PerfectedStrike","champ:Duel+1","champ:ShieldSigil","champ:FocusedBerserking","champ:BerserkerStyle","champ:Endure","champ:FlashCut","champ:FanOfKnives","champ:FalseCounter","champ:EnGarde"],"relics":["champ:ChampionCrown","downfall:BrokenWingStatue","sneckomod:BlankCard","Strawberry","downfall:HeartBlessingGreen","WristBlade","PreservedInsect"],"acts_visited":["Exordium"],"potions_floor_usage":[6,13,16],"damage_taken":[{"damage":10,"enemies":"2 Louse","floor":2,"turns":2},{"damage":31,"enemies":"Jaw Worm","floor":3,"turns":6},{"damage":10,"enemies":"Cultist","floor":4,"turns":4},{"damage":55,"enemies":"3 Sentries","floor":6,"turns":10},{"damage":29,"enemies":"3 Sentries","floor":9,"turns":5},{"damage":15,"enemies":"Lagavulin","floor":11,"turns":5},{"damage":27,"enemies":"Lots of Slimes","floor":12,"turns":4},{"damage":33,"enemies":"downfall:FleeingMerchant","floor":13,"turns":4},{"damage":0,"enemies":"3 Louse","floor":14,"turns":1},{"damage":0,"enemies":"Exordium Thugs","floor":15,"turns":1},{"damage":50,"enemies":"IC_STATUS_ARCHETYPE","floor":16,"turns":8}],"seed_played":"-8670160797428334570","potions_obtained":[{"floor":4,"key":"ColorlessPotion"},{"floor":6,"key":"SkillPotion"},{"floor":15,"key":"sneckomod:MuddlingPotion"}],"is_trial":false,"path_per_floor":["R","M","M","M","?","E","T","R","?","T","E","M","$","M","M","B"],"character_chosen":"THE_CHAMP","items_purchased":["champ:FlashCut","champ:FanOfKnives"],"campfire_rested":0,"item_purchase_floors":[13,13],"current_hp_per_floor":[99,99,88,88,88,63,70,70,51,51,36,34,30,30,30,0,0,0],"gold":157,"neow_bonus":"TEN_PERCENT_HP_BONUS","is_daily":false,"chose_seed":false,"campfire_upgraded":2,"win_rate":0.0,"timestamp":1612127791,"path_taken":["R","M","M","M","?","E","T","R","?","?","E","M","$","M","M","BOSS"],"items_purchased_type":["Card","Card"],"build_version":"2020-12-22","purchased_purges":0,"victory":false,"max_hp_per_floor":[99,99,99,99,99,99,106,106,106,106,106,106,106,106,106,106,106,106],"relic_stats":{"counters":[11,50],"PreservedInsect":100,"obtain_stats":[{"downfall:BrokenWingStatue":5,"WristBlade":9,"sneckomod:BlankCard":6,"Strawberry":7,"champ:ChampionCrown":0,"downfall:HeartBlessingGreen":8,"PreservedInsect":11},{"downfall:BrokenWingStatue":3,"WristBlade":5,"sneckomod:BlankCard":4,"Strawberry":4,"champ:ChampionCrown":0,"downfall:HeartBlessingGreen":4,"PreservedInsect":6},{"downfall:BrokenWingStatue":12,"WristBlade":27,"sneckomod:BlankCard":22,"Strawberry":22,"champ:ChampionCrown":0,"downfall:HeartBlessingGreen":22,"PreservedInsect":32}]},"card_choices":[{"not_picked":["champ:FlashCut","champ:BringItOn"],"picked":"champ:CalledShot","floor":2},{"not_picked":["champ:ArenaPreparation","champ:GladiatorStyle"],"picked":"champ:IronFortress","floor":3},{"not_picked":["champ:Haymaker","champ:EnGarde"],"picked":"champ:PerfectedStrike","floor":4},{"not_picked":["champ:EnGarde","champ:EnragedBash"],"picked":"champ:Duel","floor":6},{"not_picked":["champ:CrownThrow","champ:PerfectedStrike"],"picked":"champ:ShieldSigil","floor":9},{"not_picked":["champ:Duel","champ:CrownThrow"],"picked":"champ:FocusedBerserking","floor":11},{"not_picked":["champ:PreemptiveStrike","champ:DefensiveShout"],"picked":"champ:BerserkerStyle","floor":12},{"not_picked":["champ:Parry","champ:PreemptiveStrike"],"picked":"champ:Endure","floor":13},{"not_picked":["champ:Haymaker","champ:PerfectedStrike"],"picked":"champ:FalseCounter","floor":14},{"not_picked":["champ:BerserkerStyle","champ:ShieldSigil"],"picked":"champ:EnGarde","floor":15}],"player_experience":1108901,"relics_obtained":[{"floor":6,"key":"sneckomod:BlankCard"},{"floor":7,"key":"Strawberry"},{"floor":9,"key":"WristBlade"},{"floor":11,"key":"PreservedInsect"}],"event_choices":[],"is_beta":false,"boss_relics":[],"items_purged_floors":[],"is_endless":false,"potions_floor_spawned":[4,6,15],"killed_by":"IC_STATUS_ARCHETYPE","ascension_level":5}}