{"host":"osk2oboccoevp2u5","time":1612094989,"event":{"mods":["AchievementEnabler","Alarm Clock","BaseMod","Colored Powertips","Disable Question Mark Monsters","Displayed Cursed Tome","Hermit","Key Reminder","Minty Spire (QoL Compilation)","Potion Indicator Mod","Quick Restart","Rare Cards Sparkle","Reorder Act Four","StSLib","Useless Jewels Mod"],"gold_per_floor":[115,126,136,149,163,163,143,176,176,186,20,51,51,62,62,159,159,170,269,269,280,17,17,36,36,36,46,46,64,64,89,89,188,188,208,49,62,62,62],"floor_reached":40,"language":"ENG","playtime":3732,"items_purged":["hermit:Strike_Hermit","hermit:Strike_Hermit","hermit:Strike_Hermit"],"score":934,"play_id":"a23ac6d0-df18-42ef-bc0d-5b86f6cc3e60","local_time":"20210131080949","is_ascension_mode":true,"campfire_choices":[{"data":"hermit:Dive","floor":6,"key":"SMITH"},{"floor":13,"key":"REST"},{"data":"hermit:Covet","floor":15,"key":"SMITH"},{"floor":23,"key":"REST"},{"data":"hermit:NoHoldsBarred","floor":28,"key":"SMITH"},{"floor":30,"key":"REST"},{"floor":32,"key":"REST"}],"circlet_count":0,"master_deck":["hermit:Strike_Hermit","hermit:Defend_Hermit","hermit:Defend_Hermit","hermit:Defend_Hermit","hermit:Defend_Hermit","hermit:Snapshot","hermit:Covet+1","hermit:Headshot","hermit:NoHoldsBarred+1","hermit:Quickdraw","hermit:Dive+1","Deep Breath","Master of Strategy","Shame","hermit:Gestalt"],"relics":["hermit:ClaspedLocket","Incense Burner","keyreminder:keyreminder","Molten Egg 2","Meat on the Bone","Busted Crown","Kunai","uselessJewelsMod:UselessJewelsRelic","Oddly Smooth Stone"],"acts_visited":["Exordium","TheCity","TheBeyond"],"potions_floor_usage":[8,8,8,12,16,24,31,33,35],"damage_taken":[{"damage":0,"enemies":"2 Louse","floor":1,"turns":3},{"damage":1,"enemies":"Cultist","floor":2,"turns":3},{"damage":3,"enemies":"Small Slimes","floor":3,"turns":3},{"damage":4,"enemies":"Red Slaver","floor":4,"turns":3},{"damage":1,"enemies":"Looter","floor":5,"turns":3},{"damage":2,"enemies":"Lagavulin","floor":8,"turns":12},{"damage":7,"enemies":"Large Slime","floor":10,"turns":7},{"damage":15,"enemies":"Gremlin Nob","floor":12,"turns":4},{"damage":1,"enemies":"Red Slaver","floor":14,"turns":3},{"damage":0,"enemies":"Slime Boss","floor":16,"turns":6},{"damage":2,"enemies":"Spheric Guardian","floor":18,"turns":5},{"damage":27,"enemies":"Chosen","floor":21,"turns":7},{"damage":13,"enemies":"Snake Plant","floor":24,"turns":5},{"damage":4,"enemies":"Sentry and Sphere","floor":27,"turns":6},{"damage":34,"enemies":"Snecko","floor":29,"turns":5},{"damage":27,"enemies":"Gremlin Leader","floor":31,"turns":6},{"damage":1,"enemies":"Automaton","floor":33,"turns":16},{"damage":3,"enemies":"3 Shapes","floor":35,"turns":4},{"damage":1,"enemies":"Orb Walker","floor":37,"turns":4},{"damage":65,"enemies":"Awakened One","floor":39,"turns":37}],"seed_played":"5078521259427579264","potions_obtained":[{"floor":1,"key":"PowerPotion"},{"floor":2,"key":"PowerPotion"},{"floor":7,"key":"LiquidMemories"},{"floor":8,"key":"AttackPotion"},{"floor":14,"key":"Ancient Potion"},{"floor":21,"key":"Fire Potion"},{"floor":29,"key":"AttackPotion"},{"floor":31,"key":"FearPotion"},{"floor":33,"key":"SpeedPotion"}],"is_trial":false,"path_per_floor":["M","M","M","M","M","R","?","E","T","M","$","E","R","M","R","B",null,"M","?","?","M","$","R","M","?","T","M","R","M","R","E","R","B",null,"M","$","M","?","B",null],"character_chosen":"HERMIT","items_purchased":["Deep Breath","Master of Strategy","hermit:Gestalt"],"campfire_rested":4,"item_purchase_floors":[11,22,36],"current_hp_per_floor":[75,74,71,67,66,66,66,64,64,57,57,42,66,65,65,65,78,76,76,82,55,55,79,66,66,66,62,62,40,64,49,73,72,80,77,77,76,76,23],"gold":62,"neow_bonus":"TEN_PERCENT_HP_BONUS","is_daily":false,"chose_seed":false,"campfire_upgraded":3,"win_rate":0.0,"timestamp":1612094989,"path_taken":["M","M","M","M","M","R","?","E","T","M","$","E","R","?","R","BOSS","M","?","?","?","$","R","M","?","T","M","R","M","R","E","R","BOSS","M","$","M","?","BOSS"],"items_purchased_type":["Card","Card","Card"],"build_version":"2020-12-22","purchased_purges":3,"victory":true,"max_hp_per_floor":[82,82,82,82,82,82,82,82,82,82,82,82,82,82,82,82,82,82,82,82,82,82,82,82,82,82,82,82,82,82,82,82,82,82,82,82,82,82,82],"card_choices":[{"not_picked":["hermit:CursedWeapon","hermit:Glare"],"picked":"hermit:Headshot","floor":1},{"not_picked":["hermit:Roulette","hermit:Determination","hermit:Misfire"],"picked":"SKIP","floor":2},{"not_picked":["hermit:WideOpen","hermit:Misfire"],"picked":"hermit:NoHoldsBarred","floor":3},{"not_picked":["hermit:Snipe","hermit:Coalescence"],"picked":"hermit:Quickdraw","floor":4},{"not_picked":["hermit:NoHoldsBarred","hermit:EyeOfTheStorm"],"picked":"hermit:Dive","floor":5},{"not_picked":["hermit:Brawl","hermit:Spite","hermit:FromBeyond"],"picked":"SKIP","floor":8},{"not_picked":["hermit:Showdown+1","hermit:Quickdraw+1"],"picked":"hermit:Brawl","floor":10},{"not_picked":["hermit:Quickdraw+1","hermit:BodyArmor","hermit:LuckOfTheDraw"],"picked":"SKIP","floor":12},{"not_picked":["hermit:CalledShot+1","hermit:HighCaliber+1","hermit:Determination"],"picked":"SKIP","floor":14},{"not_picked":["hermit:HoleUp"],"picked":"SKIP","floor":18},{"not_picked":["hermit:Midnight+1"],"picked":"SKIP","floor":21},{"not_picked":["hermit:SprayPray+1"],"picked":"SKIP","floor":24},{"not_picked":["hermit:TakeCover"],"picked":"SKIP","floor":27},{"not_picked":["hermit:Manifest+1"],"picked":"SKIP","floor":29},{"not_picked":["hermit:HighCaliber+1"],"picked":"SKIP","floor":31},{"not_picked":["hermit:Manifest"],"picked":"SKIP","floor":35},{"not_picked":["hermit:Malice+1"],"picked":"SKIP","floor":37}],"player_experience":1024262,"relics_obtained":[{"floor":8,"key":"Incense Burner"},{"floor":9,"key":"Molten Egg 2"},{"floor":12,"key":"Meat on the Bone"},{"floor":26,"key":"uselessJewelsMod:UselessJewelsRelic"},{"floor":31,"key":"Oddly Smooth Stone"}],"event_choices":[{"damage_healed":0,"gold_gain":0,"player_choice":"Bought 1 Potion","damage_taken":0,"max_hp_gain":0,"max_hp_loss":0,"event_name":"The Woman in Blue","floor":7,"gold_loss":0},{"damage_healed":0,"gold_gain":99,"player_choice":"Stole From Cult","damage_taken":0,"max_hp_gain":0,"max_hp_loss":0,"event_name":"Nest","floor":19,"gold_loss":0},{"cards_removed":["hermit:Brawl"],"damage_healed":6,"gold_gain":0,"player_choice":"Offered Uncommon","damage_taken":0,"max_hp_gain":0,"max_hp_loss":0,"event_name":"Bonfire Elementals","floor":20,"gold_loss":0},{"damage_healed":0,"gold_gain":0,"player_choice":"Stole Relic","damage_taken":0,"relics_obtained":["Kunai"],"max_hp_gain":0,"max_hp_loss":0,"event_name":"Addict","floor":25,"gold_loss":0,"cards_obtained":["Shame"]},{"damage_healed":0,"gold_gain":0,"player_choice":"Took Portal","damage_taken":0,"max_hp_gain":0,"max_hp_loss":0,"event_name":"SecretPortal","floor":38,"gold_loss":0}],"is_beta":false,"boss_relics":[{"not_picked":["SlaversCollar","hermit:DentedPlate"],"picked":"Busted Crown"},{"not_picked":["Philosopher\u0027s Stone","Cursed Key"],"picked":"hermit:ClaspedLocket"}],"items_purged_floors":[11,22,36],"is_endless":false,"potions_floor_spawned":[1,2,8,14,21,29,31,33],"ascension_level":7}}