{"host":"6xsbn6ynqlzwllfm","time":1612107708,"event":{"mods":["2.2 Compatiblity","BaseMod","Bestiary","Colored Map","Colored Powertips","Curses Come First","Highlight Path","Keyboard Shortcuts","Minty Spire (QoL Compilation)","Relic Stats","Slay the Relics Exporter","StSLib","SuperFastMode"],"gold_per_floor":[111,130,150,213,226,261,261,106,133,133,176,176,9,9,9,98,98,98,98],"floor_reached":18,"language":"ENG","playtime":343,"items_purged":["Strike_P"],"score":336,"play_id":"b0acc65f-92c8-4173-a5ce-4fc9c2cc6503","local_time":"20210131104148","is_ascension_mode":true,"campfire_choices":[{"data":"BowlingBash","floor":7,"key":"SMITH"},{"data":"SandsOfTime","floor":15,"key":"SMITH"}],"circlet_count":0,"master_deck":["AscendersBane","Strike_P","Strike_P","Strike_P","Defend_P","Defend_P","Defend_P","Defend_P","Eruption","Vigilance","FollowUp","SandsOfTime+1","FollowUp","FollowUp","BowlingBash+1","Scrawl","DevaForm"],"relics":["PureWater","NeowsBlessing","Nunchaku","Toy Ornithopter","Golden Idol","Vajra","TeardropLocket","PreservedInsect","VioletLotus"],"acts_visited":["Exordium","TheCity"],"potions_floor_usage":[6,11],"damage_taken":[{"damage":0,"enemies":"2 Louse","floor":1,"turns":2},{"damage":0,"enemies":"Small Slimes","floor":2,"turns":1},{"damage":0,"enemies":"Jaw Worm","floor":3,"turns":1},{"damage":0,"enemies":"Large Slime","floor":5,"turns":4},{"damage":12,"enemies":"Lagavulin","floor":6,"turns":6},{"damage":11,"enemies":"Gremlin Nob","floor":11,"turns":3},{"damage":28,"enemies":"The Guardian","floor":16,"turns":12},{"damage":63,"enemies":"Shell Parasite","floor":18,"turns":3}],"seed_played":"3746977979444017377","potions_obtained":[{"floor":2,"key":"Block Potion"},{"floor":5,"key":"Dexterity Potion"},{"floor":11,"key":"LiquidBronze"},{"floor":14,"key":"Ancient Potion"}],"is_trial":false,"path_per_floor":["M","M","M","?","M","E","R","$","T","?","E","T","$","?","R","B",null,"M"],"character_chosen":"WATCHER","items_purchased":["Scrawl","PreservedInsect"],"campfire_rested":0,"item_purchase_floors":[8,13],"current_hp_per_floor":[61,61,61,61,61,49,49,49,49,49,43,43,43,43,43,15,50,0,0],"gold":98,"neow_bonus":"THREE_ENEMY_KILL","is_daily":false,"chose_seed":false,"campfire_upgraded":2,"win_rate":0.0,"timestamp":1612107708,"path_taken":["M","M","M","?","M","E","R","$","T","?","E","?","$","?","R","BOSS","M"],"items_purchased_type":["Card","Relic"],"build_version":"2020-12-22","purchased_purges":1,"victory":false,"max_hp_per_floor":[68,68,68,68,68,68,68,68,68,62,62,62,62,62,62,62,62,62,62],"relic_stats":{"Nunchaku":[3],"counters":[8,32],"Golden Idol":27,"PreservedInsect":0,"VioletLotus":[1],"obtain_stats":[{"Nunchaku":6,"NeowsBlessing":0,"Golden Idol":10,"Vajra":11,"PreservedInsect":13,"VioletLotus":17,"TeardropLocket":12,"PureWater":0,"Toy Ornithopter":9},{"Nunchaku":5,"NeowsBlessing":0,"Golden Idol":5,"Vajra":6,"PreservedInsect":6,"VioletLotus":7,"TeardropLocket":6,"PureWater":0,"Toy Ornithopter":5},{"Nunchaku":14,"NeowsBlessing":0,"Golden Idol":14,"Vajra":17,"PreservedInsect":17,"VioletLotus":29,"TeardropLocket":17,"PureWater":0,"Toy Ornithopter":14}],"Toy Ornithopter":5},"card_choices":[{"not_picked":["CrushJoints","JustLucky"],"picked":"FollowUp","floor":1},{"not_picked":["Weave","Perseverance"],"picked":"SandsOfTime","floor":2},{"not_picked":["JustLucky","EmptyFist"],"picked":"FollowUp","floor":3},{"not_picked":["Weave","Prostrate"],"picked":"FollowUp","floor":5},{"not_picked":["Adaptation","EmptyBody"],"picked":"BowlingBash","floor":6},{"not_picked":["Ragnarok","Omniscience"],"picked":"DevaForm","floor":16}],"player_experience":1355386,"relics_obtained":[{"floor":6,"key":"Nunchaku"},{"floor":9,"key":"Toy Ornithopter"},{"floor":11,"key":"Vajra"},{"floor":12,"key":"TeardropLocket"}],"event_choices":[{"damage_healed":0,"gold_gain":63,"player_choice":"Gained Gold","damage_taken":0,"max_hp_gain":0,"max_hp_loss":0,"event_name":"Golden Wing","floor":4,"gold_loss":0},{"damage_healed":0,"gold_gain":0,"player_choice":"Lose Max HP","damage_taken":0,"relics_obtained":["Golden Idol"],"max_hp_gain":0,"max_hp_loss":6,"event_name":"Golden Idol","floor":10,"gold_loss":0},{"damage_healed":0,"gold_gain":0,"player_choice":"Got Potions","damage_taken":0,"max_hp_gain":0,"max_hp_loss":0,"event_name":"Lab","floor":14,"gold_loss":0}],"is_beta":false,"boss_relics":[{"not_picked":["Velvet Choker","SacredBark"],"picked":"VioletLotus"}],"items_purged_floors":[8],"is_endless":false,"potions_floor_spawned":[2,5,11],"killed_by":"Shell Parasite","ascension_level":20}}