{"host":"c52z9ixzgdjttcmx","time":1612062661,"event":{"mods":["BaseMod","Colored Powertips","Downfall","Filter the Spire","Minty Spire (QoL Compilation)","Rare Cards Sparkle","Relic Stats","StSLib"],"gold_per_floor":[115,129,140,158,158,186,186,186,186,186,220,239,239,272,272,345,345,360,360,389,407,407,407,438,438,490,523,541,553,553,11,11,88,88,106,156,156,35,60,60,87,87,113,140,157,157,192,209,209,209],"floor_reached":51,"language":"ENG","playtime":3293,"items_purged":["Pain","downfall:Bewildered"],"score":1673,"play_id":"534096d2-793a-4ecb-a0e3-41c18a8a6a2c","local_time":"20210130211101","is_ascension_mode":true,"campfire_choices":[{"data":"Defragment","floor":10.0,"key":"SMITH"},{"data":"Fission","floor":13.0,"key":"SMITH"},{"data":"Lockon","floor":15.0,"key":"SMITH"},{"data":"Rainbow","floor":23,"key":"SMITH"},{"data":"Echo Form","floor":25,"key":"SMITH"},{"data":"Chill","floor":30,"key":"SMITH"},{"data":"Seek","floor":32,"key":"SMITH"},{"data":"Buffer","floor":40,"key":"SMITH"},{"data":"Madness","floor":46,"key":"SMITH"},{"data":"Thinking Ahead","floor":49,"key":"SMITH"}],"circlet_count":0,"master_deck":["AscendersBane","Defend_B","Defend_B","Defend_B","Defend_B","Zap+1","Dualcast","Beam Cell","Cold Snap","Chill","Defragment+1","Lockon+1","Fission+1","Doom and Gloom","Coolheaded","Rainbow+1","Glacier+1","Barrage+1","Meteor Strike+1","Defragment","Reinforced Body+1","Recycle+1","Tempest+1","Hologram+1","Echo Form+1","FTL","Defragment","Steam+1","Aggregate","Chill+1","Seek+1","Turbo","Glacier","Buffer+1","Reprogram","Consume","Thinking Ahead+1","Madness+1","Dark Shackles","Coolheaded","Turbo","Skim+1","Coolheaded","Double Energy","Defragment","Cold Snap"],"relics":["Cracked Core","Symbiotic Virus","The Courier","Meat on the Bone","Pear","Pen Nib","Prayer Wheel","Astrolabe","sneckomod:BabySnecko","Red Mask","WarpedTongs","Thread and Needle","MealTicket","Anchor","Emotion Chip","Inserter","Turnip","CaptainsWheel","Mummified Hand","PreservedInsect","Pantograph","Bottled Flame"],"acts_visited":["Exordium","TheCity","TheBeyond"],"potions_floor_usage":[20,24,28,36,44,50,50],"damage_taken":[{"damage":1.0,"enemies":"Cultist","floor":1.0,"turns":3.0},{"damage":3.0,"enemies":"2 Louse","floor":2.0,"turns":2.0},{"damage":13.0,"enemies":"Small Slimes","floor":3.0,"turns":3.0},{"damage":2.0,"enemies":"Red Slaver","floor":4.0,"turns":3.0},{"damage":5.0,"enemies":"3 Sentries","floor":6.0,"turns":9.0},{"damage":4.0,"enemies":"Gremlin Nob","floor":11.0,"turns":3.0},{"damage":4.0,"enemies":"Blue Slaver","floor":12.0,"turns":3.0},{"damage":6.0,"enemies":"3 Sentries","floor":14.0,"turns":5.0},{"damage":21.0,"enemies":"Slime Boss","floor":16.0,"turns":7.0},{"damage":1.0,"enemies":"3 Byrds","floor":18.0,"turns":4.0},{"damage":7,"enemies":"Masked Bandits","floor":20,"turns":3},{"damage":7,"enemies":"Shell Parasite","floor":21,"turns":4},{"damage":3,"enemies":"Book of Stabbing","floor":24,"turns":4},{"damage":2,"enemies":"Gremlin Leader","floor":27,"turns":5},{"damage":5,"enemies":"Cultist and Chosen","floor":28,"turns":5},{"damage":6,"enemies":"Centurion and Healer","floor":29,"turns":7},{"damage":0,"enemies":"Automaton","floor":33,"turns":12},{"damage":10,"enemies":"3 Darklings","floor":35,"turns":5},{"damage":24,"enemies":"2 Orb Walkers","floor":36,"turns":6},{"damage":0,"enemies":"Mind Bloom Boss Battle","floor":39,"turns":4},{"damage":0,"enemies":"Giant Head","floor":41,"turns":12},{"damage":14,"enemies":"Reptomancer","floor":44,"turns":5},{"damage":0,"enemies":"Orb Walker","floor":45,"turns":4},{"damage":10,"enemies":"Giant Head","floor":47,"turns":7},{"damage":0,"enemies":"4 Shapes","floor":48,"turns":4},{"damage":30,"enemies":"Donu and Deca","floor":50,"turns":8}],"seed_played":"-6998409502370425914","potions_obtained":[{"floor":2.0,"key":"LiquidBronze"},{"floor":6.0,"key":"BlessingOfTheForge"},{"floor":12.0,"key":"SpeedPotion"},{"floor":16.0,"key":"hexamod:SoulburnPotion"},{"floor":18,"key":"Weak Potion"},{"floor":24,"key":"AttackPotion"},{"floor":28,"key":"Weak Potion"},{"floor":33,"key":"sneckomod:MuddlingPotion"},{"floor":36,"key":"AttackPotion"},{"floor":44,"key":"Swift Potion"},{"floor":48,"key":"PowerPotion"}],"is_trial":false,"path_per_floor":["M","M","M","M","T","E","?","?","T","R","E","M","R","E","R","B",null,"M","?","?","M","?","R","E","R","T","E","M","M","R","$","R","B",null,"M","?","?","$","?","R","E","?","T","E","M","R","E","M","R","B",null],"character_chosen":"DEFECT","items_purchased":["Seek","Emotion Chip","Turbo","Glacier","Coolheaded"],"campfire_rested":0,"item_purchase_floors":[31,31,31,31,38],"current_hp_per_floor":[63,60,47,45,45,40,35,35,45,45,41,49,49,43,43,34,69,68,68,61,54,54,54,51,51,51,49,44,50,50,65,65,65,77,67,43,33,48,48,48,48,48,48,46,46,46,48,48,48,43],"gold":209,"neow_bonus":"UPGRADE_CARD","is_daily":false,"chose_seed":false,"campfire_upgraded":10,"win_rate":0.0,"timestamp":1612062661,"path_taken":["M","M","M","M","?","E","?","?","T","R","E","?","R","E","R","BOSS","M","?","?","M","?","R","E","R","T","E","M","?","R","$","R","BOSS","M","?","?","$","?","R","E","?","T","E","M","R","E","?","R","BOSS"],"items_purchased_type":["Card","Relic","Card","Card","Card"],"build_version":"2020-12-22","purchased_purges":2,"victory":true,"max_hp_per_floor":[71,71,71,71,71,71,71,71,81,81,81,81,81,81,81,81,81,81,81,81,81,81,81,81,81,81,81,81,81,81,81,81,81,81,81,81,81,81,81,81,81,77,77,77,77,77,77,77,77,77],"relic_stats":{"Inserter":[27],"counters":[26,137],"Astrolabe":["Glacier","Barrage","Meteor Strike"],"Pen Nib":[14],"PreservedInsect":192,"WarpedTongs":[84],"Emotion Chip":[37,17,17,3,0],"Mummified Hand":[27],"Pantograph":25,"Prayer Wheel":8,"MealTicket":30,"Turnip":[0],"obtain_stats":[{"Pear":9,"Inserter":34,"Astrolabe":17,"Thread and Needle":24,"The Courier":6,"Pen Nib":11,"PreservedInsect":43,"WarpedTongs":22,"sneckomod:BabySnecko":19,"Anchor":27,"Emotion Chip":31,"CaptainsWheel":39,"Bottled Flame":47,"Mummified Hand":41,"Pantograph":44,"Prayer Wheel":14,"MealTicket":26,"Turnip":36,"Red Mask":20,"Cracked Core":0,"Symbiotic Virus":5,"Meat on the Bone":7},{"Pear":5,"Inserter":17,"Astrolabe":9,"Thread and Needle":13,"The Courier":5,"Pen Nib":6,"PreservedInsect":21,"WarpedTongs":12,"sneckomod:BabySnecko":10,"Anchor":14,"Emotion Chip":16,"CaptainsWheel":20,"Bottled Flame":24,"Mummified Hand":21,"Pantograph":22,"Prayer Wheel":8,"MealTicket":13,"Turnip":19,"Red Mask":11,"Cracked Core":0,"Symbiotic Virus":4,"Meat on the Bone":5},{"Pear":20,"Inserter":82,"Astrolabe":38,"Thread and Needle":53,"The Courier":20,"Pen Nib":23,"PreservedInsect":109,"WarpedTongs":49,"sneckomod:BabySnecko":42,"Anchor":58,"Emotion Chip":70,"CaptainsWheel":97,"Bottled Flame":125,"Mummified Hand":109,"Pantograph":114,"Prayer Wheel":31,"MealTicket":53,"Turnip":93,"Red Mask":45,"Cracked Core":0,"Symbiotic Virus":11,"Meat on the Bone":20}],"Meat on the Bone":60},"card_choices":[{"not_picked":["Redo","Conserve Battery"],"picked":"Beam Cell","floor":1.0},{"not_picked":["Hologram","Conserve Battery"],"picked":"Cold Snap","floor":2.0},{"not_picked":["Steam","Capacitor"],"picked":"Chill","floor":3.0},{"not_picked":["Turbo","Rebound"],"picked":"Defragment","floor":4.0},{"not_picked":["Storm","Genetic Algorithm"],"picked":"Lockon","floor":6.0},{"not_picked":["Stack","Multi-Cast"],"picked":"Fission","floor":11.0},{"not_picked":["Redo","Hologram"],"picked":"Doom and Gloom","floor":12.0},{"not_picked":["Fusion","Turbo"],"picked":"Coolheaded","floor":14.0},{"not_picked":["Seek","Reboot"],"picked":"Rainbow","floor":16.0},{"not_picked":["Rebound","Turbo"],"picked":"Defragment","floor":18},{"not_picked":["Beam Cell+1","Fusion"],"picked":"Reinforced Body+1","floor":18},{"not_picked":["Tempest","Aggregate"],"picked":"Recycle+1","floor":20},{"not_picked":["Steam Power","Aggregate"],"picked":"Tempest+1","floor":21},{"not_picked":["Compile Driver","Recycle"],"picked":"Hologram+1","floor":21},{"not_picked":["Conserve Battery","Chaos+1"],"picked":"Echo Form","floor":24},{"not_picked":["Chaos","Conserve Battery"],"picked":"FTL","floor":27},{"not_picked":["Steam","BootSequence"],"picked":"Defragment","floor":28},{"not_picked":["White Noise","Ball Lightning"],"picked":"Steam+1","floor":28},{"not_picked":["Skim","Doom and Gloom"],"picked":"Aggregate","floor":29},{"not_picked":["Beam Cell","Aggregate"],"picked":"Chill","floor":29},{"not_picked":["Meteor Strike","Machine Learning"],"picked":"Buffer","floor":33},{"not_picked":["Storm","Gash"],"picked":"Reprogram","floor":35},{"not_picked":["Tempest","Stack","Streamline"],"picked":"SKIP","floor":35},{"not_picked":["Beam Cell+1","Rebound"],"picked":"Consume","floor":36},{"not_picked":["Trip","Madness"],"picked":"Thinking Ahead","floor":37},{"not_picked":["The Bomb","Apotheosis"],"picked":"Madness","floor":37},{"not_picked":["Purity","Flash of Steel"],"picked":"Dark Shackles","floor":37},{"not_picked":["Coolheaded","Conserve Battery"],"picked":"Turbo","floor":39},{"not_picked":["Thunder Strike","Conserve Battery","Steam"],"picked":"SKIP","floor":41},{"not_picked":["Biased Cognition","Cold Snap"],"picked":"Skim+1","floor":44},{"not_picked":["Leap","Undo+1"],"picked":"Coolheaded","floor":45},{"not_picked":["Sunder","Rip and Tear","Lockon"],"picked":"SKIP","floor":45},{"not_picked":["Go for the Eyes","Darkness"],"picked":"Double Energy","floor":47},{"not_picked":["Hologram+1","Barrage"],"picked":"Defragment","floor":48},{"not_picked":["Meteor Strike","Conserve Battery"],"picked":"Cold Snap","floor":48}],"player_experience":3405105,"relics_obtained":[{"floor":5.0,"key":"Symbiotic Virus"},{"floor":6.0,"key":"The Courier"},{"floor":9.0,"key":"Pear"},{"floor":11.0,"key":"Pen Nib"},{"floor":14.0,"key":"Prayer Wheel"},{"floor":20,"key":"Red Mask"},{"floor":24,"key":"Thread and Needle"},{"floor":26,"key":"MealTicket"},{"floor":27,"key":"Anchor"},{"floor":36,"key":"Turnip"},{"floor":39,"key":"CaptainsWheel"},{"floor":41,"key":"Mummified Hand"},{"floor":43,"key":"PreservedInsect"},{"floor":44,"key":"Pantograph"},{"floor":47,"key":"Bottled Flame"}],"event_choices":[{"damage_healed":0.0,"max_hp_gain":0.0,"max_hp_loss":0.0,"gold_gain":0.0,"event_name":"Scrap Ooze","player_choice":"Success","floor":7.0,"gold_loss":0.0,"damage_taken":5.0,"relics_obtained":["Meat on the Bone"]},{"cards_removed":["Strike_B"],"damage_healed":0.0,"max_hp_gain":0.0,"max_hp_loss":0.0,"gold_gain":0.0,"event_name":"Purifier","player_choice":"Purged","floor":8.0,"gold_loss":0.0,"damage_taken":0.0},{"damage_healed":0,"gold_gain":0,"player_choice":"Fought Bandits","damage_taken":0,"max_hp_gain":0,"max_hp_loss":0,"event_name":"Masked Bandits","floor":20,"gold_loss":0},{"damage_healed":0,"gold_gain":0,"player_choice":"Rummage","damage_taken":0,"relics_obtained":["WarpedTongs"],"max_hp_gain":0,"max_hp_loss":0,"event_name":"Accursed Blacksmith","floor":22,"gold_loss":0,"cards_obtained":["Pain"]},{"damage_healed":0,"gold_gain":0,"player_choice":"Fight","damage_taken":0,"max_hp_gain":0,"max_hp_loss":0,"event_name":"Mysterious Sphere","floor":36,"gold_loss":0},{"damage_healed":0,"gold_gain":0,"player_choice":"Memory 3","damage_taken":10,"max_hp_gain":0,"max_hp_loss":0,"event_name":"SensoryStone","floor":37,"gold_loss":0},{"damage_healed":0,"gold_gain":0,"player_choice":"Fight","damage_taken":0,"max_hp_gain":0,"max_hp_loss":0,"event_name":"MindBloom","floor":39,"gold_loss":0},{"damage_healed":0,"gold_gain":0,"player_choice":"Max HP","damage_taken":0,"max_hp_gain":0,"max_hp_loss":4,"event_name":"Winding Halls","floor":42,"gold_loss":0}],"is_beta":false,"boss_relics":[{"not_picked":["Velvet Choker","Philosopher\u0027s Stone"],"picked":"Astrolabe"},{"not_picked":["Runic Dome","Black Star"],"picked":"Inserter"}],"items_purged_floors":[31,38],"is_endless":false,"potions_floor_spawned":[2,6,12,16,18,24,28,33,35,36,44,48],"ascension_level":17}}