{"host":"5h6e4l6hpn0p5lap","time":1612060927,"event":{"mods":["AchievementEnabler","BaseMod","Better Altar","Better Match","Better Sensory Stone","Better Skull","Better Third Choice","Filter the Spire","Highlight Path","Minty Spire (QoL Compilation)","StSLib"],"gold_per_floor":[212,61,74,74,89,116,116,145,169,180,180,206,225,238,238,338,338,348,348,263,28,42,42,42],"floor_reached":23,"language":"ENG","playtime":1052,"items_purged":["Strike_B"],"score":285,"play_id":"be4d28b9-b65f-46a9-a712-80916467a481","local_time":"20210130214207","is_ascension_mode":true,"campfire_choices":[{"floor":7,"key":"REST"},{"floor":11,"key":"REST"},{"floor":15,"key":"REST"}],"circlet_count":0,"master_deck":["Strike_B","Strike_B","Strike_B","Defend_B","Defend_B","Defend_B","Defend_B","Zap","Dualcast","Sunder","Conserve Battery","Cold Snap","Consume+1","Ball Lightning","Reinforced Body+1","Self Repair","Creative AI","Coolheaded","Chill","Go for the Eyes","Genetic Algorithm","Rebound","Buffer","Coolheaded+1","Storm","Hologram"],"relics":["Cracked Core","Orrery","Tiny Chest","Smiling Mask","War Paint","Akabeko","Anchor","Busted Crown","Toy Ornithopter","Membership Card"],"acts_visited":["Exordium","TheCity"],"potions_floor_usage":[8,8,12,13,18,22],"damage_taken":[{"damage":12,"enemies":"Small Slimes","floor":1,"turns":3},{"damage":0,"enemies":"2 Louse","floor":3,"turns":2},{"damage":14,"enemies":"Jaw Worm","floor":5,"turns":4},{"damage":18,"enemies":"Gremlin Nob","floor":6,"turns":5},{"damage":42,"enemies":"Lagavulin","floor":8,"turns":6},{"damage":0,"enemies":"Blue Slaver","floor":10,"turns":4},{"damage":3,"enemies":"3 Sentries","floor":12,"turns":10},{"damage":9,"enemies":"Exordium Wildlife","floor":13,"turns":6},{"damage":9,"enemies":"3 Louse","floor":14,"turns":4},{"damage":18,"enemies":"The Guardian","floor":16,"turns":15},{"damage":21,"enemies":"3 Byrds","floor":18,"turns":4},{"damage":14,"enemies":"2 Thieves","floor":22,"turns":4},{"damage":50,"enemies":"Book of Stabbing","floor":23,"turns":8}],"seed_played":"-855281691680121637","potions_obtained":[{"floor":3,"key":"Fire Potion"},{"floor":6,"key":"Ancient Potion"},{"floor":10,"key":"BlessingOfTheForge"},{"floor":12,"key":"EssenceOfDarkness"},{"floor":16,"key":"BlessingOfTheForge"},{"floor":18,"key":"Explosive Potion"}],"is_trial":false,"path_per_floor":["M","$","M","?","M","E","R","E","T","M","R","E","M","M","R","B",null,"M","?","?","$","M","E"],"character_chosen":"DEFECT","items_purchased":["Orrery","Membership Card","Storm"],"campfire_rested":3,"item_purchase_floors":[2,21,21],"current_hp_per_floor":[56,56,56,53,39,28,50,15,15,22,44,51,49,47,69,58,71,57,57,57,57,48,0,0],"gold":42,"neow_bonus":"HUNDRED_GOLD","is_daily":false,"chose_seed":false,"campfire_upgraded":0,"win_rate":0.0,"timestamp":1612060927,"path_taken":["M","$","M","?","M","E","R","E","T","M","R","E","M","M","R","BOSS","M","?","?","$","M","E"],"items_purchased_type":["Relic","Relic","Card"],"build_version":"2020-12-22","purchased_purges":1,"victory":false,"max_hp_per_floor":[75,75,75,75,75,75,75,75,75,75,75,75,75,75,75,75,75,75,75,75,75,75,75,75],"card_choices":[{"not_picked":["Beam Cell","Aggregate"],"picked":"Sunder","floor":1},{"not_picked":["Barrage","Sweeping Beam"],"picked":"Conserve Battery","floor":2},{"not_picked":["Static Discharge","Rainbow"],"picked":"Cold Snap","floor":2},{"not_picked":["Cold Snap","Self Repair"],"picked":"Consume","floor":2},{"not_picked":["Sweeping Beam","Fusion"],"picked":"Ball Lightning","floor":2},{"not_picked":["Coolheaded","Streamline"],"picked":"Reinforced Body","floor":3},{"not_picked":["Cold Snap","Conserve Battery"],"picked":"Self Repair","floor":5},{"not_picked":["Compile Driver","Gash"],"picked":"Creative AI","floor":6},{"not_picked":["Tempest","Barrage"],"picked":"Coolheaded","floor":8},{"not_picked":["Sweeping Beam","Reprogram"],"picked":"Chill","floor":10},{"not_picked":["Hello World","Recycle"],"picked":"Go for the Eyes","floor":12},{"not_picked":["Conserve Battery","Melter"],"picked":"Genetic Algorithm","floor":13},{"not_picked":["Beam Cell","Conserve Battery"],"picked":"Rebound","floor":14},{"not_picked":["Reboot","Creative AI"],"picked":"Buffer","floor":16},{"not_picked":[],"picked":"Coolheaded+1","floor":18},{"not_picked":[],"picked":"Hologram","floor":22}],"player_experience":1029021,"relics_obtained":[{"floor":6,"key":"Smiling Mask"},{"floor":8,"key":"War Paint"},{"floor":9,"key":"Akabeko"},{"floor":12,"key":"Anchor"}],"event_choices":[{"damage_healed":0,"gold_gain":0,"player_choice":"Relic ","damage_taken":3,"max_hp_gain":0,"max_hp_loss":0,"event_name":"betterThird:BetterScrap","floor":4,"gold_loss":0,"cards_obtained":["WaveOfTheHand"]},{"damage_healed":0,"gold_gain":0,"player_choice":"Ignored","damage_taken":0,"max_hp_gain":0,"max_hp_loss":0,"event_name":"Ghosts","floor":19,"gold_loss":0},{"damage_healed":0,"gold_gain":0,"player_choice":"Obtained Relic","damage_taken":0,"relics_obtained":["Toy Ornithopter"],"max_hp_gain":0,"max_hp_loss":0,"event_name":"Addict","floor":20,"gold_loss":85}],"is_beta":false,"boss_relics":[{"not_picked":["Philosopher\u0027s Stone","SlaversCollar"],"picked":"Busted Crown"}],"items_purged_floors":[21],"is_endless":false,"potions_floor_spawned":[3,6,10,12,16,18],"killed_by":"Book of Stabbing","ascension_level":7}}