{"host":"ei424ha2zqt1xblg","time":1612094737,"event":{"mods":["BaseMod","Minty Spire (QoL Compilation)","MostiFishMod","StSLib","TestMod","Waifu the Spire","Yakumo Yukari mod","Yuyuko"],"gold_per_floor":[119,138,152,77,90,90,116,131,131,156,167,186,217,217,217,320,320,334,53,53,53,73,103,3,32,32,61,61,87,87,87,87,191,191,202,220,232,250,130,155,15,28,28,55,69,98,98,112,112,112,112,112,112,140,140],"floor_reached":56,"language":"ZHS","playtime":2710,"items_purged":["Dreamy Sakura","Dreamy Sakura","Fantasy Butterflies","Dreamy Sakura","Fantasy Butterflies"],"score":1813,"play_id":"1e10335e-35fd-4756-ad69-528540391c63","local_time":"20210131200537","is_ascension_mode":true,"campfire_choices":[{"data":"Mini Ghostdom","floor":6.0,"key":"SMITH"},{"data":"Butterflies Rainbow","floor":15.0,"key":"SMITH"},{"data":"Fondling of Papilio","floor":30,"key":"SMITH"},{"data":"Song of Papilio","floor":32,"key":"SMITH"},{"floor":47,"key":"RECALL"},{"data":"MostiFishMod:StoryBook","floor":49,"key":"SMITH"},{"data":"Past Graveyard","floor":52,"key":"SMITH"}],"circlet_count":0,"master_deck":["Fantasy Butterflies","Dreamy Sakura+1","Deathly Ground","Faramita\u0027s Temptation+1","Linger over Flower","Mini Ghostdom+1","Song of Papilio+1","Ghastly Dream","Monster Cherry Tree","Linger over Flower","Butterflies Rainbow+1","Ghost Lead","Fondling of Papilio+1","MostiFishMod:StoryBook+1","Gauzy Sakura+1","Fondling of Papilio+1","Bloom+1","Ghastly Dream","End of Faramita","Past Graveyard+1","Unknown Petal+1","Mini Ghostdom+1"],"relics":["Coronal","Yuyuko\u0027s fan","testmod-TestBox","DaveBox","Ancient Tea Set","BirthdayGift-Icosahedron","testmod-IntensifyImprint","SynthV:TestCard","Potion Belt","DaCapo","testmod-Muramasa","ChiXiaoBlade","Nilry\u0027s Codex","The Courier","ImprovedEquipment","Mummified Hand","Red Mask","Trap Lamp","FaceOfCleric","Blue Kimono (Butterfly)","Pantograph","Toy Ornithopter","Dream Catcher","testmod-IndustrialRevolution","SynthV:C4"],"acts_visited":["Exordium","TheCity","TheBeyond","TheEnding"],"potions_floor_usage":[55,55,55],"damage_taken":[{"damage":0.0,"enemies":"Cultist","floor":1.0,"turns":2.0},{"damage":2.0,"enemies":"Jaw Worm","floor":2.0,"turns":2.0},{"damage":0.0,"enemies":"2 Louse","floor":3.0,"turns":1.0},{"damage":8.0,"enemies":"Blue Slaver","floor":5.0,"turns":3.0},{"damage":2.0,"enemies":"3 Sentries","floor":7.0,"turns":2.0},{"damage":0.0,"enemies":"Large Slime","floor":8.0,"turns":3.0},{"damage":0.0,"enemies":"Gremlin Nob","floor":10.0,"turns":2.0},{"damage":2.0,"enemies":"2 Fungi Beasts","floor":11.0,"turns":2.0},{"damage":0.0,"enemies":"Gremlin Gang","floor":12.0,"turns":1.0},{"damage":3.0,"enemies":"Lagavulin","floor":13.0,"turns":3.0},{"damage":14.0,"enemies":"The Guardian","floor":16.0,"turns":3.0},{"damage":0.0,"enemies":"3 Byrds","floor":18.0,"turns":2.0},{"damage":10,"enemies":"Shell Parasite","floor":22,"turns":2},{"damage":25,"enemies":"Book of Stabbing","floor":23,"turns":2},{"damage":3,"enemies":"Gremlin Leader","floor":25,"turns":1},{"damage":0,"enemies":"Masked Bandits","floor":27,"turns":1},{"damage":0,"enemies":"Book of Stabbing","floor":29,"turns":2},{"damage":0,"enemies":"Collector","floor":33,"turns":2},{"damage":0,"enemies":"Orb Walker","floor":35,"turns":2},{"damage":0,"enemies":"3 Darklings","floor":36,"turns":1},{"damage":0,"enemies":"Transient","floor":37,"turns":2},{"damage":0,"enemies":"Sphere and 2 Shapes","floor":38,"turns":2},{"damage":0,"enemies":"Giant Head","floor":40,"turns":2},{"damage":0,"enemies":"Maw","floor":42,"turns":2},{"damage":0,"enemies":"Nemesis","floor":44,"turns":1},{"damage":0,"enemies":"Writhing Mass","floor":45,"turns":2},{"damage":0,"enemies":"Reptomancer","floor":46,"turns":2},{"damage":0,"enemies":"Spire Growth","floor":48,"turns":1},{"damage":0,"enemies":"Awakened One","floor":50,"turns":3},{"damage":0,"enemies":"Shield and Spear","floor":54,"turns":1},{"damage":0,"enemies":"The Heart","floor":55,"turns":2}],"seed_played":"6921431392061885084","potions_obtained":[{"floor":1.0,"key":"Dexterity Potion"},{"floor":7.0,"key":"EssenceOfSteel"},{"floor":10.0,"key":"Gelsemium Tea"},{"floor":11.0,"key":"AttackPotion"},{"floor":16.0,"key":"Swift Potion"},{"floor":23,"key":"FairyPotion"},{"floor":25,"key":"PowerPotion"},{"floor":27,"key":"DuplicationPotion"},{"floor":35,"key":"BlessingOfTheForge"},{"floor":42,"key":"Energy Potion"},{"floor":46,"key":"PowerPotion"}],"is_trial":false,"path_per_floor":["M","M","M","$","M","R","E","M","T","E","M","M","E","?","R","B",null,"M","$","?","?","M","E","$","E","T","?","?","E","R","?","R","B",null,"M","M","M","M","$","E","$","M","T","E","M","E","R","M","R","B",null,"R","$","E","B",null],"character_chosen":"YUYOKO","items_purchased":["MostiFishMod:StoryBook"],"campfire_rested":0,"item_purchase_floors":[19],"current_hp_per_floor":[40,39,40,40,38,38,39,40,40,40,39,40,38,30,30,24,40,40,40,40,24,24,34,34,40,40,40,40,40,40,40,40,41,41,42,43,44,45,45,15,15,47,47,47,49,50,50,51,51,13,52,52,52,3,49],"gold":140,"neow_bonus":"RANDOM_COMMON_RELIC","is_daily":false,"chose_seed":false,"campfire_upgraded":6,"win_rate":0.0,"timestamp":1612094737,"path_taken":["M","M","M","$","M","R","E","?","T","E","M","M","E","?","R","BOSS","M","$","?","?","M","E","$","E","T","?","?","E","R","?","R","BOSS","M","M","M","?","?","E","$","M","T","E","M","E","R","M","R","BOSS","R","$","E","BOSS"],"items_purchased_type":["Card"],"build_version":"2020-12-22","purchased_purges":5,"victory":true,"max_hp_per_floor":[40,40,40,40,40,40,40,40,40,40,40,40,40,40,40,40,40,40,40,40,40,40,40,40,40,40,40,40,40,40,40,40,41,41,42,43,44,45,45,46,46,47,47,48,49,50,50,51,51,52,52,52,52,53,54],"card_choices":[{"not_picked":["Phantom Butterflies","Open The Fan"],"picked":"Linger over Flower","floor":1.0},{"not_picked":["All Wander","Gauzy Sakura","Steamed Phantom","Gather the Spring"],"picked":"Mini Ghostdom","floor":2.0},{"not_picked":["Dancing Butterflies","Elegance","Trap Lamp","Phantom Gift"],"picked":"Song of Papilio","floor":3.0},{"not_picked":["Linger over Flower","Gauzy Sakura","Lunch","Gather the Spring"],"picked":"Ghastly Dream","floor":5.0},{"not_picked":["Steamed Phantom","Song of Papilio","Death Dancing","Nihility"],"picked":"Monster Cherry Tree","floor":7.0},{"not_picked":["Final of Final","Trap Lamp","Phantom Gift","Dying Butterflies"],"picked":"Linger over Flower","floor":8.0},{"not_picked":["Stifle","Immigrant Phantom","Death Dancing","Snow","Wandering Soul"],"picked":"SKIP","floor":10.0},{"not_picked":["The Way to Death","Butterflies in Dream","Serene Spring","Gather the Spring"],"picked":"Butterflies Rainbow","floor":11.0},{"not_picked":["Spear of Papilio","Gone","Unstable Ward","Sweet of Phantom","The Nether"],"picked":"SKIP","floor":12.0},{"not_picked":["Full Inky Sakura","Childlike","Ghostdom Sakura","Dancing Butterflies","All Wander"],"picked":"SKIP","floor":13.0},{"not_picked":["Living to Die","The Inky Sakura","Scenery of Papilio","Ghost Spot"],"picked":"Ghost Lead","floor":16.0},{"not_picked":["Dying Butterflies","Become Phantom+1","Dancing Soul","Gather the Spring"],"picked":"Fondling of Papilio","floor":18.0},{"not_picked":["Elegance","End of Faramita+1","Unstable Ward+1","Phantom Butterflies","City of Death"],"picked":"SKIP","floor":22},{"not_picked":["Fondling of Papilio","Unknown Petal+1","Dark Wind","Unborn Light"],"picked":"Gauzy Sakura+1","floor":23},{"not_picked":["Bury in The Template","Redemption of Death","Trap Lamp","Full Moon+1"],"picked":"Fondling of Papilio+1","floor":25},{"not_picked":["Reverse The Screen","Spear of Papilio","Elegance","Suicide"],"picked":"Bloom+1","floor":27},{"not_picked":["Dark Wind","City of Death","Past Graveyard","Sweet of Phantom+1","Supernatural Nether"],"picked":"SKIP","floor":29},{"not_picked":["The Way to Death","Home of Suicide","Supernatural Nether","Ticket to Heaven"],"picked":"Past Graveyard","floor":33},{"not_picked":["Full Moon","Fondling of Papilio+1","The Forgotten Winter","All Wander"],"picked":"Unknown Petal+1","floor":35},{"not_picked":["Death Dancing","Sweet of Phantom","Open The Fan","Stifle","Triple Snow"],"picked":"SKIP","floor":36},{"not_picked":["Unborn Light","Reverse The Screen+1","Snowing Sakura","Gauzy Sakura","Unstable Ward+1"],"picked":"SKIP","floor":37},{"not_picked":["The Forgotten Winter","City of Death+1","Butterflies Rainbow+1","Dancing Butterflies+1","Become Phantom+1"],"picked":"SKIP","floor":38},{"not_picked":["Living to Die","Redemption of Death+1","Unstable Ward","Chase The Sukhavati","Reverse The Screen+1"],"picked":"SKIP","floor":40},{"not_picked":["Linger over Flower+1","Triple Snow","Snow","Suicide"],"picked":"Mini Ghostdom+1","floor":42},{"not_picked":["Monster Cherry Tree","End of Faramita","Butterflies in Dream+1","Unstable Ward","Infinite Sin"],"picked":"SKIP","floor":44},{"not_picked":["Serene Spring","Linger over Flower+1","All Wander","Final of Final+1","Gather the Spring"],"picked":"SKIP","floor":45},{"not_picked":["Immigrant Phantom+1","All Wander","Linger over Flower","Butterflies in Dream","Dying Sakura"],"picked":"SKIP","floor":46},{"not_picked":["Immigrant Phantom+1","All Wander","Linger over Flower","Butterflies in Dream","Dying Sakura"],"picked":"SKIP","floor":46},{"not_picked":["Supernatural Nether","Dark Wind","Unknown Petal+1","Sakura Ward+1","Song of Papilio+1"],"picked":"SKIP","floor":48},{"not_picked":["Unstable Ward+1","Spear of Papilio","Song of Papilio","Infinite Sin+1","Redemption of Death"],"picked":"SKIP","floor":54}],"player_experience":439804,"relics_obtained":[{"floor":1.0,"key":"SynthV:TestCard"},{"floor":7.0,"key":"Potion Belt"},{"floor":10.0,"key":"DaCapo"},{"floor":13.0,"key":"testmod-Muramasa"},{"floor":21,"key":"Nilry\u0027s Codex"},{"floor":23,"key":"The Courier"},{"floor":25,"key":"ImprovedEquipment"},{"floor":26,"key":"Mummified Hand"},{"floor":27,"key":"Red Mask"},{"floor":29,"key":"Trap Lamp"},{"floor":40,"key":"Pantograph"},{"floor":43,"key":"Toy Ornithopter"},{"floor":44,"key":"Dream Catcher"},{"floor":46,"key":"testmod-IndustrialRevolution"},{"floor":54,"key":"SynthV:C4"}],"event_choices":[{"damage_healed":0.0,"max_hp_gain":0.0,"max_hp_loss":0.0,"gold_gain":0.0,"event_name":"Shining Light","player_choice":"Entered Light","floor":14.0,"gold_loss":0.0,"damage_taken":8.0,"cards_upgraded":["Faramita\u0027s Temptation","Dreamy Sakura"]},{"cards_removed":["Dreamy Sakura"],"damage_healed":0,"gold_gain":0,"player_choice":"Elegance","damage_taken":0,"max_hp_gain":0,"max_hp_loss":0,"event_name":"Back to Basics","floor":20,"gold_loss":0},{"damage_healed":0,"gold_gain":0,"player_choice":"Obtained Book","damage_taken":16,"max_hp_gain":0,"max_hp_loss":0,"event_name":"Cursed Tome","floor":21,"gold_loss":0},{"damage_healed":0,"gold_gain":0,"player_choice":"Fought Bandits","damage_taken":0,"max_hp_gain":0,"max_hp_loss":0,"event_name":"Masked Bandits","floor":27,"gold_loss":0},{"damage_healed":0,"gold_gain":0,"cards_transformed":["Fantasy Butterflies","Fantasy Butterflies"],"player_choice":"Became Test Subject","damage_taken":0,"max_hp_gain":0,"max_hp_loss":0,"event_name":"Drug Dealer","floor":28,"gold_loss":0,"cards_obtained":["Ghastly Dream","End of Faramita"]},{"damage_healed":0,"gold_gain":0,"player_choice":"Trade","damage_taken":0,"relics_obtained":["FaceOfCleric"],"max_hp_gain":0,"max_hp_loss":0,"event_name":"FaceTrader","floor":31,"gold_loss":0}],"is_beta":false,"boss_relics":[{"not_picked":["NightmareShop","testmod-Nine"],"picked":"ChiXiaoBlade"},{"not_picked":["Cursed Key","FeatherPendant"],"picked":"Blue Kimono"}],"items_purged_floors":[4,19,24,39,41],"is_endless":false,"potions_floor_spawned":[1,7,10,11,16,23,25,27,29,35,38,42,46,48],"ascension_level":1}}