{"host":"aw6ta4ll26ap9lu8","time":1612104190,"event":{"mods":["AchievementEnabler","AlwaysNeverKeys","BaseMod","Bestiary","Block Reminder","Colored Map","Colored Powertips","Dark Map","DeckTracker","Highlight Path","Minty Spire (QoL Compilation)","Permanent Neow","Quick Restart","Relic Stats","StSLib"],"gold_per_floor":[366,137,137,137,137,137,137],"floor_reached":6,"language":"ENG","playtime":143,"items_purged":["Strike_P"],"score":50,"play_id":"77ac8a5d-4c0b-4067-bd41-aec9a894b9b8","local_time":"20210131094310","is_ascension_mode":true,"campfire_choices":[],"circlet_count":0,"master_deck":["AscendersBane","Strike_P","Strike_P","Strike_P","Defend_P","Defend_P","Defend_P","Defend_P","Eruption+1","Vigilance","TalkToTheHand","Regret"],"relics":["PureWater","Strange Spoon","Regal Pillow","Frozen Egg 2"],"acts_visited":["Exordium"],"potions_floor_usage":[6],"damage_taken":[{"damage":4,"enemies":"Jaw Worm","floor":1,"turns":3},{"damage":41,"enemies":"Gremlin Nob","floor":6,"turns":4}],"seed_played":"6589118528720830650","potions_obtained":[{"floor":1,"key":"StancePotion"}],"is_trial":false,"path_per_floor":["M","$","?","?","?","E"],"character_chosen":"WATCHER","items_purchased":["Strange Spoon"],"campfire_rested":0,"item_purchase_floors":[2],"current_hp_per_floor":[61,61,61,61,36,0,0],"gold":137,"neow_bonus":"TWO_FIFTY_GOLD","is_daily":false,"chose_seed":false,"campfire_upgraded":0,"win_rate":0.0,"timestamp":1612104190,"path_taken":["M","$","?","?","?","E"],"items_purchased_type":["Relic"],"build_version":"2020-12-22","purchased_purges":1,"victory":false,"max_hp_per_floor":[65,65,65,65,65,65,65],"relic_stats":{"Strange Spoon":[1],"Regal Pillow":0,"counters":[2,7],"obtain_stats":[{"Strange Spoon":2,"Regal Pillow":4,"PureWater":0,"Frozen Egg 2":5},{"Strange Spoon":1,"Regal Pillow":1,"PureWater":0,"Frozen Egg 2":1},{"Strange Spoon":3,"Regal Pillow":3,"PureWater":0,"Frozen Egg 2":3}]},"card_choices":[{"not_picked":["Prostrate","EmptyFist"],"picked":"TalkToTheHand","floor":1}],"player_experience":624738,"relics_obtained":[],"event_choices":[{"damage_healed":0,"gold_gain":0,"player_choice":"Grow","damage_taken":0,"max_hp_gain":0,"max_hp_loss":0,"event_name":"Living Wall","floor":3,"gold_loss":0,"cards_upgraded":["Eruption"]},{"damage_healed":0,"gold_gain":0,"player_choice":"Box","damage_taken":0,"relics_obtained":["Regal Pillow"],"max_hp_gain":0,"max_hp_loss":0,"event_name":"Big Fish","floor":4,"gold_loss":0,"cards_obtained":["Regret"]},{"damage_healed":0,"gold_gain":0,"player_choice":"Success","damage_taken":25,"relics_obtained":["Frozen Egg 2"],"max_hp_gain":0,"max_hp_loss":0,"event_name":"Scrap Ooze","floor":5,"gold_loss":0}],"is_beta":false,"boss_relics":[],"items_purged_floors":[2],"is_endless":false,"potions_floor_spawned":[1],"killed_by":"Gremlin Nob","ascension_level":11}}