{"host":"8kd0mw0b4mjhs7vl","time":1612052862,"event":{"mods":["BaseMod","Colored Map","Conspire","Downfall","Friendly Minions","Minty Spire (QoL Compilation)","Replay The Spire","StSLib","SuperFastMode"],"gold_per_floor":[117,39,59,71,17,43,118,153,153,153,217,26,40,59,59,158,158,141,141,158,169,188,188,222,222,247,263,278,303,320,334,334,434,534,554,566,585,585,602,632,632,643,695,695,186,186,86,145,145,145],"floor_reached":51,"language":"ENG","playtime":2177,"items_purged":["Strike_G","Strike_G"],"score":1156,"play_id":"9d7f9aa1-29db-4f76-a50c-b608351c326d","local_time":"20210131002742","is_ascension_mode":true,"campfire_choices":[{"floor":10,"key":"REST"},{"data":"conspire:PoisonWeapons","floor":23,"key":"SMITH"},{"data":"Noxious Fumes","floor":25,"key":"SMITH"},{"floor":32,"key":"REST"},{"floor":41,"key":"REST"},{"floor":46,"key":"REST"},{"floor":49,"key":"REST"}],"circlet_count":0,"master_deck":["AscendersBane","Strike_G","Strike_G","Defend_G","Defend_G","Defend_G","Defend_G","Defend_G","Survivor","Neutralize","Poisoned Stab","Backstab","Cloak And Dagger","Hidden Blade+1","conspire:PoisonWeapons+1","Poisoned Stab","Sucker Punch","PiercingWail","Cloak And Dagger","Distraction+1","Acrobatics","Noxious Fumes+1","downfall:Aged","Blur+1","A Thousand Cuts","conspire:DoublingDagger+1","A Thousand Cuts","Fluid Movement+1","ReplayTheSpireMod:Speed Training","Venomology","Infinite Blades+1","Cloak And Dagger+1","Parasite","Sucker Punch+1","ReplayTheSpireMod:Splinters","Heel Hook+1","Escape Plan"],"relics":["Ring of the Snake","NeowsBlessing","Kunai","Replay:WaspNest","Blue Candle","Divine Protection","conspire:TreasureMap","Cursed Key","Turnip","Snake Skull","Shuriken","Replay:Grab Bag","Replay:Wanted Poster","Painkiller Herb","SlaversCollar","Replay:Mystery Machine","Lantern","Snack Pack","Bag of Marbles","conspire:Flyswatter"],"acts_visited":["Exordium","TheCity","TheBeyond"],"potions_floor_usage":[6,16,18,22,24,33,33,36,37,50,50,50],"damage_taken":[{"damage":0,"enemies":"Jaw Worm","floor":1,"turns":1},{"damage":0,"enemies":"conspire:RoseBush","floor":3,"turns":1},{"damage":0,"enemies":"Small Slimes","floor":4,"turns":1},{"damage":12,"enemies":"Lagavulin","floor":6,"turns":6},{"damage":30,"enemies":"Gremlin Nob","floor":8,"turns":5},{"damage":0,"enemies":"2 Fungi Beasts","floor":13,"turns":4},{"damage":1,"enemies":"Exordium Wildlife","floor":14,"turns":2},{"damage":23,"enemies":"The Guardian","floor":16,"turns":14},{"damage":1,"enemies":"2 Thieves","floor":18,"turns":4},{"damage":0,"enemies":"conspire:FuzzyDice","floor":20,"turns":8},{"damage":14,"enemies":"3 Cultists","floor":21,"turns":7},{"damage":10,"enemies":"Chosen and Byrds","floor":22,"turns":5},{"damage":19,"enemies":"Book of Stabbing","floor":24,"turns":5},{"damage":0,"enemies":"Cultist and Chosen","floor":27,"turns":5},{"damage":0,"enemies":"Shelled Parasite and Fungi","floor":28,"turns":5},{"damage":10,"enemies":"Replay:Snechameleon","floor":29,"turns":6},{"damage":0,"enemies":"Snecko","floor":30,"turns":5},{"damage":5,"enemies":"Snake Plant","floor":31,"turns":3},{"damage":35,"enemies":"conspire:MysteriousRune","floor":33,"turns":8},{"damage":1,"enemies":"Orb Walker","floor":35,"turns":2},{"damage":18,"enemies":"3 Darklings","floor":36,"turns":5},{"damage":5,"enemies":"4 Shapes","floor":37,"turns":5},{"damage":16,"enemies":"Maw","floor":39,"turns":6},{"damage":8,"enemies":"Reptomancer","floor":40,"turns":6},{"damage":9,"enemies":"Spire Growth","floor":42,"turns":4},{"damage":29,"enemies":"Awakened One","floor":50,"turns":8}],"seed_played":"1992269940224703298","potions_obtained":[{"floor":4,"key":"champ:CounterPotion"},{"floor":8,"key":"bronze:BurnAndBuffPotion"},{"floor":14,"key":"SteroidPotion"},{"floor":16,"key":"Strength Potion"},{"floor":20,"key":"LiquidMemories"},{"floor":22,"key":"SpeedPotion"},{"floor":28,"key":"Reflective Coating"},{"floor":29,"key":"EssenceOfSteel"},{"floor":33,"key":"Fire Potion"},{"floor":36,"key":"CunningPotion"},{"floor":39,"key":"sneckomod:MuddlingPotion"},{"floor":40,"key":"ColorlessPotion"}],"is_trial":false,"path_per_floor":["M","?","M","M","$","E","?","E","T","R","?","$","M","M","R_BF","B",null,"M","?","M","M","M","R","E","R","T","M","M","E","M","M","R","B",null,"?","?","?","?","?","E","T","?","T","?","T","T","T","?","T","B",null],"character_chosen":"THE_SILENT","items_purchased":["Hidden Blade","conspire:TreasureMap","Sucker Punch","Snack Pack","Bag of Marbles","Sucker Punch+1"],"campfire_rested":5,"item_purchase_floors":[5,12,12,45,45,45],"current_hp_per_floor":[63,63,63,63,63,51,40,10,10,31,31,31,31,30,51,28,60,59,80,80,66,56,56,37,37,37,37,37,27,27,22,46,11,63,62,44,39,39,23,15,39,30,30,30,30,54,54,54,78,66],"gold":145,"neow_bonus":"THREE_ENEMY_KILL","is_daily":false,"chose_seed":false,"campfire_upgraded":2,"win_rate":0.0,"timestamp":1612052862,"path_taken":["M","?","?","M","$","E","?","E","T","R","?","?","M","M","R_BF","BOSS","M","?","M","M","?","R","E","R","T","M","M","E","M","M","R","BOSS","?","?","?","?","?","E","T","?","T","?","?","T","T","?","T","BOSS"],"items_purchased_type":["Card","Relic","Card","Relic","Relic","Card"],"build_version":"2020-12-22","purchased_purges":2,"victory":true,"max_hp_per_floor":[70,70,70,70,70,70,70,70,70,70,70,70,70,70,70,70,70,70,80,80,80,80,80,80,80,80,80,80,80,80,80,80,80,80,80,80,80,80,80,80,80,80,80,80,80,80,80,80,80,80],"card_choices":[{"not_picked":["Deadly Poison","Slice"],"picked":"Poisoned Stab","floor":1},{"not_picked":["Quick Slash","Underhanded Strike"],"picked":"Backstab","floor":3},{"not_picked":["Slice","PiercingWail"],"picked":"Cloak And Dagger","floor":4},{"not_picked":["Escape Plan","Burst"],"picked":"conspire:PoisonWeapons","floor":6},{"not_picked":["Reflex","Toxin Wave"],"picked":"Poisoned Stab","floor":8},{"not_picked":["Distraction","Acrobatics"],"picked":"PiercingWail","floor":13},{"not_picked":["Deflect","Toxin Wave"],"picked":"Cloak And Dagger","floor":14},{"not_picked":["Grand Finale","Burst"],"picked":"Poison Darts","floor":16},{"not_picked":["Deflect","Tactician","PiercingWail"],"picked":"SKIP","floor":18},{"not_picked":["Bane+1","Dagger Spray+1"],"picked":"Distraction+1","floor":20},{"not_picked":["Dagger Spray+1","Deflect","Prepared+1"],"picked":"SKIP","floor":21},{"not_picked":["Flying Knee","Slice"],"picked":"Acrobatics","floor":22},{"not_picked":["Deadly Poison","Poisoned Stab"],"picked":"Noxious Fumes","floor":24},{"not_picked":["Slice","Dodge and Roll"],"picked":"Blur+1","floor":27},{"not_picked":["Underhanded Strike+1","Riddle With Holes+1"],"picked":"A Thousand Cuts","floor":28},{"not_picked":["Well Laid Plans","Underhanded Strike"],"picked":"conspire:DoublingDagger+1","floor":29},{"not_picked":["Quick Slash","Tactician","All Out Attack"],"picked":"SKIP","floor":30},{"not_picked":["Bouncing Flask","Masterful Stab","Poisoned Stab"],"picked":"SKIP","floor":31},{"not_picked":["Bullet Time","Grand Finale"],"picked":"A Thousand Cuts","floor":33},{"not_picked":["Replay:Poison Smokescreen","Caltrops","Deadly Poison+1"],"picked":"SKIP","floor":35},{"not_picked":["Blade Dance","Slice"],"picked":"Fluid Movement+1","floor":36},{"not_picked":["Backflip+1","Deadly Poison+1"],"picked":"ReplayTheSpireMod:Speed Training","floor":37},{"not_picked":["Cloak And Dagger+1","Catalyst"],"picked":"Infinite Blades+1","floor":39},{"not_picked":["Heel Hook+1","Slice"],"picked":"Cloak And Dagger+1","floor":40},{"not_picked":["Riddle With Holes","Quick Slash","Prepared+1"],"picked":"SKIP","floor":42},{"not_picked":["Well Laid Plans","Skewer"],"picked":"Heel Hook+1","floor":48},{"not_picked":["Quick Slash","Flechettes"],"picked":"Escape Plan","floor":48}],"player_experience":300549,"relics_obtained":[{"floor":6,"key":"Replay:WaspNest"},{"floor":8,"key":"Blue Candle"},{"floor":9,"key":"Divine Protection"},{"floor":24,"key":"Turnip"},{"floor":26,"key":"Snake Skull"},{"floor":29,"key":"Shuriken"},{"floor":40,"key":"Replay:Mystery Machine"},{"floor":43,"key":"Lantern"},{"floor":48,"key":"conspire:Flyswatter"}],"event_choices":[{"damage_healed":0,"gold_gain":0,"player_choice":"Paid Gold","damage_taken":0,"relics_obtained":["Kunai"],"max_hp_gain":0,"max_hp_loss":0,"event_name":"WeMeetAgain","floor":2,"gold_loss":78},{"damage_healed":0,"gold_gain":75,"player_choice":"Gather Gold","damage_taken":11,"max_hp_gain":0,"max_hp_loss":0,"event_name":"World of Goop","floor":7,"gold_loss":0},{"damage_healed":0,"gold_gain":64,"player_choice":"Gained Gold","damage_taken":0,"max_hp_gain":0,"max_hp_loss":0,"event_name":"Golden Wing","floor":11,"gold_loss":0},{"cards_removed":["Poison Darts"],"damage_healed":11,"gold_gain":0,"player_choice":"Offered Rare","damage_taken":0,"max_hp_gain":10,"max_hp_loss":0,"event_name":"Bonfire Elementals","floor":19,"gold_loss":0},{"damage_healed":0,"gold_gain":0,"cards_transformed":["Strike_G"],"player_choice":"Transformed","damage_taken":0,"max_hp_gain":0,"max_hp_loss":0,"event_name":"Transmorgrifier","floor":38,"gold_loss":0,"cards_obtained":["Venomology"]},{"damage_healed":0,"gold_gain":0,"player_choice":"Got Potions","damage_taken":0,"max_hp_gain":0,"max_hp_loss":0,"event_name":"Lab","floor":44,"gold_loss":0}],"is_beta":false,"boss_relics":[{"not_picked":["conspire:SlowCooker","Runic Pyramid"],"picked":"Cursed Key"},{"not_picked":["Philosopher\u0027s Stone","Fusion Hammer"],"picked":"Replay:Grab Bag"},{"not_picked":["conspire:RoyalGoblet","Coffee Dripper"],"picked":"Replay:Wanted Poster"},{"not_picked":["ReplayTheSpireMod:Onyx Gauntlets","Runic Dome"],"picked":"Painkiller Herb"},{"not_picked":["HoveringKite","Astrolabe"],"picked":"SlaversCollar"}],"items_purged_floors":[45,47],"is_endless":false,"potions_floor_spawned":[4,8,14,16,20,22,28,29,33,36,39,40],"ascension_level":11}}