{"host":"kw4o7b3ro2ktmmbe","time":1612090166,"event":{"mods":["BaseMod","Bossed Relics","Evolution","Minty Spire (QoL Compilation)","StSLib","The Runesmith"],"gold_per_floor":[117,142,161,261,274,274,287,287,337,337,353,353,392,60,60,159,159,174,124,124,145,145,145,178,178,258,258,271,290,311,336,336,429,429,454,468,196,196,196,231,231,283,307,369,405,466,478,490,490],"floor_reached":48,"language":"ENG","playtime":4009,"items_purged":[],"score":1265,"play_id":"f50987e1-9264-4196-8788-a10b88b72c58","local_time":"20210131234926","is_ascension_mode":true,"campfire_choices":[{"data":"Eruption","floor":6.0,"key":"SMITH"},{"data":"Wireheading","floor":10.0,"key":"SMITH"},{"data":"Vigilance","floor":12.0,"key":"SMITH"},{"data":"DevaForm","floor":15.0,"key":"SMITH"},{"data":"SandsOfTime","floor":23.0,"key":"SMITH"},{"data":"MasterReality","floor":25.0,"key":"SMITH"},{"data":"Devotion","floor":32.0,"key":"SMITH"},{"data":"Vault","floor":41.0,"key":"SMITH"},{"data":"Ragnarok","floor":47,"key":"SMITH"}],"circlet_count":0,"master_deck":["AscendersBane","BowlingBash","BowlingBash","BowlingBash","BowlingBash","EmptyBody","EmptyBody","EmptyBody","EmptyBody","Eruption+1","Vigilance+1","SpiritShield+1","Wireheading+1","BattleHymn","DevaForm+1","MasterReality+1","Adaptation","SandsOfTime+1","Devotion+1","Consecrate+1","WheelKick","Vault+1","BattleHymn+1","Madness","Madness","Consecrate+1","CutThroughFate+1","Ragnarok+1","ReachHeaven","Brilliance"],"relics":["PureWater","EVO:Axolotl","Strawberry","Golden Idol","Pen Nib","MealTicket","OrangePellets","Bag of Preparation","Coffee Dripper","StrikeDummy","Bottled Tornado","Sozu","Kunai","Smiling Mask","Matryoshka","CeramicFish","MawBank","Juzu Bracelet","PreservedInsect","Yang"],"acts_visited":["Exordium","TheCity","TheBeyond"],"potions_floor_usage":[],"damage_taken":[{"damage":3.0,"enemies":"Cultist","floor":1.0,"turns":4.0},{"damage":0.0,"enemies":"2 Louse","floor":3.0,"turns":3.0},{"damage":0.0,"enemies":"Jaw Worm","floor":5.0,"turns":4.0},{"damage":6.0,"enemies":"Large Slime","floor":7.0,"turns":8.0},{"damage":4.0,"enemies":"Exordium Thugs","floor":11.0,"turns":4.0},{"damage":11.0,"enemies":"3 Sentries","floor":13.0,"turns":4.0},{"damage":5.0,"enemies":"Hexaghost","floor":16.0,"turns":9.0},{"damage":18.0,"enemies":"Chosen","floor":18.0,"turns":4.0},{"damage":12.0,"enemies":"Shell Parasite","floor":21.0,"turns":5.0},{"damage":17.0,"enemies":"Slavers","floor":24.0,"turns":6.0},{"damage":0.0,"enemies":"Sentry and Sphere","floor":28.0,"turns":5.0},{"damage":2.0,"enemies":"Centurion and Healer","floor":29.0,"turns":5.0},{"damage":0.0,"enemies":"Snake Plant","floor":30.0,"turns":2.0},{"damage":5.0,"enemies":"3 Cultists","floor":31.0,"turns":4.0},{"damage":0.0,"enemies":"Champ","floor":33.0,"turns":7.0},{"damage":8.0,"enemies":"3 Shapes","floor":35.0,"turns":5.0},{"damage":0.0,"enemies":"Orb Walker","floor":36.0,"turns":4.0},{"damage":20.0,"enemies":"Reptomancer","floor":40.0,"turns":6.0},{"damage":21.0,"enemies":"Giant Head","floor":42.0,"turns":7.0},{"damage":2,"enemies":"Nemesis","floor":44,"turns":6},{"damage":0,"enemies":"Spire Growth","floor":45,"turns":4},{"damage":5,"enemies":"Giant Head","floor":46,"turns":5},{"damage":45,"enemies":"Nemesis","floor":48,"turns":2}],"seed_played":"2096908502468830431","potions_obtained":[{"floor":3.0,"key":"FearPotion"},{"floor":7.0,"key":"SteroidPotion"},{"floor":16.0,"key":"EntropicBrew"},{"floor":30.0,"key":"Block Potion"},{"floor":33.0,"key":"Energy Potion"}],"is_trial":false,"path_per_floor":["M","T","M","?","M","R","M","?","T","R","M","R","E","$","R","B",null,"M","?","$","M","?","R","E","R","T","?","M","M","M","M","R","B",null,"M","M","$","?","T","E","R","E","T","E","M","E","R","E"],"character_chosen":"WATCHER","items_purchased":["OrangePellets","Bag of Preparation","Kunai"],"campfire_rested":0,"item_purchase_floors":[14,14,37],"current_hp_per_floor":[64,71,71,71,71,71,65,37,37,37,33,33,22,37,37,32,69,51,51,66,54,54,54,37,37,37,37,37,35,35,30,30,30,68,60,60,75,60,60,40,40,19,19,17,17,12,12,0,0],"gold":490,"neow_bonus":"TEN_PERCENT_HP_BONUS","is_daily":false,"chose_seed":false,"campfire_upgraded":9,"win_rate":0.0,"timestamp":1612090166,"path_taken":["M","?","M","?","M","R","?","?","T","R","M","R","E","$","R","BOSS","M","?","?","M","?","R","E","R","T","?","M","M","M","?","R","BOSS","M","M","$","?","?","E","R","E","T","E","M","E","R","E"],"items_purchased_type":["Relic","Relic","Relic"],"build_version":"2020-12-22","purchased_purges":0,"victory":false,"max_hp_per_floor":[74,81,81,81,81,81,81,81,81,81,81,81,81,81,81,81,81,81,81,81,81,81,81,81,81,81,81,81,81,81,81,81,81,81,81,81,81,81,81,81,81,81,81,81,81,81,81,81,81],"card_choices":[{"not_picked":["EmptyBody","ThirdEye","CrushJoints"],"picked":"SKIP","floor":1.0},{"not_picked":["EmptyFist","BowlingBash"],"picked":"SpiritShield","floor":3.0},{"not_picked":["EmptyFist","JustLucky","CrushJoints"],"picked":"SKIP","floor":5.0},{"not_picked":["MentalFortress","Prostrate"],"picked":"Wireheading","floor":7.0},{"not_picked":["Crescendo","ClearTheMind"],"picked":"BattleHymn","floor":11.0},{"not_picked":["Devotion","FlyingSleeves"],"picked":"DevaForm","floor":13.0},{"not_picked":["Scrawl","Wish"],"picked":"MasterReality","floor":16.0},{"not_picked":["ClearTheMind","Crescendo","PathToVictory"],"picked":"SKIP","floor":18.0},{"not_picked":["SignatureMove","FlyingSleeves"],"picked":"Adaptation","floor":21.0},{"not_picked":["Worship","Consecrate","CarveReality"],"picked":"SKIP","floor":24.0},{"not_picked":["EmptyFist","Consecrate","ThirdEye"],"picked":"SKIP","floor":28.0},{"not_picked":["Crescendo","Protect"],"picked":"Devotion","floor":29.0},{"not_picked":["EmptyBody","Worship"],"picked":"Consecrate+1","floor":30.0},{"not_picked":["FlurryOfBlows","Weave"],"picked":"WheelKick","floor":31.0},{"not_picked":["Blasphemy","MasterReality"],"picked":"Vault","floor":33.0},{"not_picked":["BowlingBash","Perseverance+1"],"picked":"BattleHymn+1","floor":35.0},{"not_picked":["ClearTheMind","EmptyBody","FollowUp"],"picked":"SKIP","floor":36.0},{"not_picked":["CrushJoints","Worship"],"picked":"Consecrate+1","floor":40.0},{"not_picked":["Halt","CrushJoints"],"picked":"CutThroughFate+1","floor":42.0},{"not_picked":["Swivel","EmptyFist+1"],"picked":"Ragnarok","floor":44},{"not_picked":["Conclude","Halt"],"picked":"ReachHeaven","floor":45},{"not_picked":["Judgement","PathToVictory"],"picked":"Brilliance","floor":46}],"player_experience":1881749,"relics_obtained":[{"floor":2.0,"key":"Strawberry"},{"floor":9.0,"key":"Pen Nib"},{"floor":13.0,"key":"MealTicket"},{"floor":24.0,"key":"StrikeDummy"},{"floor":26.0,"key":"Bottled Tornado"},{"floor":39.0,"key":"Smiling Mask"},{"floor":40.0,"key":"Matryoshka"},{"floor":42.0,"key":"CeramicFish"},{"floor":43.0,"key":"MawBank"},{"floor":43.0,"key":"Juzu Bracelet"},{"floor":44,"key":"PreservedInsect"},{"floor":46,"key":"Yang"}],"event_choices":[{"damage_healed":0.0,"max_hp_gain":0.0,"max_hp_loss":0.0,"gold_gain":100.0,"event_name":"Wheel of Change","player_choice":"Gold","floor":4.0,"gold_loss":0.0,"damage_taken":0.0},{"damage_healed":0.0,"max_hp_gain":0.0,"max_hp_loss":0.0,"gold_gain":0.0,"event_name":"Golden Idol","player_choice":"Take Damage","floor":8.0,"gold_loss":0.0,"damage_taken":28.0,"relics_obtained":["Golden Idol"]},{"damage_healed":0.0,"max_hp_gain":0.0,"max_hp_loss":0.0,"gold_gain":0.0,"event_name":"Designer","player_choice":"Upgrade","floor":19.0,"gold_loss":50.0,"damage_taken":0.0,"cards_upgraded":["SpiritShield"]},{"damage_healed":0.0,"max_hp_gain":0.0,"max_hp_loss":0.0,"gold_gain":0.0,"event_name":"The Library","player_choice":"Read","floor":22.0,"gold_loss":0.0,"damage_taken":0.0,"cards_obtained":["SandsOfTime"]},{"damage_healed":0.0,"max_hp_gain":0.0,"max_hp_loss":0.0,"gold_gain":0.0,"event_name":"Beggar","player_choice":"Ignored","floor":27.0,"gold_loss":0.0,"damage_taken":0.0},{"damage_healed":0.0,"max_hp_gain":0.0,"max_hp_loss":0.0,"gold_gain":0.0,"event_name":"Winding Halls","player_choice":"Embrace Madness","floor":38.0,"gold_loss":0.0,"damage_taken":15.0,"cards_obtained":["Madness","Madness"]}],"is_beta":false,"boss_relics":[{"not_picked":["Runesmith:UraniumAnvil","Busted Crown"],"picked":"Coffee Dripper"},{"not_picked":["Runic Dome","SacredBark"],"picked":"Sozu"}],"items_purged_floors":[],"is_endless":false,"potions_floor_spawned":[3,7,11,16,18,29,30,31,33,36,42,44],"killed_by":"Nemesis","ascension_level":17}}