{"host":"sav7uxregyirlf69","time":1612058692,"event":{"mods":["AchievementEnabler","BaseMod","Colored Map","DeckTracker","Keyboard Shortcuts","Minty Spire (QoL Compilation)","READ ME - Guardian Mod","StSLib","SuperFastMode"],"gold_per_floor":[112,130,130,130,61,72,83,83,83,8,8,20,20,47,47,121,121,138,138,138,188,198,198,55,55,55,80,99,113,141,91,91,91,91],"floor_reached":33,"language":"KOR","playtime":488,"items_purged":["Strike_G"],"score":538,"play_id":"f2068da9-de8f-42f1-9169-37dc5f2f1f6a","local_time":"20210131110452","is_ascension_mode":true,"campfire_choices":[{"floor":8,"key":"REST"},{"data":"Blade Dance","floor":11,"key":"SMITH"},{"data":"Accuracy","floor":15,"key":"SMITH"},{"data":"Venomology","floor":23,"key":"SMITH"},{"data":"Finisher","floor":25,"key":"SMITH"},{"data":"Neutralize","floor":32,"key":"SMITH"}],"circlet_count":0,"master_deck":["AscendersBane","Strike_G+1","Strike_G","Strike_G+1","Defend_G","Defend_G","Defend_G","Defend_G+1","Survivor+1","Neutralize+1","Dagger Spray","Blade Dance+1","Accuracy+1","Finisher+1","Burst","Venomology+1","Predator","Deadly Poison","Blur","Terror+1","Blade Dance"],"relics":["Ring of the Snake","Thread and Needle","Spirit Poop","Mercury Hourglass","Gremlin Horn","Mummified Hand","WristBlade","TheAbacus","Calipers","Akabeko","Bottled Tornado"],"acts_visited":["Exordium","TheCity"],"potions_floor_usage":[7,7,14,22,27,28,29,30,30,33,33,33],"damage_taken":[{"damage":0,"enemies":"2 Louse","floor":1,"turns":4},{"damage":0,"enemies":"Jaw Worm","floor":2,"turns":4},{"damage":0,"enemies":"Cultist","floor":6,"turns":3},{"damage":33,"enemies":"Exordium Thugs","floor":7,"turns":6},{"damage":1,"enemies":"Red Slaver","floor":12,"turns":5},{"damage":6,"enemies":"Gremlin Nob","floor":14,"turns":3},{"damage":8,"enemies":"Slime Boss","floor":16,"turns":8},{"damage":0,"enemies":"Chosen","floor":18,"turns":3},{"damage":0,"enemies":"3 Byrds","floor":22,"turns":3},{"damage":0,"enemies":"Gremlin Leader","floor":27,"turns":2},{"damage":0,"enemies":"Snake Plant","floor":28,"turns":2},{"damage":0,"enemies":"3 Cultists","floor":29,"turns":2},{"damage":19,"enemies":"Slavers","floor":30,"turns":3},{"damage":56,"enemies":"Champ","floor":33,"turns":7}],"seed_played":"7979638183864061050","potions_obtained":[{"floor":2,"key":"SkillPotion"},{"floor":6,"key":"Weak Potion"},{"floor":12,"key":"Regen Potion"},{"floor":16,"key":"ColorlessPotion"},{"floor":29,"key":"SteroidPotion"},{"floor":30,"key":"Explosive Potion"}],"is_trial":false,"path_per_floor":["M","M","?","?","$","M","M","R","T","$","R","M","T","E","R","B",null,"M","?","?","?","M","R","$","R","T","E","M","M","E","?","R","B"],"character_chosen":"THE_SILENT","items_purchased":["Accuracy","TheAbacus"],"campfire_rested":1,"item_purchase_floors":[5,24],"current_hp_per_floor":[59,59,39,39,39,39,6,24,24,24,24,23,23,26,26,18,52,52,52,52,52,52,52,52,52,52,52,52,52,33,33,33,0,0],"gold":91,"neow_bonus":"ONE_RARE_RELIC","is_daily":false,"chose_seed":false,"campfire_upgraded":5,"win_rate":0.0,"timestamp":1612058692,"path_taken":["M","M","?","?","$","M","M","R","T","$","R","?","?","E","R","BOSS","M","?","?","?","M","R","$","R","T","E","M","M","E","?","R","BOSS"],"items_purchased_type":["Card","Relic"],"build_version":"2020-12-22","purchased_purges":1,"victory":false,"max_hp_per_floor":[66,66,66,63,63,63,63,63,63,63,63,63,63,63,63,63,63,63,63,63,63,63,63,63,63,63,63,63,63,63,63,63,63,63],"card_choices":[{"not_picked":["Backstab","Prepared"],"picked":"Dagger Spray","floor":1},{"not_picked":["Bane","Deflect"],"picked":"Blade Dance","floor":2},{"not_picked":["Infinite Blades","Outmaneuver"],"picked":"Finisher","floor":6},{"not_picked":["Dagger Throw","All Out Attack","Acrobatics"],"picked":"SKIP","floor":7},{"not_picked":["Dodge and Roll","Acrobatics","Choke"],"picked":"SKIP","floor":12},{"not_picked":["Prepared","Quick Slash"],"picked":"Burst","floor":14},{"not_picked":["Tools of the Trade","Doppelganger"],"picked":"Venomology","floor":16},{"not_picked":["Poisoned Stab","Choke+1","Dagger Throw"],"picked":"SKIP","floor":18},{"not_picked":["Cloak And Dagger","Poisoned Stab","Escape Plan"],"picked":"SKIP","floor":22},{"not_picked":["Expertise+1","Catalyst"],"picked":"Blur","floor":27},{"not_picked":["Poisoned Stab","Outmaneuver","Dagger Spray"],"picked":"SKIP","floor":28},{"not_picked":["Endless Agony","Sucker Punch"],"picked":"Terror+1","floor":29},{"not_picked":["Catalyst","Dagger Throw"],"picked":"Blade Dance","floor":30}],"player_experience":1442859,"relics_obtained":[{"floor":9,"key":"Mercury Hourglass"},{"floor":13,"key":"Gremlin Horn"},{"floor":14,"key":"Mummified Hand"},{"floor":26,"key":"Calipers"},{"floor":27,"key":"Akabeko"},{"floor":30,"key":"Bottled Tornado"}],"event_choices":[{"damage_healed":0,"gold_gain":0,"player_choice":"Entered Light","damage_taken":20,"max_hp_gain":0,"max_hp_loss":0,"event_name":"Shining Light","floor":3,"gold_loss":0,"cards_upgraded":["Defend_G","Strike_G"]},{"cards_removed":["Parasite"],"damage_healed":0,"gold_gain":0,"player_choice":"Offered Curse","damage_taken":0,"relics_obtained":["Spirit Poop"],"max_hp_gain":0,"max_hp_loss":0,"event_name":"Bonfire Elementals","floor":4,"gold_loss":0},{"damage_healed":0,"gold_gain":0,"player_choice":"Ignored","damage_taken":0,"max_hp_gain":0,"max_hp_loss":0,"event_name":"The Mausoleum","floor":19,"gold_loss":0},{"damage_healed":0,"gold_gain":0,"cards_transformed":["Strike_G","Defend_G"],"player_choice":"Became Test Subject","damage_taken":0,"max_hp_gain":0,"max_hp_loss":0,"event_name":"Drug Dealer","floor":20,"gold_loss":0,"cards_obtained":["Predator","Deadly Poison"]},{"damage_healed":0,"gold_gain":50,"player_choice":"Stole From Cult","damage_taken":0,"max_hp_gain":0,"max_hp_loss":0,"event_name":"Nest","floor":21,"gold_loss":0},{"damage_healed":0,"gold_gain":0,"player_choice":"Upgraded Two","damage_taken":0,"max_hp_gain":0,"max_hp_loss":0,"event_name":"Designer","floor":31,"gold_loss":50,"cards_upgraded":["Survivor","Strike_G"]}],"is_beta":false,"boss_relics":[{"not_picked":["Ectoplasm","Cursed Key"],"picked":"WristBlade"}],"items_purged_floors":[10],"is_endless":false,"potions_floor_spawned":[2,6,12,16,28,29,30],"killed_by":"Champ","ascension_level":15}}