{"host":"ydh61a5ftgdajrbo","time":1612099681,"event":{"mods":["BaseMod","Colored Map","Downfall","Hermit","Minty Spire (QoL Compilation)","Spire Arcade","StSLib","The Cursed","The Servant 0.9.4"],"gold_per_floor":[114,126,141,316,316,343,358,358,431,431,431,450,68,88,88,216,216,240,240,240],"floor_reached":19,"language":"ZHS","playtime":922,"items_purged":["hermit:Strike_Hermit"],"score":227,"play_id":"3d0c7d3e-07d6-4f35-ad18-f12a074c1c82","local_time":"20210131212801","is_ascension_mode":true,"campfire_choices":[{"data":"hermit:GoldenBullet","floor":8.0,"key":"SMITH"},{"floor":15.0,"key":"REST"}],"circlet_count":0,"master_deck":["hermit:Strike_Hermit","hermit:Strike_Hermit","hermit:Strike_Hermit","hermit:Defend_Hermit","hermit:Defend_Hermit","hermit:Defend_Hermit","hermit:Defend_Hermit","hermit:Snapshot","hermit:Covet","hermit:HighNoon","hermit:Roulette","hermit:Quickdraw","hermit:GoldenBullet+1","hermit:Misfire","hermit:TrackingShot","Injury","Regret","hermit:Spite","hermit:RoundhouseKick","hermit:Glare","hermit:Dissolve","hermit:Headshot+1"],"relics":["hermit:Momento","Mango","Frozen Egg 2","Golden Idol","hexamod:BolsterEngine","Orichalcum","hermit:DentedPlate"],"acts_visited":["Exordium","TheCity"],"potions_floor_usage":[],"damage_taken":[{"damage":1.0,"enemies":"Jaw Worm","floor":1.0,"turns":6.0},{"damage":2.0,"enemies":"2 Louse","floor":2.0,"turns":3.0},{"damage":7.0,"enemies":"Small Slimes","floor":3.0,"turns":2.0},{"damage":26.0,"enemies":"Lagavulin","floor":6.0,"turns":5.0},{"damage":9.0,"enemies":"2 Fungi Beasts","floor":7.0,"turns":3.0},{"damage":2.0,"enemies":"Looter","floor":12.0,"turns":2.0},{"damage":15.0,"enemies":"Exordium Wildlife","floor":14.0,"turns":3.0},{"damage":38.0,"enemies":"The Guardian","floor":16.0,"turns":9.0},{"damage":21,"enemies":"2 Thieves","floor":18,"turns":5}],"seed_played":"4402475313949693347","potions_obtained":[{"floor":1.0,"key":"Weak Potion"},{"floor":6.0,"key":"Explosive Potion"},{"floor":12.0,"key":"champ:CounterPotion"},{"floor":18,"key":"Explosive Potion"}],"is_trial":false,"path_per_floor":["M","M","M","?","?","E","M","R","T","?","?","M","$","M","R","B",null,"M","?"],"character_chosen":"HERMIT","items_purchased":["hermit:RoundhouseKick","Orichalcum"],"campfire_rested":1,"item_purchase_floors":[13,13],"current_hp_per_floor":[74,72,65,65,58,46,37,37,37,37,37,35,35,20,46,8,40,19,19,19],"gold":240,"neow_bonus":"ONE_RANDOM_RARE_CARD","is_daily":false,"chose_seed":false,"campfire_upgraded":1,"win_rate":0.0,"timestamp":1612099681,"path_taken":["M","M","M","?","?","E","M","R","T","?","?","M","?","M","R","BOSS","M","?"],"items_purchased_type":["Card","Relic"],"build_version":"2020-12-22","purchased_purges":1,"victory":false,"max_hp_per_floor":[75,75,75,75,75,89,89,89,89,89,89,89,89,89,89,89,121,121,121,121],"card_choices":[{"not_picked":["hermit:FullyLoaded","hermit:BodyArmor"],"picked":"hermit:Roulette","floor":1.0},{"not_picked":["hermit:TrackingShot","hermit:WideOpen"],"picked":"hermit:Quickdraw","floor":2.0},{"not_picked":["hermit:BodyArmor","hermit:WideOpen"],"picked":"hermit:GoldenBullet","floor":3.0},{"not_picked":["hermit:EternalForm","hermit:ItchyTrigger"],"picked":"hermit:Misfire","floor":6.0},{"not_picked":["hermit:WideOpen","hermit:Quickdraw"],"picked":"hermit:TrackingShot","floor":7.0},{"not_picked":["hermit:Misfire","hermit:LowProfile"],"picked":"hermit:Spite","floor":12.0},{"not_picked":["hermit:Quickdraw","hermit:TakeCover"],"picked":"hermit:Glare","floor":14.0},{"not_picked":["hermit:Magnum","hermit:Reprieve"],"picked":"hermit:Dissolve","floor":16.0},{"not_picked":["hermit:Desperado","hermit:BodyArmor"],"picked":"hermit:Headshot+1","floor":18}],"player_experience":343190,"relics_obtained":[{"floor":6.0,"key":"Mango"},{"floor":9.0,"key":"Frozen Egg 2"}],"event_choices":[{"damage_healed":0.0,"max_hp_gain":0.0,"max_hp_loss":0.0,"gold_gain":175.0,"event_name":"Liars Game","player_choice":"AGREE","floor":4.0,"gold_loss":0.0,"damage_taken":0.0,"cards_obtained":["Doubt"]},{"cards_removed":["Doubt"],"damage_healed":0.0,"max_hp_gain":0.0,"max_hp_loss":0.0,"gold_gain":0.0,"event_name":"Golden Wing","player_choice":"Card Removal","floor":5.0,"gold_loss":0.0,"damage_taken":7.0},{"damage_healed":0.0,"max_hp_gain":0.0,"max_hp_loss":0.0,"gold_gain":0.0,"event_name":"Golden Idol","player_choice":"Take Wound","floor":10.0,"gold_loss":0.0,"damage_taken":0.0,"relics_obtained":["Golden Idol"],"cards_obtained":["Injury"]},{"damage_healed":0.0,"max_hp_gain":0.0,"max_hp_loss":0.0,"gold_gain":0.0,"event_name":"Big Fish","player_choice":"Box","floor":11.0,"gold_loss":0.0,"damage_taken":0.0,"relics_obtained":["hexamod:BolsterEngine"],"cards_obtained":["Regret"]}],"is_beta":false,"boss_relics":[{"not_picked":["Ectoplasm","Pandora\u0027s Box"],"picked":"hermit:DentedPlate"}],"items_purged_floors":[13],"is_endless":false,"potions_floor_spawned":[1,6,12,18],"ascension_level":1}}