{"host":"dscols65uipasqd2","time":1612063823,"event":{"mods":["2.2 Compatiblity","AchievementEnabler","Aspiration","BaseMod","Colored Powertips","Downfall","Energized Spire","GifTheSpireLib","Hermit","Hubris","Infinite Spire","JesterMod","Jorbs\u0027s Wanderer Trilogy","Magitek Elite","Marisa????????","Minty Spire (QoL Compilation)","Rare Cards Sparkle","Replay The Spire","StSLib","Stuff the Spire","The Cursed","The Disciple","The Hierophant","The Judge","The Jungle","TheFirefly"],"gold_per_floor":[99,99,99,99,99,99,125,125,125,40,40,40,40,40,58,58,58,58],"floor_reached":16,"language":"ENG","playtime":428,"items_purged":[],"score":82,"play_id":"699afee8-df40-4111-92b8-64912aaff4a4","local_time":"20210130223023","is_ascension_mode":false,"campfire_choices":[{"data":"sneckomod:SnekBite","floor":1,"key":"SMITH"},{"data":"Slimebound:OozeBath","floor":13,"key":"SMITH"}],"circlet_count":0,"master_deck":["sneckomod:Strike","sneckomod:Strike","sneckomod:Defend+1","sneckomod:Defend","sneckomod:TailWhip","sneckomod:SnekBite+1","sneckomod:Unknown","sneckomod:Unknown","sneckomod:QuickBite","sneckomod:SnakeSap","Slimebound:OozeBath+1","sneckomod:SerpentIdol","Steam Power","Hello World"],"relics":["sneckomod:SneckoSoul","downfall:HeartsMalice","m_SnakeBloodCore","Angel_Ring","StuffTheSpire:TintedRock"],"acts_visited":["Exordium"],"potions_floor_usage":[16],"damage_taken":[{"damage":0,"enemies":"2 Louse","floor":2,"turns":1},{"damage":0,"enemies":"Cultist","floor":5,"turns":1},{"damage":0,"enemies":"Jaw Worm","floor":8,"turns":1},{"damage":10,"enemies":"downfall:FleeingMerchant","floor":10,"turns":4},{"damage":0,"enemies":"Blue Slaver","floor":15,"turns":1},{"damage":89,"enemies":"SI_SHIV_ARCHETYPE","floor":16,"turns":7}],"seed_played":"6457028478189603887","potions_obtained":[{"floor":15,"key":"SpeedPotion"}],"is_trial":false,"path_per_floor":["R","M","?","?","M","?","T","M","R","$","R","?","R","T","M","B"],"character_chosen":"THE_SNECKO","items_purchased":["sneckomod:SerpentIdol"],"campfire_rested":0,"item_purchase_floors":[10],"current_hp_per_floor":[90,90,90,90,90,90,90,90,90,83,83,83,83,83,86,0,0,0],"gold":58,"neow_bonus":"THREE_ENEMY_KILL","is_daily":false,"chose_seed":false,"campfire_upgraded":2,"win_rate":0.0,"timestamp":1612063823,"path_taken":["R","M","?","?","M","?","T","?","R","$","R","?","R","?","M","BOSS"],"items_purchased_type":["Card"],"build_version":"2020-12-22","purchased_purges":0,"victory":false,"max_hp_per_floor":[90,90,90,90,90,90,90,90,90,90,90,90,90,90,90,90,90,90],"card_choices":[{"not_picked":["sneckomod:UnknownCommonAttack","sneckomod:DiceBlock"],"picked":"sneckomod:QuickBite","floor":2},{"not_picked":["sneckomod:UnknownUncommonPower","sneckomod:DiceBlock"],"picked":"sneckomod:SnakeSap","floor":5},{"not_picked":["Reflex","Dagger Throw"],"picked":"sneckomod:UnknownRareSkill","floor":8},{"not_picked":["sneckomod:Unknown1Cost","sneckomod:TrashToTreasure"],"picked":"sneckomod:UnknownDraw","floor":10},{"not_picked":["Havoc","Infernal Blade"],"picked":"Hello World","floor":15}],"player_experience":510959,"relics_obtained":[{"floor":7,"key":"Angel_Ring"},{"floor":14,"key":"StuffTheSpire:TintedRock"}],"event_choices":[{"cards_removed":["sneckomod:Defend"],"damage_healed":0,"gold_gain":0,"player_choice":"Offered Basic","damage_taken":0,"max_hp_gain":0,"max_hp_loss":0,"event_name":"Bonfire Elementals","floor":6,"gold_loss":0}],"is_beta":false,"boss_relics":[],"items_purged_floors":[],"is_endless":false,"potions_floor_spawned":[15],"killed_by":"SI_SHIV_ARCHETYPE","ascension_level":0}}