{"host":"2l3i55whvwk76mom","time":1612058708,"event":{"mods":["BaseMod","Googly Eyes","Hermit","Hubris","Minty Spire (QoL Compilation)","Replay The Spire","StSLib","The Cursed","The Disciple","The Hierophant","The Jungle","The Necromancer"],"gold_per_floor":[118,134,134,158,171,171,204,204,229,229,264,305,326,326,326,455,455,470,313,313,329,349,349,349],"floor_reached":23,"language":"ENG","playtime":628,"items_purged":[],"score":211,"play_id":"2fd3e295-3892-4bed-bcff-9106f8faeaa1","local_time":"20210130180508","is_ascension_mode":true,"campfire_choices":[{"data":"Redo","floor":6,"key":"SMITH"},{"floor":15,"key":"REST"}],"circlet_count":0,"master_deck":["Strike_B","Strike_B","Strike_B","Strike_B","Defend_B","Defend_B","Defend_B","Defend_B","Zap","Dualcast","Panic Button","hubris:Ukulele","Redo+1","Loop","Electrodynamics","Leap","BasicCrystalCard","Consume","Amplify","ReplayTheSpireMod:Calculation Training","Heatsinks+1","Creative AI"],"relics":["Cracked Core","NeowsBlessing","Golden Idol","hubris:TenFootPole","Vajra","hubris:Icosahedron","Odd Mushroom","ReplayTheSpireMod:TigerMarble","hubris:Towel","Ring of Chaos","Blue Doll"],"acts_visited":["Exordium","TheCity"],"potions_floor_usage":[11,22,22],"damage_taken":[{"damage":0,"enemies":"Jaw Worm","floor":1,"turns":1},{"damage":0,"enemies":"2 Louse","floor":2,"turns":1},{"damage":0,"enemies":"Small Slimes","floor":4,"turns":1},{"damage":0,"enemies":"3 Louse","floor":5,"turns":2},{"damage":43,"enemies":"3 Sentries","floor":7,"turns":8},{"damage":7,"enemies":"The Mushroom Lair","floor":11,"turns":2},{"damage":7,"enemies":"Gremlin Nob","floor":12,"turns":3},{"damage":6,"enemies":"Looter","floor":13,"turns":3},{"damage":2,"enemies":"Slime Boss","floor":16,"turns":7},{"damage":0,"enemies":"3 Byrds","floor":18,"turns":2},{"damage":26,"enemies":"2 Thieves","floor":21,"turns":3},{"damage":2,"enemies":"Cultist and Chosen","floor":22,"turns":4},{"damage":45,"enemies":"Slavers","floor":23,"turns":2}],"seed_played":"3528864356554738804","potions_obtained":[{"floor":7,"key":"Explosive Potion"},{"floor":12,"key":"PotionOfCapacity"},{"floor":13,"key":"PowerPotion"},{"floor":16,"key":"Milkshake"},{"floor":18,"key":"Adrenaline Potion"}],"is_trial":false,"path_per_floor":["M","M","?","M","M","R","E","?","T","?","?","E","M","?","R","B",null,"M","$","?","M","M","E"],"character_chosen":"DEFECT","items_purchased":["Blue Doll"],"campfire_rested":1,"item_purchase_floors":[19],"current_hp_per_floor":[75,75,69,69,69,69,26,26,26,26,19,12,6,6,26,24,69,69,69,69,43,41,0,0],"gold":349,"neow_bonus":"THREE_ENEMY_KILL","is_daily":false,"chose_seed":false,"campfire_upgraded":1,"win_rate":0.0,"timestamp":1612058708,"path_taken":["M","M","?","M","M","R","E","?","T","?","?","E","M","?","R","BOSS","M","$","?","M","M","E"],"items_purchased_type":["Relic"],"build_version":"2020-12-22","purchased_purges":0,"victory":false,"max_hp_per_floor":[75,75,69,69,69,69,69,69,69,69,69,69,69,69,69,69,69,69,69,69,69,69,69,69],"card_choices":[{"not_picked":["Ball Lightning","Glacier"],"picked":"Panic Button","floor":1},{"not_picked":["ReplayTheSpireMod:Repulse","Barrage"],"picked":"hubris:Ukulele","floor":2},{"not_picked":["Beam Cell","Steam"],"picked":"Redo","floor":4},{"not_picked":["Ball Lightning","Leap"],"picked":"Loop","floor":5},{"not_picked":["Darkness","ReplayTheSpireMod:Repulse"],"picked":"Electrodynamics","floor":7},{"not_picked":["Hologram","Hello World"],"picked":"Leap","floor":11},{"not_picked":["Hologram","Steam"],"picked":"BasicCrystalCard","floor":12},{"not_picked":["Melter","Ball Lightning"],"picked":"Consume","floor":13},{"not_picked":["Creative AI","Mirror Shield"],"picked":"Amplify","floor":16},{"not_picked":["Barrage","Go for the Eyes"],"picked":"ReplayTheSpireMod:Calculation Training","floor":18},{"not_picked":["Panic Button","Compile Driver"],"picked":"Heatsinks+1","floor":21},{"not_picked":["Coolheaded","ReplayGash"],"picked":"Creative AI","floor":22}],"player_experience":343881,"relics_obtained":[{"floor":7,"key":"hubris:TenFootPole"},{"floor":9,"key":"Vajra"},{"floor":11,"key":"Odd Mushroom"},{"floor":12,"key":"ReplayTheSpireMod:TigerMarble"}],"event_choices":[{"damage_healed":0,"gold_gain":0,"player_choice":"Lose Max HP","damage_taken":0,"relics_obtained":["Golden Idol"],"max_hp_gain":0,"max_hp_loss":6,"event_name":"Golden Idol","floor":3,"gold_loss":0},{"damage_healed":0,"gold_gain":0,"player_choice":"Ignored","damage_taken":0,"max_hp_gain":0,"max_hp_loss":0,"event_name":"Liars Game","floor":8,"gold_loss":0},{"damage_healed":0,"gold_gain":0,"player_choice":"Fought Mushrooms","damage_taken":0,"max_hp_gain":0,"max_hp_loss":0,"event_name":"Mushrooms","floor":11,"gold_loss":0},{"damage_healed":0,"gold_gain":0,"player_choice":"Ignored","damage_taken":0,"max_hp_gain":0,"max_hp_loss":0,"event_name":"Ghosts","floor":20,"gold_loss":0}],"is_beta":false,"boss_relics":[{"not_picked":["Sozu","hubris:HollowSoul"],"picked":"Ring of Chaos"}],"items_purged_floors":[],"is_endless":false,"potions_floor_spawned":[7,12,13,16,18],"killed_by":"Slavers","ascension_level":1}}