{"host":"v9oq5ccz01n9mezq","time":1612130977,"event":{"mods":["BaseMod","Colored Map","Minty Spire (QoL Compilation)"],"gold_per_floor":[117,132,149,149,169,169,7,35,35,70,85,99,134,150,150,253,253,271,289,303,303,330,360,360,385,438,438,773,583,583,593,593,693,693,706,706,756,367,386,417,431,461,461,461,487,503,530,545,545,545],"floor_reached":51,"language":"ENG","playtime":2784,"items_purged":["Strike_R","Defend_R"],"score":1271,"play_id":"a13a75f0-e6e8-4cf2-81e7-50468dd6d8fa","local_time":"20210131170937","is_ascension_mode":true,"campfire_choices":[{"data":"Uppercut","floor":6.0,"key":"SMITH"},{"data":"Armaments","floor":15.0,"key":"SMITH"},{"data":"Inflame","floor":24.0,"key":"SMITH"},{"data":"Inflame","floor":27.0,"key":"SMITH"},{"data":"True Grit","floor":30.0,"key":"SMITH"},{"data":"Shrug It Off","floor":32.0,"key":"SMITH"},{"data":"Sword Boomerang","floor":44.0,"key":"SMITH"},{"data":"Spot Weakness","floor":49,"key":"SMITH"}],"circlet_count":0,"master_deck":["Defend_R","Bash","Carnage+1","Rage","Cleave","Flex","Uppercut+1","Anger","Dramatic Entrance","Armaments+1","Inflame+1","Inflame+1","Spot Weakness+1","Disarm","Reaper","Power Through+1","Berserk+1","Carnage+1","Seeing Red+1","Pummel+1","Double Tap","True Grit+1","Shrug It Off+1","Battle Trance","Brutality","Disarm+1","Sword Boomerang+1","Feel No Pain+1","Pummel+1","Sword Boomerang+1"],"relics":["Burning Blood","Centennial Puzzle","Pear","Charon\u0027s Ashes","Prayer Wheel","Astrolabe","Akabeko","Smiling Mask","Kunai","PreservedInsect","Old Coin","Vajra","Coffee Dripper","Shovel","Membership Card","TungstenRod","Regal Pillow","Paper Frog","Bottled Flame","StoneCalendar","Art of War"],"acts_visited":["Exordium","TheCity","TheBeyond"],"potions_floor_usage":[50,50,50],"damage_taken":[{"damage":3.0,"enemies":"Jaw Worm","floor":1.0,"turns":3.0},{"damage":0.0,"enemies":"Cultist","floor":2.0,"turns":3.0},{"damage":0.0,"enemies":"Small Slimes","floor":3.0,"turns":3.0},{"damage":22.0,"enemies":"Exordium Wildlife","floor":5.0,"turns":5.0},{"damage":0.0,"enemies":"Gremlin Nob","floor":8.0,"turns":2.0},{"damage":25.0,"enemies":"3 Sentries","floor":10.0,"turns":6.0},{"damage":0.0,"enemies":"3 Louse","floor":11.0,"turns":2.0},{"damage":0.0,"enemies":"Looter","floor":12.0,"turns":2.0},{"damage":12.0,"enemies":"Gremlin Nob","floor":13.0,"turns":3.0},{"damage":14.0,"enemies":"Red Slaver","floor":14.0,"turns":2.0},{"damage":19.0,"enemies":"Hexaghost","floor":16.0,"turns":8.0},{"damage":8.0,"enemies":"Chosen","floor":18.0,"turns":2.0},{"damage":9.0,"enemies":"3 Byrds","floor":19.0,"turns":4.0},{"damage":10.0,"enemies":"Snecko","floor":20.0,"turns":5.0},{"damage":0.0,"enemies":"Gremlin Leader","floor":23.0,"turns":4.0},{"damage":6.0,"enemies":"Book of Stabbing","floor":25.0,"turns":4.0},{"damage":15.0,"enemies":"Gremlin Leader","floor":28.0,"turns":3.0},{"damage":12.0,"enemies":"Cultist and Chosen","floor":31.0,"turns":3.0},{"damage":60.0,"enemies":"Collector","floor":33.0,"turns":5.0},{"damage":14.0,"enemies":"Orb Walker","floor":35.0,"turns":3.0},{"damage":0.0,"enemies":"Mind Bloom Boss Battle","floor":37.0,"turns":4.0},{"damage":36.0,"enemies":"3 Darklings","floor":39.0,"turns":6.0},{"damage":0.0,"enemies":"Reptomancer","floor":40.0,"turns":2.0},{"damage":9.0,"enemies":"Transient","floor":41.0,"turns":5.0},{"damage":10.0,"enemies":"Giant Head","floor":42.0,"turns":5.0},{"damage":18.0,"enemies":"Nemesis","floor":45.0,"turns":3.0},{"damage":17.0,"enemies":"Spire Growth","floor":46.0,"turns":3.0},{"damage":6.0,"enemies":"Giant Head","floor":47.0,"turns":5.0},{"damage":0,"enemies":"Maw","floor":48,"turns":5},{"damage":19,"enemies":"Time Eater","floor":50,"turns":5}],"seed_played":"-4296387638958782624","potions_obtained":[{"floor":5.0,"key":"DistilledChaos"},{"floor":11.0,"key":"Weak Potion"},{"floor":12.0,"key":"SpeedPotion"},{"floor":13.0,"key":"ElixirPotion"},{"floor":14.0,"key":"LiquidMemories"},{"floor":20.0,"key":"Ancient Potion"},{"floor":28.0,"key":"SpeedPotion"},{"floor":33.0,"key":"SteroidPotion"},{"floor":39.0,"key":"DuplicationPotion"},{"floor":46.0,"key":"BlessingOfTheForge"}],"is_trial":false,"path_per_floor":["M","M","M","?","M","R","$","E","T","E","M","M","E","M","R","B",null,"M","M","M","?","T","E","R","E","T","R","E","$","R","M","R","B",null,"M","?","?","$","M","E","M","E","T","R","E","M","E","M","R","B",null],"character_chosen":"IRONCLAD","items_purchased":["Dramatic Entrance","Vajra","True Grit","Membership Card","TungstenRod","Sword Boomerang","Strength Potion"],"campfire_rested":0,"item_purchase_floors":[7,29,29,38,38,38,38],"current_hp_per_floor":[72,72,72,72,56,56,56,62,72,53,59,65,59,51,51,38,71,69,72,80,80,80,82,82,82,82,82,73,73,73,82,82,68,79,82,82,82,82,79,82,82,78,78,78,66,55,73,82,82,69],"gold":545,"neow_bonus":"TRANSFORM_TWO_CARDS","is_daily":false,"chose_seed":false,"campfire_upgraded":8,"win_rate":0.0,"timestamp":1612130977,"path_taken":["M","M","M","?","M","R","$","E","T","E","M","M","E","M","R","BOSS","M","?","?","?","?","E","R","E","T","R","E","?","R","M","R","BOSS","M","?","?","$","M","E","M","E","T","R","E","M","E","M","R","BOSS"],"items_purchased_type":["Card","Relic","Card","Relic","Relic","Card","Potion"],"build_version":"2020-12-22","purchased_purges":2,"victory":true,"max_hp_per_floor":[72,72,72,72,72,72,72,72,82,82,82,82,82,82,82,82,82,82,82,82,82,82,82,82,82,82,82,82,82,82,82,82,82,82,82,82,82,82,82,82,82,82,82,82,82,82,82,82,82,82],"card_choices":[{"not_picked":["Heavy Blade","Body Slam"],"picked":"Cleave","floor":1.0},{"not_picked":["Iron Wave","Dropkick"],"picked":"Flex","floor":2.0},{"not_picked":["Seeing Red","Clothesline"],"picked":"Uppercut","floor":3.0},{"not_picked":["Carnage","Heavy Blade"],"picked":"Anger","floor":5.0},{"not_picked":["Bludgeon","Warcry"],"picked":"Armaments","floor":8.0},{"not_picked":["Clash","Infernal Blade"],"picked":"Inflame","floor":10.0},{"not_picked":["Ghostly Armor","Blood for Blood","Headbutt"],"picked":"SKIP","floor":11.0},{"not_picked":["Anger","Combust"],"picked":"Inflame","floor":12.0},{"not_picked":["Blood for Blood","Juggernaut"],"picked":"Spot Weakness","floor":13.0},{"not_picked":["Clothesline","Twin Strike"],"picked":"Disarm","floor":14.0},{"not_picked":["Rupture","Burning Pact","Thunderclap"],"picked":"SKIP","floor":14.0},{"not_picked":["Immolate","Bludgeon"],"picked":"Reaper","floor":16.0},{"not_picked":["Blood for Blood","Heavy Blade","Body Slam"],"picked":"SKIP","floor":18.0},{"not_picked":["Clash+1","Flex","Entrench"],"picked":"SKIP","floor":18.0},{"not_picked":["Twin Strike","Armaments","Immolate"],"picked":"SKIP","floor":19.0},{"not_picked":["Iron Wave","Warcry","Headbutt+1"],"picked":"SKIP","floor":19.0},{"not_picked":["Power Through","Havoc"],"picked":"Seeing Red+1","floor":20.0},{"not_picked":["Metallicize","Wild Strike","Anger"],"picked":"SKIP","floor":20.0},{"not_picked":["Evolve","Dark Embrace"],"picked":"Pummel+1","floor":23.0},{"not_picked":["Immolate","Uppercut","Cleave+1"],"picked":"SKIP","floor":25.0},{"not_picked":["Infernal Blade","Body Slam"],"picked":"Double Tap","floor":28.0},{"not_picked":["Twin Strike","Sword Boomerang"],"picked":"Shrug It Off","floor":31.0},{"not_picked":["Heavy Blade","Twin Strike"],"picked":"Battle Trance","floor":31.0},{"not_picked":["Impervious","Reaper"],"picked":"Brutality","floor":33.0},{"not_picked":["Rampage","Feel No Pain"],"picked":"Disarm+1","floor":35.0},{"not_picked":["Headbutt","Searing Blow","Warcry+1"],"picked":"SKIP","floor":35.0},{"not_picked":["Pommel Strike+1","Twin Strike+1"],"picked":"Feel No Pain+1","floor":39.0},{"not_picked":["Thunderclap+1","Clash","Armaments+1"],"picked":"SKIP","floor":39.0},{"not_picked":["Disarm+1","Searing Blow+1"],"picked":"Pummel+1","floor":40.0},{"not_picked":["Clash+1","Armaments+1","Sword Boomerang"],"picked":"SKIP","floor":41.0},{"not_picked":["Iron Wave+1","Intimidate","Bludgeon"],"picked":"SKIP","floor":41.0},{"not_picked":["Uppercut+1","Juggernaut","Heavy Blade"],"picked":"SKIP","floor":42.0},{"not_picked":["Twin Strike+1","Clash","Thunderclap+1"],"picked":"SKIP","floor":45.0},{"not_picked":["Carnage+1","Thunderclap+1"],"picked":"Sword Boomerang+1","floor":46.0},{"not_picked":["Rage","Heavy Blade","Anger+1"],"picked":"SKIP","floor":46.0},{"not_picked":["Anger+1","Clash","Power Through+1"],"picked":"SKIP","floor":47.0},{"not_picked":["Headbutt","Sword Boomerang+1","Warcry"],"picked":"SKIP","floor":48},{"not_picked":["Combust","Evolve+1","Armaments"],"picked":"SKIP","floor":48}],"player_experience":126597,"relics_obtained":[{"floor":8.0,"key":"Centennial Puzzle"},{"floor":9.0,"key":"Pear"},{"floor":10.0,"key":"Charon\u0027s Ashes"},{"floor":13.0,"key":"Prayer Wheel"},{"floor":22.0,"key":"Akabeko"},{"floor":23.0,"key":"Smiling Mask"},{"floor":25.0,"key":"Kunai"},{"floor":26.0,"key":"PreservedInsect"},{"floor":28.0,"key":"Old Coin"},{"floor":37.0,"key":"Shovel"},{"floor":40.0,"key":"Regal Pillow"},{"floor":42.0,"key":"Paper Frog"},{"floor":43.0,"key":"Bottled Flame"},{"floor":45.0,"key":"StoneCalendar"},{"floor":47.0,"key":"Art of War"}],"event_choices":[{"damage_healed":0.0,"max_hp_gain":0.0,"max_hp_loss":0.0,"gold_gain":0.0,"event_name":"Upgrade Shrine","player_choice":"Upgraded","floor":4.0,"gold_loss":0.0,"damage_taken":0.0,"cards_upgraded":["Carnage"]},{"cards_removed":["Strike_R"],"damage_healed":0.0,"max_hp_gain":0.0,"max_hp_loss":0.0,"gold_gain":0.0,"event_name":"Back to Basics","player_choice":"Elegance","floor":21.0,"gold_loss":0.0,"damage_taken":0.0},{"damage_healed":0.0,"max_hp_gain":0.0,"max_hp_loss":0.0,"gold_gain":0.0,"event_name":"SensoryStone","player_choice":"Memory 1","floor":36.0,"gold_loss":0.0,"damage_taken":0.0},{"damage_healed":0.0,"max_hp_gain":0.0,"max_hp_loss":0.0,"gold_gain":0.0,"event_name":"MindBloom","player_choice":"Fight","floor":37.0,"gold_loss":0.0,"damage_taken":0.0}],"is_beta":false,"boss_relics":[{"not_picked":["SacredBark","Black Blood"],"picked":"Astrolabe"},{"not_picked":["Runic Dome","SlaversCollar"],"picked":"Coffee Dripper"}],"items_purged_floors":[7,38],"is_endless":false,"potions_floor_spawned":[5,11,12,13,14,20,28,33,39,41,45,46],"ascension_level":8}}