{"host":"6xsbn6ynqlzwllfm","time":1612122015,"event":{"mods":["2.2 Compatiblity","BaseMod","Bestiary","Colored Map","Colored Powertips","Curses Come First","Highlight Path","Keyboard Shortcuts","Minty Spire (QoL Compilation)","Relic Stats","Slay the Relics Exporter","StSLib","SuperFastMode"],"gold_per_floor":[119,119,131,144,162,162,227,227,227,227,227],"floor_reached":10,"language":"ENG","playtime":261,"items_purged":[],"score":116,"play_id":"d8ed9e16-93bf-4801-9b48-ebf0fcd4881e","local_time":"20210131144015","is_ascension_mode":true,"campfire_choices":[{"data":"Tantrum","floor":6.0,"key":"SMITH"},{"floor":8.0,"key":"REST"}],"circlet_count":0,"master_deck":["AscendersBane","Strike_P","Strike_P","Strike_P","Defend_P","Defend_P","Defend_P","Defend_P","Eruption","Vigilance","SandsOfTime","WaveOfTheHand","FlyingSleeves","Tantrum+1","LessonLearned"],"relics":["PureWater","NeowsBlessing","Girya","Gambling Chip"],"acts_visited":["Exordium"],"potions_floor_usage":[],"damage_taken":[{"damage":0.0,"enemies":"Small Slimes","floor":1.0,"turns":1.0},{"damage":0.0,"enemies":"Cultist","floor":3.0,"turns":1.0},{"damage":0.0,"enemies":"Jaw Worm","floor":4.0,"turns":1.0},{"damage":20.0,"enemies":"Large Slime","floor":5.0,"turns":7.0},{"damage":35.0,"enemies":"3 Sentries","floor":7.0,"turns":7.0},{"damage":62,"enemies":"Lagavulin","floor":10,"turns":7}],"seed_played":"-5927532450529144130","potions_obtained":[{"floor":1.0,"key":"PowerPotion"}],"is_trial":false,"path_per_floor":["M","?","M","M","M","R","?","R","T","E"],"character_chosen":"WATCHER","items_purchased":[],"campfire_rested":1,"item_purchase_floors":[],"current_hp_per_floor":[61,61,61,61,41,41,6,26,26,0,0],"gold":227,"neow_bonus":"THREE_ENEMY_KILL","is_daily":false,"chose_seed":false,"campfire_upgraded":1,"win_rate":0.0,"timestamp":1612122015,"path_taken":["M","?","?","M","M","R","?","R","T","E"],"items_purchased_type":[],"build_version":"2020-12-22","purchased_purges":0,"victory":false,"max_hp_per_floor":[68,68,68,68,68,68,68,68,68,68,68],"relic_stats":{"counters":[6,24],"Gambling Chip":[3],"obtain_stats":[{"Girya":7,"NeowsBlessing":0,"Gambling Chip":9,"PureWater":0},{"Girya":5,"NeowsBlessing":0,"Gambling Chip":5,"PureWater":0},{"Girya":17,"NeowsBlessing":0,"Gambling Chip":17,"PureWater":0}]},"card_choices":[{"not_picked":["FlyingSleeves","Crescendo"],"picked":"SandsOfTime","floor":1.0},{"not_picked":["Fasting2","EmptyMind"],"picked":"WaveOfTheHand","floor":3.0},{"not_picked":["BowlingBash","Crescendo"],"picked":"FlyingSleeves","floor":4.0},{"not_picked":["Pray","InnerPeace"],"picked":"Tantrum","floor":5.0},{"not_picked":["SignatureMove","Prostrate"],"picked":"LessonLearned","floor":7.0}],"player_experience":1365846,"relics_obtained":[{"floor":7.0,"key":"Girya"},{"floor":9.0,"key":"Gambling Chip"}],"event_choices":[{"cards_removed":["Strike_P"],"damage_healed":0.0,"max_hp_gain":0.0,"max_hp_loss":0.0,"gold_gain":0.0,"event_name":"Wheel of Change","player_choice":"Card Removal","floor":2.0,"gold_loss":0.0,"damage_taken":0.0},{"damage_healed":0.0,"max_hp_gain":0.0,"max_hp_loss":0.0,"gold_gain":30.0,"event_name":"Dead Adventurer","player_choice":"Searched \u00272\u0027 times","floor":7.0,"gold_loss":0.0,"damage_taken":0.0}],"is_beta":false,"boss_relics":[],"items_purged_floors":[],"is_endless":false,"potions_floor_spawned":[1],"killed_by":"Lagavulin","ascension_level":20}}