{"host":"at8674jmuidj9jgx","time":1612117709,"event":{"mods":["AchievementEnabler","BaseMod","Colored Map","Colored Powertips","Minty Spire (QoL Compilation)","SuperFastMode"],"gold_per_floor":[111,186,186,199,199,199,199,238,238,258,279,279,322,337,337,468,468,487,507,530,455,8,8,48,67,67,67,67],"floor_reached":27,"language":"ENG","playtime":1142,"items_purged":[],"score":347,"play_id":"fbf0433d-1df9-4ccc-80df-2ba862f9a77f","local_time":"20210131212829","is_ascension_mode":true,"campfire_choices":[{"data":"Spot Weakness","floor":6,"key":"SMITH"},{"data":"1","floor":15,"key":"LIFT"},{"floor":23,"key":"REST"}],"circlet_count":0,"master_deck":["Strike_R","Strike_R","Strike_R","Strike_R","Strike_R","Defend_R","Defend_R","Defend_R","Bash","Carnage","Spot Weakness+1","Spot Weakness","Seeing Red","Inflame","Perfected Strike","Limit Break","Flex+1","Twin Strike+1"],"relics":["Black Blood","Boot","Golden Idol","Girya","Centennial Puzzle","Mango","Ancient Tea Set","Singing Bowl","Happy Flower","Eternal Feather"],"acts_visited":["Exordium","TheCity"],"potions_floor_usage":[8,13,16,19,24,25],"damage_taken":[{"damage":0,"enemies":"Small Slimes","floor":1,"turns":3},{"damage":0,"enemies":"2 Louse","floor":4,"turns":2},{"damage":34,"enemies":"Gremlin Nob","floor":8,"turns":4},{"damage":11,"enemies":"Cultist","floor":10,"turns":4},{"damage":0,"enemies":"Large Slime","floor":11,"turns":5},{"damage":22,"enemies":"3 Sentries","floor":13,"turns":5},{"damage":20,"enemies":"Gremlin Gang","floor":14,"turns":5},{"damage":12,"enemies":"Slime Boss","floor":16,"turns":8},{"damage":38,"enemies":"3 Byrds","floor":18,"turns":5},{"damage":7,"enemies":"Chosen","floor":19,"turns":4},{"damage":73,"enemies":"Shelled Parasite and Fungi","floor":20,"turns":5},{"damage":6,"enemies":"Gremlin Leader","floor":24,"turns":3},{"damage":23,"enemies":"Sentry and Sphere","floor":25,"turns":4},{"damage":49,"enemies":"Book of Stabbing","floor":27,"turns":3}],"seed_played":"2781912652299519280","potions_obtained":[{"floor":4,"key":"BloodPotion"},{"floor":10,"key":"HeartOfIron"},{"floor":11,"key":"BlessingOfTheForge"},{"floor":18,"key":"Weak Potion"},{"floor":24,"key":"SteroidPotion"}],"is_trial":false,"path_per_floor":["M","?","?","M","?","R","?","E","T","M","M","?","E","M","R","B",null,"M","M","M","?","$","R","E","M","T","E"],"character_chosen":"IRONCLAD","items_purchased":["Ancient Tea Set","Singing Bowl","ColorlessPotion"],"campfire_rested":1,"item_purchase_floors":[22,22,22],"current_hp_per_floor":[88,77,74,80,80,80,80,69,69,64,70,70,68,54,54,48,102,76,81,20,20,20,50,58,49,49,0,0],"gold":67,"neow_bonus":"TEN_PERCENT_HP_BONUS","is_daily":false,"chose_seed":false,"campfire_upgraded":1,"win_rate":0.0,"timestamp":1612117709,"path_taken":["M","?","?","M","?","R","?","E","T","?","M","?","E","M","R","BOSS","M","M","?","?","$","R","E","M","T","E"],"items_purchased_type":["Relic","Relic","Potion"],"build_version":"2020-12-22","purchased_purges":0,"victory":false,"max_hp_per_floor":[88,88,88,88,88,88,88,88,88,88,88,88,102,102,102,102,102,102,102,102,102,102,102,104,106,106,106,106],"card_choices":[{"not_picked":["Cleave","Wild Strike"],"picked":"Carnage","floor":1},{"not_picked":["Shockwave","Shrug It Off"],"picked":"Spot Weakness","floor":4},{"not_picked":["Burning Pact","Intimidate"],"picked":"Seeing Red","floor":8},{"not_picked":["Dark Embrace","Wild Strike","Clothesline"],"picked":"SKIP","floor":10},{"not_picked":["Headbutt","Anger"],"picked":"Inflame","floor":11},{"not_picked":["Iron Wave","Barricade","Twin Strike"],"picked":"SKIP","floor":13},{"not_picked":["Pommel Strike","Entrench"],"picked":"Perfected Strike","floor":14},{"not_picked":["Immolate","Juggernaut"],"picked":"Limit Break","floor":16},{"not_picked":["Iron Wave","Searing Blow"],"picked":"Flex+1","floor":18},{"not_picked":["Sentinel","Entrench+1","Whirlwind"],"picked":"SKIP","floor":19},{"not_picked":["Whirlwind","Flex"],"picked":"Twin Strike+1","floor":20},{"not_picked":["Brutality","Clash+1","Power Through"],"picked":"Singing Bowl","floor":24},{"not_picked":["Reckless Charge+1","Thunderclap+1","Cleave"],"picked":"Singing Bowl","floor":25}],"player_experience":123278,"relics_obtained":[{"floor":8,"key":"Girya"},{"floor":9,"key":"Centennial Puzzle"},{"floor":13,"key":"Mango"},{"floor":24,"key":"Happy Flower"},{"floor":26,"key":"Eternal Feather"}],"event_choices":[{"damage_healed":0,"gold_gain":75,"player_choice":"Gather Gold","damage_taken":11,"max_hp_gain":0,"max_hp_loss":0,"event_name":"World of Goop","floor":2,"gold_loss":0},{"damage_healed":0,"gold_gain":0,"player_choice":"Success","damage_taken":3,"relics_obtained":["Boot"],"max_hp_gain":0,"max_hp_loss":0,"event_name":"Scrap Ooze","floor":3,"gold_loss":0},{"damage_healed":0,"gold_gain":0,"player_choice":"Take Wound","damage_taken":0,"relics_obtained":["Golden Idol"],"max_hp_gain":0,"max_hp_loss":0,"event_name":"Golden Idol","floor":5,"gold_loss":0,"cards_obtained":["Injury"]},{"damage_healed":0,"gold_gain":0,"cards_transformed":["Defend_R"],"player_choice":"Transformed","damage_taken":0,"max_hp_gain":0,"max_hp_loss":0,"event_name":"Transmorgrifier","floor":7,"gold_loss":0,"cards_obtained":["Spot Weakness"]},{"damage_healed":0,"gold_gain":0,"player_choice":"Bought 0 Potions","damage_taken":0,"max_hp_gain":0,"max_hp_loss":0,"event_name":"The Woman in Blue","floor":12,"gold_loss":0},{"cards_removed":["Injury"],"damage_healed":0,"gold_gain":0,"player_choice":"Gave Gold","damage_taken":0,"max_hp_gain":0,"max_hp_loss":0,"event_name":"Beggar","floor":21,"gold_loss":75}],"is_beta":false,"boss_relics":[{"not_picked":["Runic Pyramid","Empty Cage"],"picked":"Black Blood"}],"items_purged_floors":[],"is_endless":false,"potions_floor_spawned":[4,10,11,18,24],"killed_by":"Book of Stabbing","ascension_level":4}}