{"host":"jz4ul6vrcxqkcr33","time":1612067350,"event":{"mods":["BaseMod","Minty Spire (QoL Compilation)","StSLib"],"gold_per_floor":[112,112,112,129,149,175,175,206,233,233,243,276,123,123,123,228,228,238,49,49,63,73,73,102,102,102,102,201,201,215,18,18,121,121,137,92,112,112,112,112,7,7,58,58,93,105,129,172,184,196,208,220,5,33,33,33],"floor_reached":55,"language":"ENG","playtime":1955,"items_purged":[],"score":884,"play_id":"17b303b1-7ec1-4b01-ba3d-d0926f4f1843","local_time":"20210130232910","is_ascension_mode":true,"campfire_choices":[{"floor":7.0,"key":"REST"},{"floor":10.0,"key":"REST"},{"floor":15.0,"key":"REST"},{"data":"Buffer","floor":23.0,"key":"SMITH"},{"data":"Lockon","floor":25.0,"key":"SMITH"},{"data":"Ball Lightning","floor":32.0,"key":"SMITH"},{"data":"Storm","floor":40.0,"key":"SMITH"},{"floor":42.0,"key":"RECALL"},{"data":"Biased Cognition","floor":44.0,"key":"SMITH"},{"data":"Defragment","floor":49.0,"key":"SMITH"},{"data":"Conserve Battery","floor":52.0,"key":"SMITH"}],"circlet_count":0,"master_deck":["Strike_B","Strike_B","Strike_B","Defend_B","Defend_B","Defend_B","Defend_B+1","Zap+1","Dualcast","Coolheaded+1","Self Repair","Gash","Capacitor","Darkness+1","Compile Driver","Electrodynamics","Buffer+1","Heatsinks","Self Repair","Lockon+1","Ball Lightning+1","Defragment+1","Conserve Battery+1","Biased Cognition+1","Cold Snap","Beam Cell","Storm+1","Defragment+1","Cold Snap","Barrage+1","Buffer+1","Auto Shields","Core Surge"],"relics":["Cracked Core","NeowsBlessing","Ancient Tea Set","MealTicket","Art of War","Pantograph","Tiny Chest","Coffee Dripper","PreservedInsect","War Paint","Orichalcum","HornCleat","DataDisk","Nuclear Battery","Lantern","MawBank","Vajra","DollysMirror","Turnip"],"acts_visited":["Exordium","TheCity","TheBeyond","TheEnding"],"potions_floor_usage":[55],"damage_taken":[{"damage":0.0,"enemies":"Cultist","floor":1.0,"turns":1.0},{"damage":0.0,"enemies":"Small Slimes","floor":4.0,"turns":1.0},{"damage":0.0,"enemies":"2 Louse","floor":5.0,"turns":1.0},{"damage":32.0,"enemies":"Gremlin Nob","floor":6.0,"turns":4.0},{"damage":27.0,"enemies":"3 Sentries","floor":8.0,"turns":6.0},{"damage":8.0,"enemies":"2 Fungi Beasts","floor":11.0,"turns":3.0},{"damage":39.0,"enemies":"Gremlin Nob","floor":12.0,"turns":4.0},{"damage":48.0,"enemies":"The Guardian","floor":16.0,"turns":8.0},{"damage":20.0,"enemies":"2 Thieves","floor":18.0,"turns":2.0},{"damage":22.0,"enemies":"Chosen","floor":21.0,"turns":5.0},{"damage":16.0,"enemies":"Centurion and Healer","floor":22.0,"turns":6.0},{"damage":39.0,"enemies":"Slavers","floor":24.0,"turns":4.0},{"damage":13.0,"enemies":"Shelled Parasite and Fungi","floor":30.0,"turns":6.0},{"damage":53.0,"enemies":"Automaton","floor":33.0,"turns":9.0},{"damage":23.0,"enemies":"3 Shapes","floor":35.0,"turns":3.0},{"damage":0.0,"enemies":"3 Darklings","floor":37.0,"turns":4.0},{"damage":32.0,"enemies":"Reptomancer","floor":45.0,"turns":4.0},{"damage":0.0,"enemies":"Maw","floor":47.0,"turns":4.0},{"damage":11.0,"enemies":"Giant Head","floor":48.0,"turns":6.0},{"damage":62.0,"enemies":"Time Eater","floor":50.0,"turns":10.0},{"damage":24,"enemies":"Shield and Spear","floor":54,"turns":3},{"damage":102,"enemies":"The Heart","floor":55,"turns":5}],"seed_played":"3787132991238069639","potions_obtained":[{"floor":1.0,"key":"AttackPotion"},{"floor":3.0,"key":"FocusPotion"},{"floor":3.0,"key":"SpeedPotion"},{"floor":11.0,"key":"ColorlessPotion"},{"floor":16.0,"key":"Fire Potion"},{"floor":30.0,"key":"PotionOfCapacity"},{"floor":33.0,"key":"Dexterity Potion"},{"floor":35.0,"key":"FearPotion"},{"floor":37.0,"key":"LiquidMemories"},{"floor":45.0,"key":"SkillPotion"},{"floor":54,"key":"FocusPotion"}],"is_trial":false,"path_per_floor":["M","?","?","M","M","E","R","E","T","R","M","E","$","?","R","B",null,"M","$","?","M","M","R","E","R","T","T","?","?","M","$","R","B",null,"M","$","M","?","T","R","$","R","T","R","E","?","M","E","R","B",null,"R","$","E","B"],"character_chosen":"DEFECT","items_purchased":["Tiny Chest","PreservedInsect","Self Repair","DataDisk","Conserve Battery","Beam Cell","FairyPotion","DollysMirror","Auto Shields"],"campfire_rested":3,"item_purchase_floors":[13,19,19,31,31,36,41,53,53],"current_hp_per_floor":[75,80,80,80,80,55,79,59,59,80,72,40,55,39,63,39,70,57,72,72,64,62,62,37,37,37,37,37,37,31,46,46,25,66,50,65,72,72,72,72,80,80,80,80,62,62,69,65,65,28,64,64,76,52,0,0],"gold":33,"neow_bonus":"THREE_ENEMY_KILL","is_daily":false,"chose_seed":false,"campfire_upgraded":7,"win_rate":0.0,"timestamp":1612067350,"path_taken":["M","?","?","M","?","E","R","E","T","R","M","E","$","?","R","BOSS","M","$","?","M","?","R","E","R","T","?","?","?","M","$","R","BOSS","M","$","M","?","?","R","$","R","T","R","E","?","?","E","R","BOSS","R","$","E","BOSS"],"items_purchased_type":["Relic","Relic","Card","Relic","Card","Card","Potion","Relic","Card"],"build_version":"2020-12-13","purchased_purges":0,"victory":false,"max_hp_per_floor":[75,80,80,80,80,80,80,80,80,80,80,80,80,80,80,80,80,80,80,80,80,80,80,80,80,80,80,80,80,80,80,80,80,80,80,80,80,80,80,80,80,80,80,80,80,76,76,76,76,76,76,76,76,76,76,76],"card_choices":[{"not_picked":["Hello World","Fusion"],"picked":"Coolheaded","floor":1.0},{"not_picked":["Sweeping Beam","Coolheaded"],"picked":"Self Repair","floor":4.0},{"not_picked":["Stack","Streamline"],"picked":"Gash","floor":5.0},{"not_picked":["Recycle","Force Field"],"picked":"Capacitor","floor":6.0},{"not_picked":["Hello World","Reprogram"],"picked":"Darkness","floor":8.0},{"not_picked":["Redo","Hologram"],"picked":"Compile Driver","floor":11.0},{"not_picked":["Barrage","Rebound"],"picked":"Electrodynamics","floor":12.0},{"not_picked":["Machine Learning","Reboot"],"picked":"Buffer","floor":16.0},{"not_picked":["Stack","Rebound"],"picked":"Heatsinks","floor":18.0},{"not_picked":["Go for the Eyes","Turbo"],"picked":"Sweeping Beam","floor":21.0},{"not_picked":["FTL","Rebound"],"picked":"Lockon","floor":22.0},{"not_picked":["Stack","Reboot"],"picked":"Ball Lightning","floor":24.0},{"not_picked":["Beam Cell","Coolheaded"],"picked":"Defragment+1","floor":30.0},{"not_picked":["Machine Learning","Meteor Strike"],"picked":"Biased Cognition","floor":33.0},{"not_picked":["Streamline+1","Redo"],"picked":"Cold Snap","floor":35.0},{"not_picked":["Rebound+1","Turbo+1"],"picked":"Storm","floor":37.0},{"not_picked":["Force Field+1","Turbo+1"],"picked":"Defragment","floor":45.0},{"not_picked":["Steam+1","Conserve Battery"],"picked":"Cold Snap","floor":47.0},{"not_picked":["Steam+1","Redo"],"picked":"Barrage+1","floor":48.0},{"not_picked":["Blizzard+1","Conserve Battery+1"],"picked":"Core Surge","floor":54}],"player_experience":198131,"relics_obtained":[{"floor":6.0,"key":"Ancient Tea Set"},{"floor":8.0,"key":"MealTicket"},{"floor":9.0,"key":"Art of War"},{"floor":12.0,"key":"Pantograph"},{"floor":24.0,"key":"War Paint"},{"floor":26.0,"key":"Orichalcum"},{"floor":27.0,"key":"HornCleat"},{"floor":43.0,"key":"Lantern"},{"floor":45.0,"key":"MawBank"},{"floor":48.0,"key":"Vajra"},{"floor":54,"key":"Turnip"}],"event_choices":[{"damage_healed":0.0,"max_hp_gain":5.0,"max_hp_loss":0.0,"gold_gain":0.0,"event_name":"Big Fish","player_choice":"Donut","floor":2.0,"gold_loss":0.0,"damage_taken":0.0},{"damage_healed":0.0,"max_hp_gain":0.0,"max_hp_loss":0.0,"gold_gain":0.0,"event_name":"Lab","player_choice":"Got Potions","floor":3.0,"gold_loss":0.0,"damage_taken":0.0},{"damage_healed":0.0,"max_hp_gain":0.0,"max_hp_loss":0.0,"gold_gain":0.0,"event_name":"Shining Light","player_choice":"Entered Light","floor":14.0,"gold_loss":0.0,"damage_taken":16.0,"cards_upgraded":["Zap","Darkness"]},{"cards_removed":["Strike_B"],"damage_healed":0.0,"max_hp_gain":0.0,"max_hp_loss":0.0,"gold_gain":0.0,"event_name":"Bonfire Elementals","player_choice":"Offered Basic","floor":20.0,"gold_loss":0.0,"damage_taken":0.0},{"damage_healed":0.0,"max_hp_gain":0.0,"max_hp_loss":0.0,"gold_gain":99.0,"event_name":"Nest","player_choice":"Stole From Cult","floor":28.0,"gold_loss":0.0,"damage_taken":0.0},{"damage_healed":0.0,"max_hp_gain":0.0,"max_hp_loss":0.0,"gold_gain":0.0,"event_name":"Beggar","player_choice":"Ignored","floor":29.0,"gold_loss":0.0,"damage_taken":0.0},{"cards_removed":["Sweeping Beam"],"damage_healed":0.0,"max_hp_gain":0.0,"max_hp_loss":0.0,"gold_gain":0.0,"event_name":"Falling","player_choice":"Removed Attack","floor":38.0,"gold_loss":0.0,"damage_taken":0.0},{"damage_healed":0.0,"max_hp_gain":0.0,"max_hp_loss":4.0,"gold_gain":0.0,"event_name":"Winding Halls","player_choice":"Max HP","floor":46.0,"gold_loss":0.0,"damage_taken":0.0}],"is_beta":false,"boss_relics":[{"not_picked":["Pandora\u0027s Box","Runic Pyramid"],"picked":"Coffee Dripper"},{"not_picked":["Busted Crown","Tiny House"],"picked":"Nuclear Battery"}],"items_purged_floors":[],"is_endless":false,"potions_floor_spawned":[1,5,11,16,30,33,35,37,45,54],"killed_by":"The Heart","ascension_level":5}}