{"host":"8is2j71l4wmybkoi","time":1612076760,"event":{"mods":["AchievementEnabler","BaseMod","Colored Map","Minty Spire (QoL Compilation)","Rare Cards Sparkle","StSLib","SuperFastMode"],"gold_per_floor":[114,264,45,45,45,45,76,27,53,53,82,82,82,101,101,195,195,216,216,232,250,26,26,67,67,94,133,133,28,53,72,72,166,166,187,187,520,520,538,572,592,22,22,22,22,22,35,54,54,54,54],"floor_reached":50,"language":"KOR","playtime":1642,"items_purged":["Doubt","Strike_B","Strike_B"],"score":1125,"play_id":"7c3b6557-f5d6-4131-a273-40b92f873c3f","local_time":"20210131160600","is_ascension_mode":true,"campfire_choices":[{"data":"Zap","floor":6.0,"key":"SMITH"},{"data":"Dualcast","floor":10.0,"key":"SMITH"},{"data":"Rip and Tear","floor":15.0,"key":"SMITH"},{"data":"Biased Cognition","floor":23.0,"key":"SMITH"},{"data":"Capacitor","floor":25.0,"key":"SMITH"},{"data":"Coolheaded","floor":28.0,"key":"SMITH"},{"data":"Echo Form","floor":32.0,"key":"SMITH"},{"floor":44,"key":"RECALL"},{"floor":46,"key":"REST"},{"data":"Creative AI","floor":49,"key":"SMITH"}],"circlet_count":0,"master_deck":["AscendersBane","Defend_B+1","Defend_B+1","Defend_B+1","Zap+1","Dualcast+1","Lockon+1","Undo","Rip and Tear+1","Compile Driver","Biased Cognition+1","Beam Cell+1","Capacitor+1","Seek","Coolheaded+1","Conserve Battery","White Noise","Echo Form+1","Creative AI+1","Turbo","Parasite"],"relics":["FrozenCore","NeowsBlessing","War Paint","Incense Burner","Centennial Puzzle","Vajra","Bag of Preparation","Strawberry","MealTicket","Empty Cage","Anchor","Mango","Medical Kit","Nunchaku"],"acts_visited":["Exordium","TheCity","TheBeyond"],"potions_floor_usage":[41,50,50],"damage_taken":[{"damage":0.0,"enemies":"Small Slimes","floor":1.0,"turns":1.0},{"damage":0.0,"enemies":"3 Sentries","floor":7.0,"turns":1.0},{"damage":0.0,"enemies":"Lagavulin","floor":11.0,"turns":1.0},{"damage":0.0,"enemies":"Jaw Worm","floor":14.0,"turns":2.0},{"damage":0.0,"enemies":"Slime Boss","floor":16.0,"turns":6.0},{"damage":10.0,"enemies":"3 Byrds","floor":18.0,"turns":5.0},{"damage":1.0,"enemies":"2 Thieves","floor":20.0,"turns":4.0},{"damage":6.0,"enemies":"Shelled Parasite and Fungi","floor":21.0,"turns":6.0},{"damage":9.0,"enemies":"Book of Stabbing","floor":24.0,"turns":5.0},{"damage":8.0,"enemies":"Slavers","floor":27.0,"turns":6.0},{"damage":0.0,"enemies":"Cultist and Chosen","floor":30.0,"turns":6.0},{"damage":0.0,"enemies":"Centurion and Healer","floor":31.0,"turns":8.0},{"damage":26.0,"enemies":"Champ","floor":33.0,"turns":8.0},{"damage":2.0,"enemies":"3 Shapes","floor":35.0,"turns":7.0},{"damage":14.0,"enemies":"Orb Walker","floor":39.0,"turns":6.0},{"damage":28.0,"enemies":"Nemesis","floor":40.0,"turns":11.0},{"damage":5,"enemies":"Transient","floor":41,"turns":5},{"damage":10,"enemies":"Sphere and 2 Shapes","floor":47,"turns":6},{"damage":4,"enemies":"Writhing Mass","floor":48,"turns":9},{"damage":64,"enemies":"Awakened One","floor":50,"turns":5}],"seed_played":"435592455174286975","potions_obtained":[{"floor":11.0,"key":"Swift Potion"},{"floor":14.0,"key":"SteroidPotion"},{"floor":18.0,"key":"Weak Potion"},{"floor":24.0,"key":"CultistPotion"},{"floor":30.0,"key":"Energy Potion"},{"floor":31.0,"key":"AttackPotion"},{"floor":40.0,"key":"Energy Potion"},{"floor":47,"key":"EssenceOfDarkness"},{"floor":48,"key":"EssenceOfSteel"}],"is_trial":false,"path_per_floor":["M","?","$","?","$","R","E","$","T","R","E","?","?","M","R","B",null,"M","?","M","M","$","R","E","R","T","E","R","$","M","M","R","B",null,"M","?","?","?","M","E","M","$","T","R","?","R","M","M","R","B"],"character_chosen":"DEFECT","items_purchased":["War Paint","PowerPotion","Capacitor","Strength Potion","PowerPotion","Conserve Battery","Mango","Medical Kit"],"campfire_rested":1,"item_purchase_floors":[3,8,22,22,29,29,42,42],"current_hp_per_floor":[64,64,64,69,69,69,69,69,69,69,69,69,48,48,48,48,64,54,50,49,43,43,43,34,34,41,33,33,48,48,48,48,22,63,61,61,61,61,47,19,14,43,43,43,43,70,60,56,56,0,0],"gold":54,"neow_bonus":"THREE_ENEMY_KILL","is_daily":false,"chose_seed":false,"campfire_upgraded":8,"win_rate":0.0,"timestamp":1612076760,"path_taken":["M","?","$","?","?","R","E","$","T","R","E","?","?","M","R","BOSS","M","?","M","M","$","R","E","R","T","E","R","?","M","M","R","BOSS","M","?","?","?","M","E","M","$","T","R","?","R","M","M","R","BOSS"],"items_purchased_type":["Relic","Potion","Card","Potion","Potion","Card","Relic","Relic"],"build_version":"2020-12-22","purchased_purges":3,"victory":false,"max_hp_per_floor":[71,71,71,76,76,76,76,76,76,76,76,69,69,69,69,69,69,69,69,69,69,69,69,69,69,76,76,76,76,76,76,76,76,76,76,76,76,76,76,76,76,90,90,90,90,90,90,90,90,90,90],"card_choices":[{"not_picked":["Leap","Streamline"],"picked":"Lockon","floor":1.0},{"not_picked":["Beam Cell","Hologram"],"picked":"Undo","floor":7.0},{"not_picked":["Chill","Go for the Eyes"],"picked":"Rip and Tear","floor":11.0},{"not_picked":["Steam Power","Cold Snap"],"picked":"Compile Driver","floor":14.0},{"not_picked":["Amplify","Hyperbeam"],"picked":"Biased Cognition","floor":16.0},{"not_picked":["Sweeping Beam","Go for the Eyes","Rebound"],"picked":"SKIP","floor":18.0},{"not_picked":["Streamline+1","Scrape"],"picked":"Beam Cell+1","floor":20.0},{"not_picked":["Streamline","Leap","Redo"],"picked":"SKIP","floor":21.0},{"not_picked":["Ball Lightning","Rip and Tear"],"picked":"Seek","floor":24.0},{"not_picked":["Steam","Redo"],"picked":"Coolheaded","floor":27.0},{"not_picked":["Lockon","Steam"],"picked":"White Noise","floor":30.0},{"not_picked":["Rebound","Sunder+1"],"picked":"Echo Form","floor":31.0},{"not_picked":["Biased Cognition","Seek"],"picked":"Creative AI","floor":33.0},{"not_picked":["Leap","Coolheaded","Stack+1"],"picked":"SKIP","floor":35.0},{"not_picked":["Lockon","Gash","Hologram"],"picked":"SKIP","floor":39.0},{"not_picked":["Lockon","Gash","Hologram"],"picked":"SKIP","floor":39.0},{"not_picked":["Tempest","Rip and Tear+1","Leap"],"picked":"SKIP","floor":40.0},{"not_picked":["Genetic Algorithm","Thunder Strike","Tempest"],"picked":"SKIP","floor":41},{"not_picked":["Hologram","Beam Cell+1"],"picked":"Turbo","floor":47},{"not_picked":["Rebound","Fusion","Gash"],"picked":"SKIP","floor":48}],"player_experience":870986,"relics_obtained":[{"floor":7.0,"key":"Incense Burner"},{"floor":9.0,"key":"Centennial Puzzle"},{"floor":11.0,"key":"Vajra"},{"floor":24.0,"key":"Bag of Preparation"},{"floor":26.0,"key":"Strawberry"},{"floor":27.0,"key":"MealTicket"},{"floor":40.0,"key":"Anchor"},{"floor":45,"key":"Nunchaku"}],"event_choices":[{"damage_healed":0.0,"max_hp_gain":0.0,"max_hp_loss":0.0,"gold_gain":150.0,"event_name":"Liars Game","player_choice":"AGREE","floor":2.0,"gold_loss":0.0,"damage_taken":0.0,"cards_obtained":["Doubt"]},{"damage_healed":0.0,"max_hp_gain":5.0,"max_hp_loss":0.0,"gold_gain":0.0,"event_name":"Big Fish","player_choice":"Donut","floor":4.0,"gold_loss":0.0,"damage_taken":0.0},{"damage_healed":0.0,"max_hp_gain":0.0,"max_hp_loss":7.0,"gold_gain":0.0,"event_name":"Golden Idol","player_choice":"Lose Max HP","floor":12.0,"gold_loss":0.0,"damage_taken":0.0,"relics_obtained":["Golden Idol"]},{"damage_healed":0.0,"max_hp_gain":0.0,"max_hp_loss":0.0,"gold_gain":0.0,"event_name":"Shining Light","player_choice":"Entered Light","floor":13.0,"gold_loss":0.0,"damage_taken":21.0,"cards_upgraded":["Defend_B","Lockon"]},{"damage_healed":0.0,"max_hp_gain":0.0,"max_hp_loss":0.0,"gold_gain":0.0,"event_name":"The Woman in Blue","player_choice":"Bought 0 Potions","floor":19.0,"gold_loss":0.0,"damage_taken":0.0},{"cards_removed":["Defend_B"],"damage_healed":0.0,"max_hp_gain":0.0,"max_hp_loss":0.0,"gold_gain":0.0,"event_name":"Falling","player_choice":"Removed Skill","floor":36.0,"gold_loss":0.0,"damage_taken":0.0},{"damage_healed":0.0,"max_hp_gain":0.0,"max_hp_loss":0.0,"gold_gain":333.0,"event_name":"The Moai Head","player_choice":"Gave Idol","floor":37.0,"relics_lost":["Golden Idol"],"gold_loss":0.0,"damage_taken":0.0},{"damage_healed":0.0,"max_hp_gain":0.0,"max_hp_loss":0.0,"gold_gain":0.0,"event_name":"Tomb of Lord Red Mask","player_choice":"Ignored","floor":38.0,"gold_loss":0.0,"damage_taken":0.0},{"damage_healed":0,"gold_gain":0,"player_choice":"Relic","damage_taken":0,"max_hp_gain":0,"max_hp_loss":0,"event_name":"Wheel of Change","floor":45,"gold_loss":0}],"is_beta":false,"boss_relics":[{"not_picked":["SacredBark","Calling Bell"],"picked":"FrozenCore"},{"not_picked":["Black Star","Runic Pyramid"],"picked":"Empty Cage"}],"items_purged_floors":[3,22,42],"is_endless":false,"potions_floor_spawned":[11,14,18,24,30,31,40,47,48],"killed_by":"Awakened One","ascension_level":15}}