{"host":"ypphcgdomtfqpc2w","time":1612100928,"event":{"mods":["BaseMod","DeckTracker","Minty Spire (QoL Compilation)","Relic Stats","StSLib"],"gold_per_floor":[110,186,15,35,35,35,35,35,83,83,117,127,192,218,218,319,319,332,332,352,367,387,387,421,421,447,447,463,10,35,48,48,144,144,164,174,174,189,208,242,242,274,274,274,288,288,85,119,119,119,119,119,8,35,35],"floor_reached":56,"language":"ENG","playtime":4904,"items_purged":["Doubt","Strike_P"],"score":1598,"play_id":"ccc6586e-89fc-4e9c-b395-438e63d93cb4","local_time":"20210131224848","is_ascension_mode":true,"campfire_choices":[{"data":"Eruption","floor":6.0,"key":"SMITH"},{"data":"Vigilance","floor":8.0,"key":"SMITH"},{"data":"Perseverance","floor":10.0,"key":"SMITH"},{"data":"CutThroughFate","floor":15.0,"key":"SMITH"},{"data":"CutThroughFate","floor":25.0,"key":"SMITH"},{"floor":27.0,"key":"REST"},{"floor":32.0,"key":"REST"},{"floor":44,"key":"RECALL"},{"data":"ThirdEye","floor":49,"key":"SMITH"},{"data":"LessonLearned","floor":52,"key":"SMITH"}],"circlet_count":0,"master_deck":["Strike_P+1","Strike_P+1","Defend_P+1","Defend_P+1","Defend_P+1","Eruption+1","Vigilance+1","Omniscience+1","SandsOfTime+1","Conclude+1","Perseverance+1","CutThroughFate+1","Halt+1","ClearTheMind+1","Weave+1","CutThroughFate+1","Consecrate+1","LessonLearned+1","Tantrum+1","Collect+1","EmptyMind+1","ConjureBlade+1","Evaluate+1","ThirdEye+1","Wireheading+1","DeceiveReality+1","Adaptation+1","DevaForm+1","Halt+1","WreathOfFlame+1","JustLucky+1","MentalFortress+1","CrushJoints+1","Scrawl+1","EmptyMind","FearNoEvil+1"],"relics":["PureWater","Vajra","Dream Catcher","Lantern","Blood Vial","Cursed Key","Du-Vu Doll","Membership Card","Anchor","HornCleat","Omamori","Calling Bell","Boot","White Beast Statue","Bird Faced Urn","War Paint","Mummified Hand","OrangePellets","Mercury Hourglass","Chemical X","Bag of Preparation"],"acts_visited":["Exordium","TheCity","TheBeyond","TheEnding"],"potions_floor_usage":[48,54,54,55,55],"damage_taken":[{"damage":0.0,"enemies":"Small Slimes","floor":1.0,"turns":2.0},{"damage":0.0,"enemies":"Jaw Worm","floor":4.0,"turns":1.0},{"damage":5.0,"enemies":"3 Sentries","floor":11.0,"turns":4.0},{"damage":0.0,"enemies":"2 Louse","floor":12.0,"turns":1.0},{"damage":0.0,"enemies":"Gremlin Nob","floor":13.0,"turns":3.0},{"damage":0.0,"enemies":"Lagavulin","floor":14.0,"turns":5.0},{"damage":0.0,"enemies":"Slime Boss","floor":16.0,"turns":3.0},{"damage":3.0,"enemies":"Spheric Guardian","floor":18.0,"turns":4.0},{"damage":10.0,"enemies":"2 Thieves","floor":20.0,"turns":2.0},{"damage":3.0,"enemies":"Snecko","floor":21.0,"turns":3.0},{"damage":0.0,"enemies":"3 Cultists","floor":22.0,"turns":2.0},{"damage":26.0,"enemies":"Slavers","floor":24.0,"turns":4.0},{"damage":16.0,"enemies":"Centurion and Healer","floor":28.0,"turns":4.0},{"damage":8.0,"enemies":"Book of Stabbing","floor":30.0,"turns":4.0},{"damage":2.0,"enemies":"Cultist and Chosen","floor":31.0,"turns":6.0},{"damage":18.0,"enemies":"Automaton","floor":33.0,"turns":7.0},{"damage":2.0,"enemies":"3 Darklings","floor":35.0,"turns":6.0},{"damage":0.0,"enemies":"Orb Walker","floor":36.0,"turns":3.0},{"damage":4.0,"enemies":"Sphere and 2 Shapes","floor":38.0,"turns":8.0},{"damage":0.0,"enemies":"3 Darklings","floor":39.0,"turns":4.0},{"damage":53.0,"enemies":"Nemesis","floor":40.0,"turns":7.0},{"damage":3.0,"enemies":"Giant Head","floor":42.0,"turns":6.0},{"damage":7,"enemies":"Transient","floor":45,"turns":5},{"damage":11,"enemies":"Reptomancer","floor":48,"turns":5},{"damage":34,"enemies":"Time Eater","floor":50,"turns":6},{"damage":16,"enemies":"Shield and Spear","floor":54,"turns":5},{"damage":49,"enemies":"The Heart","floor":55,"turns":8}],"seed_played":"1724255249505758531","potions_obtained":[{"floor":1.0,"key":"ColorlessPotion"},{"floor":11.0,"key":"ColorlessPotion"},{"floor":18.0,"key":"BottledMiracle"},{"floor":21.0,"key":"Ancient Potion"},{"floor":22.0,"key":"PowerPotion"},{"floor":24.0,"key":"FearPotion"},{"floor":28.0,"key":"StancePotion"},{"floor":33.0,"key":"BlessingOfTheForge"},{"floor":35.0,"key":"LiquidBronze"},{"floor":36.0,"key":"Ancient Potion"},{"floor":45,"key":"GamblersBrew"},{"floor":48,"key":"DistilledChaos"},{"floor":54,"key":"Dexterity Potion"}],"is_trial":false,"path_per_floor":["M","?","$","M","?","R","$","R","T","R","E","M","?","E","R","B",null,"M","?","M","M","M","?","E","R","T","R","M","$","E","M","R","B",null,"M","M","?","M","M","E","?","E","T","R","M","T","$","E","R","B",null,"R","$","E","B",null],"character_chosen":"WATCHER","items_purchased":["Perseverance","CutThroughFate","BottledMiracle","Membership Card","Anchor","HornCleat","ThirdEye","Wireheading","OrangePellets","Scrawl","Chemical X","EmptyMind"],"campfire_rested":2,"item_purchase_floors":[3,3,3,29,29,29,29,29,47,47,53,53],"current_hp_per_floor":[65,65,65,65,65,65,65,65,65,65,60,60,60,60,60,62,64,62,62,54,53,55,55,31,31,31,50,36,36,30,30,49,33,57,63,65,65,61,65,16,57,54,54,54,56,56,56,48,48,24,49,49,49,43,4],"gold":35,"neow_bonus":"TRANSFORM_TWO_CARDS","is_daily":false,"chose_seed":false,"campfire_upgraded":7,"win_rate":0.0,"timestamp":1612100928,"path_taken":["M","?","$","M","?","R","?","R","T","R","E","M","?","E","R","BOSS","M","?","M","?","M","?","E","R","T","R","M","$","E","M","R","BOSS","M","M","?","?","M","E","?","E","T","R","M","?","$","E","R","BOSS","R","$","E","BOSS"],"items_purchased_type":["Card","Card","Potion","Relic","Relic","Relic","Card","Card","Relic","Card","Relic","Card"],"build_version":"2020-12-22","purchased_purges":2,"victory":true,"max_hp_per_floor":[65,65,65,65,65,65,65,65,65,65,65,65,65,65,65,65,65,65,65,65,65,65,65,65,65,65,65,65,65,65,65,65,65,65,65,65,65,65,65,65,57,57,57,57,57,57,57,57,57,57,57,57,57,57,57],"relic_stats":{"counters":[27,118],"Bag of Preparation":[2],"War Paint":["EmptyMind","Defend_P"],"Cursed Key":1,"Boot":[110],"Mercury Hourglass":[60],"Blood Vial":34,"OrangePellets":[2],"Dream Catcher":2,"Mummified Hand":[24],"Bird Faced Urn":[45],"Chemical X":[5],"obtain_stats":[{"Lantern":13,"Vajra":9,"Omamori":30,"Bag of Preparation":54,"War Paint":40,"Cursed Key":17,"Boot":34,"White Beast Statue":34,"Mercury Hourglass":48,"Blood Vial":14,"Du-Vu Doll":24,"Calling Bell":34,"OrangePellets":47,"Dream Catcher":11,"Anchor":29,"HornCleat":29,"Mummified Hand":42,"Bird Faced Urn":34,"Membership Card":29,"Chemical X":53,"PureWater":0},{"Lantern":5,"Vajra":2,"Omamori":14,"Bag of Preparation":26,"War Paint":21,"Cursed Key":7,"Boot":16,"White Beast Statue":16,"Mercury Hourglass":24,"Blood Vial":6,"Du-Vu Doll":12,"Calling Bell":16,"OrangePellets":23,"Dream Catcher":3,"Anchor":13,"HornCleat":13,"Mummified Hand":22,"Bird Faced Urn":16,"Membership Card":13,"Chemical X":25,"PureWater":0},{"Lantern":11,"Vajra":3,"Omamori":42,"Bag of Preparation":110,"War Paint":83,"Cursed Key":19,"Boot":55,"White Beast Statue":55,"Mercury Hourglass":99,"Blood Vial":16,"Du-Vu Doll":34,"Calling Bell":55,"OrangePellets":94,"Dream Catcher":7,"Anchor":38,"HornCleat":38,"Mummified Hand":89,"Bird Faced Urn":55,"Membership Card":38,"Chemical X":105,"PureWater":0}]},"card_choices":[{"not_picked":["Collect","FlyingSleeves"],"picked":"Conclude","floor":1.0},{"not_picked":["Pray","ClearTheMind"],"picked":"Halt","floor":4.0},{"not_picked":["Protect","Evaluate"],"picked":"ClearTheMind","floor":11.0},{"not_picked":["Protect","CrushJoints"],"picked":"Weave","floor":12.0},{"not_picked":["ForeignInfluence","FlyingSleeves"],"picked":"CutThroughFate","floor":13.0},{"not_picked":["Protect","SandsOfTime"],"picked":"Consecrate","floor":14.0},{"not_picked":["MasterReality","Brilliance"],"picked":"LessonLearned","floor":16.0},{"not_picked":["CrushJoints+1","EmptyBody+1"],"picked":"Tantrum+1","floor":18.0},{"not_picked":["EmptyBody+1","WheelKick"],"picked":"Collect+1","floor":20.0},{"not_picked":["FlurryOfBlows","PathToVictory","FollowUp"],"picked":"SKIP","floor":21.0},{"not_picked":["Evaluate+1","EmptyBody+1"],"picked":"EmptyMind","floor":22.0},{"not_picked":["CarveReality","BowlingBash"],"picked":"ConjureBlade","floor":24.0},{"not_picked":["Perseverance+1","EmptyBody+1"],"picked":"Evaluate+1","floor":27.0},{"not_picked":["EmptyFist","CrushJoints","Protect"],"picked":"SKIP","floor":28.0},{"not_picked":["SashWhip+1","WreathOfFlame+1"],"picked":"DeceiveReality","floor":30.0},{"not_picked":["Prostrate","Protect"],"picked":"Adaptation","floor":31.0},{"not_picked":["Devotion","ConjureBlade"],"picked":"DevaForm","floor":33.0},{"not_picked":["SandsOfTime+1","SignatureMove+1"],"picked":"Halt+1","floor":35.0},{"not_picked":["SashWhip","FlyingSleeves","WreathOfFlame"],"picked":"SKIP","floor":36.0},{"not_picked":["BowlingBash+1","Collect"],"picked":"WreathOfFlame+1","floor":38.0},{"not_picked":["SashWhip","FlyingSleeves"],"picked":"JustLucky+1","floor":39.0},{"not_picked":["Weave+1","Halt","ClearTheMind"],"picked":"SKIP","floor":40.0},{"not_picked":["Pray","FlyingSleeves"],"picked":"MentalFortress+1","floor":42.0},{"not_picked":["Crescendo+1","FollowUp+1"],"picked":"CrushJoints+1","floor":45},{"not_picked":["FollowUp+1","Perseverance","BowlingBash"],"picked":"SKIP","floor":48},{"not_picked":["Ragnarok","Halt+1"],"picked":"FearNoEvil+1","floor":54}],"player_experience":2127253,"relics_obtained":[{"floor":9.0,"key":"Vajra"},{"floor":11.0,"key":"Dream Catcher"},{"floor":13.0,"key":"Lantern"},{"floor":14.0,"key":"Blood Vial"},{"floor":24.0,"key":"Du-Vu Doll"},{"floor":30.0,"key":"Omamori"},{"floor":34.0,"key":"Boot"},{"floor":34.0,"key":"White Beast Statue"},{"floor":34.0,"key":"Bird Faced Urn"},{"floor":40.0,"key":"War Paint"},{"floor":42.0,"key":"Mummified Hand"},{"floor":48,"key":"Mercury Hourglass"},{"floor":54,"key":"Bag of Preparation"}],"event_choices":[{"damage_healed":0.0,"max_hp_gain":0.0,"max_hp_loss":0.0,"gold_gain":76.0,"event_name":"Golden Wing","player_choice":"Gained Gold","floor":2.0,"gold_loss":0.0,"damage_taken":0.0},{"damage_healed":0.0,"max_hp_gain":0.0,"max_hp_loss":0.0,"gold_gain":0.0,"event_name":"Living Wall","player_choice":"Grow","floor":5.0,"gold_loss":0.0,"damage_taken":0.0,"cards_upgraded":["Conclude"]},{"damage_healed":0.0,"max_hp_gain":0.0,"max_hp_loss":0.0,"gold_gain":30.0,"event_name":"Dead Adventurer","player_choice":"Searched \u00273\u0027 times","floor":13.0,"gold_loss":0.0,"damage_taken":0.0},{"damage_healed":0.0,"max_hp_gain":0.0,"max_hp_loss":0.0,"gold_gain":0.0,"event_name":"Lab","player_choice":"Got Potions","floor":19.0,"gold_loss":0.0,"damage_taken":0.0},{"damage_healed":0.0,"max_hp_gain":0.0,"max_hp_loss":0.0,"gold_gain":0.0,"event_name":"Vampires","player_choice":"Ignored","floor":23.0,"gold_loss":0.0,"damage_taken":0.0},{"damage_healed":0.0,"max_hp_gain":0.0,"max_hp_loss":0.0,"gold_gain":0.0,"event_name":"SecretPortal","player_choice":"Ignored","floor":37.0,"gold_loss":0.0,"damage_taken":0.0},{"damage_healed":57.0,"max_hp_gain":0.0,"max_hp_loss":8.0,"gold_gain":0.0,"event_name":"The Moai Head","player_choice":"Heal","floor":41.0,"gold_loss":0.0,"damage_taken":0.0}],"is_beta":false,"boss_relics":[{"not_picked":["Busted Crown","SacredBark"],"picked":"Cursed Key"},{"not_picked":["Philosopher\u0027s Stone","Tiny House"],"picked":"Calling Bell"}],"items_purged_floors":[29,47],"is_endless":false,"potions_floor_spawned":[1,11,18,21,22,24,28,33,35,36,38,39,40,42,45,48,54],"ascension_level":5}}