{"host":"w05x4i13f2m9joq1","time":1612081136,"event":{"mods":["Act Like it!","Bard","BaseMod","Better Altar","Better Match","Better Note","Better Sensory Stone","Better Skull","Better Third Choice","BetterRewards","CapriCore","Colored Map","Colored Powertips","Decade(???)","Defective Defect","Duelist Mod","Gensokyo","GifTheSpireLib","Googly Eyes","Infinite Spire","Ironclad Rager","Lobotomy","LobotomyExtend","Marisa????????","Melee Mod","Minty Spire (QoL Compilation)","Morshu Shopkeeper - ENHANCED","MostiFishMod","Quick Restart","Rare Cards Sparkle","Replay The Spire","Shop Mod","Spicy Shops","Spire Birthday Party","StSLib","Td1madao Mod","The Construct","The IronCluck","TheBandit","Uncapped","everything is the same but u backflip on backflip","slay the spire mod where everything is the same but ironclad has a cowboy hat"],"gold_per_floor":[114,130,130,143,153,153,187,187,214,245,245,245,245,279,279,379,379,391,391,391,391,111,111,145,145,145,145,160,173,173,185,185,286,286,300,404,422,436,518,556,556,584,607,607,681,687,687,747,747,765],"floor_reached":51,"language":"ENG","playtime":2549,"items_purged":[],"score":1148,"play_id":"79133065-ff7a-4073-b20f-1c9fc168a6c6","local_time":"20210131031856","is_ascension_mode":true,"campfire_choices":[{"floor":8,"key":"REST"}],"circlet_count":0,"master_deck":["SpecialBullet","SpecialBullet","SpecialBullet","SpecialBullet","SpecialBullet","SpecialBullet","SpecialBullet","SpecialBullet","ControlCode","InformationCode","DisciplinaryCode","Soda","Spore+1","SpecialBullet","Lamp+7","SpecialBullet","SpiderBud","Adoration+1","Penitence","infinitespire:Oblivion","CUTE","DaCapo","SpecialBullet","Beak","SpecialBullet","Freischutz","Harvest","RedEyes+1","TT2Protocol","BodiesMountain","SoundOfStar","InTheNameOfLoveAndHate+1","CrimsonScar+1","Penitence+1","SpecialBullet","PunishingBird","Tough+1","WristCuter+1","Beak","SpecialBullet","Beak","Spore+1","NothingThere","Lantern+1","SummonCall","Scarecrow","TheSmile+1","CentralCode","CrumblingArmor","GreenStem+1","LongBird","CherryBlossom"],"relics":["CogitoBucket","DaveBox","infinitespire:Lucky Rock","ExusiaiGun","infinitespire:CursedDice","infinitespire:Satchel","Anchor","SynthV:TestCard","LetterFromLob","Smiling Mask","War Paint","Whetstone","Pen Nib","JellyFishMachine","NightmareShop","Nunchaku","Guide Book","Replay:Towering Pillar of Hats","Nloth\u0027s Gift","infinitespire:Midas Blood","Astrolabe","BehaviorAdjustment","Replay:Wax Seal","Golden Egg","Meat on the Bone","White Beast Statue","Replay:Bandana","DaCapo","ReplayFunnel","Bronze Scales"],"acts_visited":["Exordium","TheCity","TheBeyond"],"potions_floor_usage":[10,16,48,51,51],"damage_taken":[{"damage":0,"enemies":"Jaw Worm","floor":1,"turns":1},{"damage":0,"enemies":"2 Louse","floor":2,"turns":1},{"damage":0,"enemies":"Small Slimes","floor":4,"turns":1},{"damage":0,"enemies":"3 Louse","floor":5,"turns":1},{"damage":0,"enemies":"3 Sentries","floor":7,"turns":2},{"damage":20,"enemies":"Lagavulin","floor":10,"turns":2},{"damage":0,"enemies":"3 Sentries","floor":14,"turns":2},{"damage":6,"enemies":"Hexaghost","floor":16,"turns":3},{"damage":0,"enemies":"Shell Parasite","floor":18,"turns":1},{"damage":11,"enemies":"Nightmare","floor":24,"turns":3},{"damage":0,"enemies":"2 Thieves","floor":28,"turns":1},{"damage":0,"enemies":"3 Cultists","floor":29,"turns":2},{"damage":2,"enemies":"Cultist and Chosen","floor":31,"turns":2},{"damage":0,"enemies":"Collector","floor":33,"turns":1},{"damage":0,"enemies":"3 Darklings","floor":35,"turns":2},{"damage":0,"enemies":"Orb Walker","floor":37,"turns":1},{"damage":0,"enemies":"3 Darklings","floor":38,"turns":1},{"damage":18,"enemies":"Nemesis","floor":40,"turns":3},{"damage":0,"enemies":"R_Hoarder","floor":42,"turns":1},{"damage":0,"enemies":"2 Orb Walkers","floor":45,"turns":2},{"damage":0,"enemies":"Sphere and 2 Shapes","floor":48,"turns":2},{"damage":19,"enemies":"FixerMidnight","floor":50,"turns":2},{"damage":22,"enemies":"Malkuth","floor":51,"turns":3},{"damage":61,"enemies":"Yesod","floor":51,"turns":4},{"damage":59,"enemies":"Chesed","floor":51,"turns":3},{"damage":140,"enemies":"Hokma","floor":51,"turns":6}],"seed_played":"-78977755339180291","potions_obtained":[{"floor":7,"key":"Adrenaline Potion"},{"floor":10,"key":"Ancient Potion"},{"floor":14,"key":"Block Potion"},{"floor":16,"key":"BlessingOfTheForge"},{"floor":18,"key":"SteroidPotion"},{"floor":38,"key":"construct:ShiftPotion"},{"floor":45,"key":"AttackPotion"},{"floor":48,"key":"SteroidPotion"}],"is_trial":false,"path_per_floor":["M","M","?","M","M","R","E","R","T","E","R","M","?","E","R","B",null,"M","?","AVR","?","$","R","NM","?","T","R","M","M","R","M","R","B",null,"M","?","M","M","T","E","R","E","T","R","?","?","R","M","R","B",null],"character_chosen":"Angela","items_purchased":["infinitespire:Lucky Rock","infinitespire:Satchel","Anchor","Blue Doll","Guide Book","CUTE"],"campfire_rested":1,"item_purchase_floors":[0,0,0,0,22,22],"current_hp_per_floor":[38,38,38,38,38,38,38,59,59,39,39,39,32,32,32,36,74,74,74,74,74,74,74,67,67,67,67,67,71,71,69,69,73,86,90,90,90,90,90,76,76,98,98,98,102,59,59,106,106,87],"gold":198,"neow_bonus":"","is_daily":false,"chose_seed":false,"campfire_upgraded":0,"win_rate":0.0,"timestamp":1612081136,"path_taken":["M","M","?","M","M","R","E","R","T","E","R","M","?","E","R","BOSS","M","?","AVR","?","$","R","NM","?","T","R","M","M","R","?","R","BOSS","M","?","M","M","?","E","R","E","T","R","?","?","R","M","R","BOSS"],"items_purchased_type":["Relic","Relic","Relic","Relic","Relic","Card"],"build_version":"2020-12-22","purchased_purges":0,"victory":true,"max_hp_per_floor":[70,70,70,70,70,70,70,70,70,70,70,70,70,70,70,74,74,74,74,74,74,74,74,78,78,78,78,78,82,82,82,82,86,86,90,90,90,90,90,94,94,98,98,98,102,102,102,106,106,106],"card_choices":[{"not_picked":["RedEyes"],"picked":"FourthMatchFlame","floor":1},{"not_picked":["RapturousDream","ShedSkin","Noise"],"picked":"Soda","floor":2},{"not_picked":["LaLuna","SpiderBud"],"picked":"BigBadWolf","floor":4},{"not_picked":["RedEyes","GreenStem","Horn","Beak"],"picked":"SKIP","floor":4},{"not_picked":["PunishingBird","Rudolta"],"picked":"Scorched","floor":5},{"not_picked":["Mimicry","RapturousDream","MagicBullet"],"picked":"Spore","floor":5},{"not_picked":["WristCuter","Galaxy","SomewhereSpear","BloodyDesire"],"picked":"SKIP","floor":7},{"not_picked":["Reverberation","FrostShard","BlueScar"],"picked":"Lamp","floor":10},{"not_picked":["Lantern","CENSORED_ego","BlueScar","SwordSharpenedByTears"],"picked":"SKIP","floor":14},{"not_picked":["ShyLook","LaLuna"],"picked":"SpiderBud","floor":16},{"not_picked":["CENSORED_ego","Mimicry","Justitia"],"picked":"Adoration","floor":16},{"not_picked":["Diffraction","Moonlight","TodaysExpression"],"picked":"Penitence","floor":18},{"not_picked":["Freischutz","UniverseFragment"],"picked":"DespairKnight","floor":24},{"not_picked":["Tough+1","Logging","Spore"],"picked":"DaCapo","floor":24},{"not_picked":["Wingbeat+1","CrimsonScar+1","Moonlight"],"picked":"Beak","floor":28},{"not_picked":["Funeral","SingingMachine"],"picked":"Freischutz","floor":29},{"not_picked":["SolemnVow","Penitence","Wingbeat+1"],"picked":"Harvest","floor":29},{"not_picked":["RapturousDream+1","CherryBlossom","Lantern"],"picked":"RedEyes+1","floor":31},{"not_picked":["Scorched","WallGazer"],"picked":"BodiesMountain","floor":33},{"not_picked":["DaCapo","Twilight","Pinks"],"picked":"SoundOfStar","floor":33},{"not_picked":["Scorched","BeautyBeast"],"picked":"PunishingBird","floor":35},{"not_picked":["Horn","Loneliness","Soda"],"picked":"Tough+1","floor":35},{"not_picked":["Reverberation","Lantern+1","Regret_ego"],"picked":"WristCuter+1","floor":36},{"not_picked":["SwordSharpenedByTears+1","Laetitia_ego","SomewhereSpear+1"],"picked":"Beak","floor":36},{"not_picked":["BlackSwan_ego","Hypocrisy+1","Tough+1"],"picked":"Beak","floor":37},{"not_picked":["Galaxy+1","Penitence+1","FourthMatchFlame+1"],"picked":"Spore+1","floor":38},{"not_picked":["QueenBee","NakedNest"],"picked":"NothingThere","floor":40},{"not_picked":["TheSmile","Beak","DaCapo"],"picked":"Lantern+1","floor":40},{"not_picked":["FieryBird","RedShoes"],"picked":"Scarecrow","floor":42},{"not_picked":["SoundOfStar","DaCapo","GoldRush"],"picked":"TheSmile","floor":42},{"not_picked":["BlackArmy","BlueStar"],"picked":"CrumblingArmor","floor":45},{"not_picked":["Horn+1","CherryBlossom+1","RapturousDream"],"picked":"GreenStem+1","floor":45},{"not_picked":["Porccubus","Yin"],"picked":"LongBird","floor":48},{"not_picked":["Beak+1","Diffraction+1","Noise"],"picked":"CherryBlossom","floor":48}],"player_experience":163031,"relics_obtained":[{"floor":1,"key":"SynthV:TestCard"},{"floor":1,"key":"LetterFromLob"},{"floor":7,"key":"Smiling Mask"},{"floor":9,"key":"War Paint"},{"floor":10,"key":"Whetstone"},{"floor":14,"key":"Pen Nib"},{"floor":24,"key":"Replay:Towering Pillar of Hats"},{"floor":26,"key":"infinitespire:Midas Blood"},{"floor":36,"key":"Replay:Wax Seal"},{"floor":39,"key":"Golden Egg"},{"floor":40,"key":"Meat on the Bone"},{"floor":42,"key":"White Beast Statue"},{"floor":43,"key":"Replay:Bandana"},{"floor":45,"key":"DaCapo"}],"event_choices":[{"cards_removed":["Scorched"],"damage_healed":0,"gold_gain":0,"player_choice":"Card Removal","damage_taken":7,"max_hp_gain":0,"max_hp_loss":0,"event_name":"Golden Wing","floor":13,"gold_loss":0},{"damage_healed":0,"gold_gain":0,"player_choice":"Simplicity","damage_taken":0,"max_hp_gain":0,"max_hp_loss":0,"event_name":"betterThird:BetterWriting","floor":19,"gold_loss":0},{"damage_healed":0,"gold_gain":0,"player_choice":"Traded Relic","damage_taken":0,"relics_obtained":["Nloth\u0027s Gift"],"max_hp_gain":0,"max_hp_loss":0,"event_name":"N\u0027loth","floor":25,"relics_lost":["Blue Doll"],"gold_loss":0},{"damage_healed":0,"gold_gain":0,"player_choice":"Fight","damage_taken":0,"max_hp_gain":0,"max_hp_loss":0,"event_name":"Mysterious Sphere","floor":45,"gold_loss":0},{"damage_healed":0,"gold_gain":0,"player_choice":"RE RE ","damage_taken":47,"relics_obtained":["ReplayFunnel","Bronze Scales"],"max_hp_gain":0,"max_hp_loss":0,"event_name":"betterSkull:BetterSkull","floor":46,"gold_loss":0,"cards_upgraded":[]}],"is_beta":false,"boss_relics":[{"not_picked":["Runic Dome","FeatherPendant"],"picked":"JellyFishMachine"},{"not_picked":["infinitespire:Cupcake","construct:ClawGrip"],"picked":"Astrolabe"}],"items_purged_floors":[],"is_endless":false,"potions_floor_spawned":[7,10,14,16,18,29,38,42,45,48,51,51,51,51],"ascension_level":2}}