{"host":"9eh033lgxm3bmtbn","time":1612074876,"event":{"mods":["100% Spire Juice","AchievementEnabler","BaseMod","Colored Map","Downfall","Highlight Path","Marisa????????","Minty Spire (QoL Compilation)","READ ME - Snecko Mod","Shop Mod","Spicy Shops","StSLib","The Animator","The Bug Knight","The Cursed","The Disciple","The Servant 0.9.4"],"gold_per_floor":[361,361,375,375,375,375,446,471,498,498,55,2,16,57,57,186,186,200,200,200,220,220,234,259,259,328,328,371,391,432,450,450,578,578,592,592,925,601,601,629,639,654,654,654,665,697,714,38,38,38,38,38,38,67,67],"floor_reached":56,"language":"ENG","playtime":3318,"items_purged":["Injury","Injury"],"score":1957,"play_id":"0088a7eb-f001-45a0-b941-c6cdb340f04f","local_time":"20210131093436","is_ascension_mode":true,"campfire_choices":[{"floor":6.0,"key":"REST"},{"floor":10.0,"key":"REST"},{"floor":15.0,"key":"REST"},{"floor":25.0,"key":"REST"},{"floor":27.0,"key":"REST"},{"floor":32.0,"key":"RECALL"},{"data":"Strike_R+1","floor":44.0,"key":"PURGE"},{"data":"Strike_R+1","floor":49.0,"key":"PURGE"},{"data":"Parasite","floor":52.0,"key":"PURGE"}],"circlet_count":0,"master_deck":["AscendersBane","Strike_R+1","Strike_R+1","Defend_R+1","Defend_R+1","Defend_R+1","Defend_R+1","Bash+1","Cleave+1","Disarm+1","Spot Weakness+1","Limit Break+1","Warcry+1","Flame Barrier+1","Offering+1","Flex+1","Iron Wave+1","Fiend Fire+1","Heavy Blade+1","Havoc+1","Warcry+1","Offering+1","Headbutt+1","Wraith","Headbutt+1","Spot Weakness+1","Heavy Blade+1","Pommel Strike+1","Pommel Strike+1","Limit Break+1","Warcry+1","Reaper+1"],"relics":["Burning Blood","Toxic Egg 2","Molten Egg 2","ClockworkSouvenir","PreservedInsect","Shuriken","Potion Belt","SlaversCollar","Nilry\u0027s Codex","Toy Ornithopter","Meat on the Bone","Du-Vu Doll","Paper Frog","Velvet Choker","Bottled Lightning","Oddly Smooth Stone","Peace Pipe","Vajra","Whetstone","Lee\u0027s Waffle","Orichalcum","DollysMirror","Torii"],"acts_visited":["Exordium","TheCity","TheBeyond","TheEnding"],"potions_floor_usage":[55,55],"damage_taken":[{"damage":8.0,"enemies":"Small Slimes","floor":1.0,"turns":5.0},{"damage":14.0,"enemies":"Jaw Worm","floor":3.0,"turns":3.0},{"damage":60.0,"enemies":"Lagavulin Event","floor":7.0,"turns":6.0},{"damage":6.0,"enemies":"2 Louse","floor":8.0,"turns":3.0},{"damage":19.0,"enemies":"Large Slime","floor":13.0,"turns":4.0},{"damage":15.0,"enemies":"3 Sentries","floor":14.0,"turns":4.0},{"damage":36.0,"enemies":"The Guardian","floor":16.0,"turns":10.0},{"damage":13.0,"enemies":"Shell Parasite","floor":18.0,"turns":4.0},{"damage":8.0,"enemies":"Chosen","floor":21.0,"turns":4.0},{"damage":16.0,"enemies":"Snake Plant","floor":23.0,"turns":4.0},{"damage":28.0,"enemies":"Centurion and Healer","floor":24.0,"turns":6.0},{"damage":0.0,"enemies":"Gremlin Leader","floor":28.0,"turns":3.0},{"damage":11.0,"enemies":"Snecko","floor":29.0,"turns":4.0},{"damage":20.0,"enemies":"Slavers","floor":30.0,"turns":4.0},{"damage":0.0,"enemies":"Snake Plant","floor":31.0,"turns":4.0},{"damage":6.0,"enemies":"Automaton","floor":33.0,"turns":5.0},{"damage":14.0,"enemies":"3 Darklings","floor":35.0,"turns":3.0},{"damage":1.0,"enemies":"Giant Head","floor":40.0,"turns":4.0},{"damage":6.0,"enemies":"Orb Walker","floor":41.0,"turns":2.0},{"damage":11.0,"enemies":"Sphere and 2 Shapes","floor":42.0,"turns":5.0},{"damage":24.0,"enemies":"Maw","floor":45.0,"turns":4.0},{"damage":3.0,"enemies":"Nemesis","floor":46.0,"turns":3.0},{"damage":6.0,"enemies":"3 Darklings","floor":47.0,"turns":2.0},{"damage":47.0,"enemies":"Awakened One","floor":50.0,"turns":5.0},{"damage":27.0,"enemies":"Shield and Spear","floor":54.0,"turns":3.0},{"damage":95,"enemies":"The Heart","floor":55,"turns":6}],"seed_played":"7965120505477235004","potions_obtained":[{"floor":1.0,"key":"DuplicationPotion"},{"floor":7.0,"key":"DuplicationPotion"},{"floor":8.0,"key":"DuplicationPotion"},{"floor":23.0,"key":"DuplicationPotion"},{"floor":24.0,"key":"Explosive Potion"},{"floor":28.0,"key":"Strength Potion"},{"floor":33.0,"key":"DuplicationPotion"},{"floor":42.0,"key":"sneckomod:MuddlingPotion"},{"floor":45.0,"key":"SmokeBomb"}],"is_trial":false,"path_per_floor":["M","?","M","?","?","R","?","M","T","R","$","?","M","E","R","B",null,"M","?","?","M","?","M","M","R","T","R","E","M","E","M","R","B",null,"M","?","?","$","?","E","M","M","T","R","M","E","M","$","R","B",null,"R","$","E","B",null],"character_chosen":"IRONCLAD","items_purchased":["Limit Break+1","ClockworkSouvenir","PreservedInsect","Bottled Lightning","Oddly Smooth Stone","Lee\u0027s Waffle","Orichalcum","DollysMirror","Warcry+1","Reaper+1"],"campfire_rested":5,"item_purchase_floors":[11,11,11,38,38,48,48,48,48,48],"current_hp_per_floor":[70,70,62,29,55,79,25,25,25,49,49,49,36,27,51,21,65,58,42,42,40,40,30,13,37,37,61,67,67,53,59,59,59,75,67,67,67,67,67,72,72,67,67,67,49,52,52,87,87,58,80,80,80,84,53],"gold":67,"neow_bonus":"TWO_FIFTY_GOLD","is_daily":false,"chose_seed":false,"campfire_upgraded":0,"win_rate":0.0,"timestamp":1612074876,"path_taken":["M","?","M","?","?","R","?","?","T","R","$","?","M","E","R","BOSS","M","?","?","?","?","M","M","R","T","R","E","M","E","M","R","BOSS","M","?","?","?","?","E","M","M","T","R","M","E","?","$","R","BOSS","R","$","E","BOSS"],"items_purchased_type":["Card","Relic","Relic","Relic","Relic","Relic","Relic","Relic","Card","Card"],"build_version":"2020-12-22","purchased_purges":2,"victory":true,"max_hp_per_floor":[80,80,80,80,80,80,80,80,80,80,80,80,80,80,80,80,80,80,80,80,80,80,80,80,80,80,80,80,80,80,80,80,80,80,80,80,80,80,80,80,80,80,80,80,80,80,80,87,87,87,87,84,84,84,84],"card_choices":[{"not_picked":["Clothesline","Perfected Strike"],"picked":"Cleave","floor":1.0},{"not_picked":["Clothesline","Sword Boomerang","Perfected Strike"],"picked":"SKIP","floor":3.0},{"not_picked":["Havoc+1","Clothesline+1"],"picked":"Disarm+1","floor":7.0},{"not_picked":["True Grit+1","Infernal Blade+1"],"picked":"Spot Weakness+1","floor":8.0},{"not_picked":["Thunderclap+1","Bludgeon+1"],"picked":"Warcry+1","floor":13.0},{"not_picked":["Body Slam+1","Sword Boomerang+1"],"picked":"Flame Barrier+1","floor":14.0},{"not_picked":["Exhume+1","Demon Form"],"picked":"Offering+1","floor":16.0},{"not_picked":["Shrug It Off+1","Clothesline+1"],"picked":"Flex+1","floor":18.0},{"not_picked":["Rupture","Wild Strike+1"],"picked":"Iron Wave+1","floor":21.0},{"not_picked":["Thunderclap+1","Power Through+1"],"picked":"Fiend Fire+1","floor":23.0},{"not_picked":["Warcry+1","Thunderclap+1"],"picked":"Heavy Blade+1","floor":24.0},{"not_picked":["Anger+1","Uppercut+1"],"picked":"Havoc+1","floor":28.0},{"not_picked":["Rage+1","Sword Boomerang+1"],"picked":"Warcry+1","floor":29.0},{"not_picked":["Twin Strike+1","Corruption","Body Slam+1"],"picked":"SKIP","floor":30.0},{"not_picked":["Sword Boomerang+1","Combust","Armaments+1"],"picked":"SKIP","floor":31.0},{"not_picked":["Impervious+1","Double Tap+1"],"picked":"Offering+1","floor":33.0},{"not_picked":["Clash+1","Seeing Red+1"],"picked":"Headbutt+1","floor":35.0},{"not_picked":["Rupture+1","Sentinel+1"],"picked":"Headbutt+1","floor":40.0},{"not_picked":["Thunderclap+1","Disarm+1"],"picked":"Spot Weakness+1","floor":41.0},{"not_picked":["Intimidate+1","Body Slam+1"],"picked":"Heavy Blade+1","floor":42.0},{"not_picked":["Second Wind+1","Fire Breathing"],"picked":"Pommel Strike+1","floor":45.0},{"not_picked":["Wild Strike+1","Bludgeon+1"],"picked":"Pommel Strike+1","floor":46.0},{"not_picked":["Flex+1","Sword Boomerang+1","True Grit+1"],"picked":"SKIP","floor":47.0},{"not_picked":["Wild Strike+1","Sever Soul+1","Sword Boomerang+1"],"picked":"SKIP","floor":54.0}],"player_experience":357186,"relics_obtained":[{"floor":7.0,"key":"Molten Egg 2"},{"floor":14.0,"key":"Potion Belt"},{"floor":19.0,"key":"Nilry\u0027s Codex"},{"floor":26.0,"key":"Meat on the Bone"},{"floor":28.0,"key":"Du-Vu Doll"},{"floor":30.0,"key":"Paper Frog"},{"floor":40.0,"key":"Peace Pipe"},{"floor":43.0,"key":"Vajra"},{"floor":46.0,"key":"Whetstone"},{"floor":54.0,"key":"Torii"}],"event_choices":[{"damage_healed":0.0,"max_hp_gain":0.0,"max_hp_loss":0.0,"gold_gain":0.0,"event_name":"Golden Idol","player_choice":"Take Wound","floor":2.0,"gold_loss":0.0,"damage_taken":0.0,"relics_obtained":["Golden Idol"],"cards_obtained":["Injury"]},{"damage_healed":0.0,"max_hp_gain":0.0,"max_hp_loss":0.0,"gold_gain":0.0,"event_name":"Scrap Ooze","player_choice":"Success","floor":4.0,"gold_loss":0.0,"damage_taken":33.0,"relics_obtained":["Toxic Egg 2"]},{"damage_healed":26.0,"max_hp_gain":0.0,"max_hp_loss":0.0,"gold_gain":0.0,"event_name":"Big Fish","player_choice":"Banana","floor":5.0,"gold_loss":0.0,"damage_taken":0.0},{"damage_healed":0.0,"max_hp_gain":0.0,"max_hp_loss":0.0,"gold_gain":0.0,"event_name":"Dead Adventurer","player_choice":"Searched \u00271\u0027 times","floor":7.0,"gold_loss":0.0,"damage_taken":0.0},{"damage_healed":0.0,"max_hp_gain":0.0,"max_hp_loss":0.0,"gold_gain":0.0,"event_name":"WeMeetAgain","player_choice":"Paid Gold","floor":12.0,"gold_loss":53.0,"damage_taken":0.0,"relics_obtained":["Shuriken"]},{"damage_healed":0.0,"max_hp_gain":0.0,"max_hp_loss":0.0,"gold_gain":0.0,"event_name":"Cursed Tome","player_choice":"Obtained Book","floor":19.0,"gold_loss":0.0,"damage_taken":16.0},{"damage_healed":0.0,"max_hp_gain":0.0,"max_hp_loss":0.0,"gold_gain":0.0,"event_name":"The Mausoleum","player_choice":"Opened","floor":20.0,"gold_loss":0.0,"damage_taken":0.0,"relics_obtained":["Toy Ornithopter"]},{"damage_healed":0.0,"max_hp_gain":0.0,"max_hp_loss":0.0,"gold_gain":0.0,"event_name":"Back to Basics","player_choice":"Simplicity","floor":22.0,"gold_loss":0.0,"damage_taken":0.0,"cards_upgraded":["Strike_R","Strike_R","Strike_R","Strike_R","Strike_R","Defend_R","Defend_R","Defend_R","Defend_R"]},{"damage_healed":0.0,"max_hp_gain":0.0,"max_hp_loss":0.0,"gold_gain":0.0,"event_name":"OrinTheCat","player_choice":"Ignored","floor":36.0,"gold_loss":0.0,"damage_taken":0.0},{"damage_healed":0.0,"max_hp_gain":0.0,"max_hp_loss":0.0,"gold_gain":333.0,"event_name":"The Moai Head","player_choice":"Gave Idol","floor":37.0,"relics_lost":["Golden Idol"],"gold_loss":0.0,"damage_taken":0.0},{"cards_removed":["Strike_R"],"damage_healed":0.0,"max_hp_gain":0.0,"max_hp_loss":0.0,"gold_gain":0.0,"event_name":"Purifier","player_choice":"Purged","floor":39.0,"gold_loss":0.0,"damage_taken":0.0}],"is_beta":false,"boss_relics":[{"not_picked":["Coffee Dripper","SacredBark"],"picked":"SlaversCollar"},{"not_picked":["Snecko Eye","Sozu"],"picked":"Velvet Choker"}],"items_purged_floors":[11,48],"is_endless":false,"potions_floor_spawned":[1,7,8,23,24,28,33,42,45,46],"ascension_level":12}}