{"host":"w05x4i13f2m9joq1","time":1612071482,"event":{"mods":["Act Like it!","Bard","BaseMod","Better Altar","Better Match","Better Note","Better Sensory Stone","Better Skull","Better Third Choice","BetterRewards","CapriCore","Colored Map","Colored Powertips","Decade(???)","Defective Defect","Duelist Mod","Gensokyo","GifTheSpireLib","Googly Eyes","Infinite Spire","Ironclad Rager","Lobotomy","LobotomyExtend","Marisa????????","Melee Mod","Minty Spire (QoL Compilation)","Morshu Shopkeeper - ENHANCED","MostiFishMod","Quick Restart","Rare Cards Sparkle","Replay The Spire","Shop Mod","Spicy Shops","Spire Birthday Party","StSLib","Td1madao Mod","The Construct","The IronCluck","TheBandit","Uncapped","everything is the same but u backflip on backflip","slay the spire mod where everything is the same but ironclad has a cowboy hat"],"gold_per_floor":[19,36,36,52,63,90,103,103,103],"floor_reached":8,"language":"ENG","playtime":704,"items_purged":[],"score":60,"play_id":"e25b008d-d0b5-40f0-b768-198719d4c9c7","local_time":"20210131003802","is_ascension_mode":false,"campfire_choices":[],"circlet_count":0,"master_deck":["Eruption","Vigilance","Looming Evil","FollowUp","FollowUp","FollowUp","FollowUp","ThirdEye","ThirdEye","ThirdEye","ThirdEye","SashWhip","Evaluate","EmptyFist","MostiFishMod:ScryFuture","Consecrate","Crescendo"],"relics":["PureWater","DaveBox","EGODaCapo","SynthV:TestCard","LetterFromLob","Potion Belt"],"acts_visited":["Exordium"],"potions_floor_usage":[],"damage_taken":[{"damage":6,"enemies":"Cultist","floor":1,"turns":4},{"damage":0,"enemies":"2 Louse","floor":2,"turns":2},{"damage":0,"enemies":"Jaw Worm","floor":4,"turns":2},{"damage":0,"enemies":"Large Slime","floor":5,"turns":6},{"damage":9,"enemies":"3 Sentries","floor":6,"turns":6},{"damage":0,"enemies":"Blue Slaver","floor":7,"turns":4},{"damage":33,"enemies":"Gremlin Nob","floor":8,"turns":3}],"seed_played":"6572193144606951043","potions_obtained":[{"floor":1,"key":"Weak Potion"},{"floor":2,"key":"Regen Potion"},{"floor":4,"key":"Adrenaline Potion"},{"floor":7,"key":"SteroidPotion"}],"is_trial":false,"path_per_floor":["M","M","$","M","M","E","M","E"],"character_chosen":"WATCHER","items_purchased":[],"campfire_rested":0,"item_purchase_floors":[],"current_hp_per_floor":[41,41,41,41,41,32,32,0,0],"gold":103,"neow_bonus":"WATCHER_SHAOLIN","is_daily":false,"chose_seed":false,"campfire_upgraded":0,"win_rate":0.0,"timestamp":1612071482,"path_taken":["M","M","$","?","?","E","M","E"],"items_purchased_type":[],"build_version":"2020-12-22","purchased_purges":0,"victory":false,"max_hp_per_floor":[65,65,65,65,65,65,65,65,65],"card_choices":[{"not_picked":["Replay:BluntJabs","FearNoEvil"],"picked":"SashWhip","floor":1},{"not_picked":["CarveReality","Replay:ManipulateFuture","Adaptation","Collect"],"picked":"Evaluate","floor":2},{"not_picked":["Halt","Swivel","Perseverance","SandsOfTime"],"picked":"EmptyFist","floor":4},{"not_picked":["BowlingBash","Worship","Evaluate","CrushJoints"],"picked":"MostiFishMod:ScryFuture","floor":5},{"not_picked":["MostiFishMod:FlowState","TalkToTheHand","Crescendo","EmptyFist"],"picked":"Consecrate","floor":6},{"not_picked":["SashWhip","Perseverance","BattleHymn","Evaluate"],"picked":"Crescendo","floor":7}],"player_experience":159179,"relics_obtained":[{"floor":1,"key":"SynthV:TestCard"},{"floor":1,"key":"LetterFromLob"},{"floor":6,"key":"Potion Belt"}],"event_choices":[],"is_beta":false,"boss_relics":[],"items_purged_floors":[],"is_endless":false,"potions_floor_spawned":[1,2,4,7],"killed_by":"Gremlin Nob","ascension_level":0}}