{"host":"sav7uxregyirlf69","time":1612059036,"event":{"mods":["AchievementEnabler","BaseMod","Colored Map","DeckTracker","Keyboard Shortcuts","Minty Spire (QoL Compilation)","READ ME - Guardian Mod","StSLib","SuperFastMode"],"gold_per_floor":[12,12,12,24,41,41,41,41,41,56,69,79,79,79,79,156,156,167,167,167,182,182,217,217,217],"floor_reached":24,"language":"KOR","playtime":334,"items_purged":[],"score":361,"play_id":"a52459c6-ac8e-435e-ba25-ba12f3790a7d","local_time":"20210131111036","is_ascension_mode":true,"campfire_choices":[{"data":"Noxious Fumes","floor":6,"key":"SMITH"},{"data":"Blade Dance","floor":13,"key":"SMITH"},{"data":"Neutralize","floor":15,"key":"SMITH"}],"circlet_count":0,"master_deck":["AscendersBane","Strike_G","Strike_G","Strike_G","Defend_G","Defend_G+1","Defend_G","Defend_G","Survivor","Neutralize+1","Blade Dance+1","Dagger Spray","Noxious Fumes+1","After Image","Accuracy","After Image","Infinite Blades","Cloak And Dagger+1"],"relics":["Ring of the Snake","StrikeDummy","Black Star","Question Card","War Paint"],"acts_visited":["Exordium","TheCity"],"potions_floor_usage":[16,23,24],"damage_taken":[{"damage":2,"enemies":"Cultist","floor":1,"turns":4},{"damage":1,"enemies":"Small Slimes","floor":4,"turns":3},{"damage":6,"enemies":"2 Louse","floor":5,"turns":4},{"damage":6,"enemies":"Exordium Wildlife","floor":10,"turns":5},{"damage":15,"enemies":"Exordium Thugs","floor":11,"turns":4},{"damage":6,"enemies":"2 Fungi Beasts","floor":12,"turns":3},{"damage":10,"enemies":"Hexaghost","floor":16,"turns":8},{"damage":6,"enemies":"Shell Parasite","floor":18,"turns":7},{"damage":10,"enemies":"Spheric Guardian","floor":21,"turns":5},{"damage":19,"enemies":"Book of Stabbing","floor":23,"turns":6},{"damage":4,"enemies":"Snake Plant","floor":24,"turns":2}],"seed_played":"5682126917425501745","potions_obtained":[{"floor":5,"key":"CunningPotion"},{"floor":16,"key":"PowerPotion"},{"floor":18,"key":"Strength Potion"}],"is_trial":false,"path_per_floor":["M","?","$","M","M","R","?","?","T","M","M","M","R","T","R","B",null,"M","?","?","M","?","E","M"],"character_chosen":"THE_SILENT","items_purchased":[],"campfire_rested":0,"item_purchase_floors":[],"current_hp_per_floor":[57,57,57,56,50,50,50,55,55,49,34,28,28,28,28,18,58,52,52,52,42,22,3,0,0],"gold":217,"neow_bonus":"REMOVE_TWO","is_daily":false,"chose_seed":false,"campfire_upgraded":3,"win_rate":0.0,"timestamp":1612059036,"path_taken":["M","?","?","M","M","R","?","?","T","M","M","?","R","?","R","BOSS","M","?","?","M","?","E","?"],"items_purchased_type":[],"build_version":"2020-12-22","purchased_purges":0,"victory":false,"max_hp_per_floor":[66,66,66,66,66,66,66,71,71,71,71,71,71,71,71,71,71,71,71,71,71,76,76,76,76],"card_choices":[{"not_picked":["Leg Sweep","Quick Slash"],"picked":"Blade Dance","floor":1},{"not_picked":["PiercingWail","Prepared"],"picked":"Dagger Spray","floor":4},{"not_picked":["Acrobatics","Underhanded Strike"],"picked":"Noxious Fumes","floor":5},{"not_picked":["Slice","Outmaneuver","Dagger Spray"],"picked":"SKIP","floor":10},{"not_picked":["Prepared","Catalyst"],"picked":"After Image","floor":11},{"not_picked":["Backflip","Noxious Fumes"],"picked":"Accuracy","floor":12},{"not_picked":["Grand Finale","Night Terror"],"picked":"After Image","floor":16},{"not_picked":["Quick Slash+1","Dagger Spray+1"],"picked":"Infinite Blades","floor":18},{"not_picked":["Expertise","Deadly Poison"],"picked":"Cloak And Dagger","floor":21},{"not_picked":["Dodge and Roll+1","Sucker Punch","Dagger Spray"],"picked":"SKIP","floor":23}],"player_experience":1443347,"relics_obtained":[{"floor":14,"key":"StrikeDummy"},{"floor":23,"key":"Question Card"},{"floor":23,"key":"War Paint"}],"event_choices":[{"cards_removed":["Strike_G"],"damage_healed":0,"gold_gain":0,"player_choice":"Offered Basic","damage_taken":0,"max_hp_gain":0,"max_hp_loss":0,"event_name":"Bonfire Elementals","floor":2,"gold_loss":0},{"damage_healed":0,"gold_gain":0,"player_choice":"Leave","damage_taken":0,"max_hp_gain":0,"max_hp_loss":0,"event_name":"The Cleric","floor":7,"gold_loss":0},{"damage_healed":0,"gold_gain":0,"player_choice":"Donut","damage_taken":0,"max_hp_gain":5,"max_hp_loss":0,"event_name":"Big Fish","floor":8,"gold_loss":0},{"damage_healed":0,"gold_gain":0,"player_choice":"Ignored","damage_taken":0,"max_hp_gain":0,"max_hp_loss":0,"event_name":"Vampires","floor":19,"gold_loss":0},{"damage_healed":0,"gold_gain":0,"player_choice":"Ignored","damage_taken":0,"max_hp_gain":0,"max_hp_loss":0,"event_name":"Ghosts","floor":20,"gold_loss":0},{"damage_healed":0,"gold_gain":0,"player_choice":"Shed Blood","damage_taken":25,"max_hp_gain":5,"max_hp_loss":0,"event_name":"Forgotten Altar","floor":22,"gold_loss":0}],"is_beta":false,"boss_relics":[{"not_picked":["Ectoplasm","Velvet Choker"],"picked":"Black Star"}],"items_purged_floors":[],"is_endless":false,"potions_floor_spawned":[5,16,18],"killed_by":"Snake Plant","ascension_level":15}}