{"host":"7iv10lxbxedtd0qh","time":1612052307,"event":{"mods":["BaseMod","Colored Map","Colored Powertips","Downfall","Minty Spire (QoL Compilation)","StSLib"],"gold_per_floor":[99,113,113,130,148,176,225,238,258,289,8,36,36,64,82,182,182,82,99,112,130,130,130,202,212,212,237,37,22,57,57,77,177,177,177,197,217,217,267,267,339,353,382,398,398,411,458,166,182,182,182,216,11,11,11,11],"floor_reached":57,"language":"ENG","playtime":4712,"items_purged":["Shame","Parasite","bronze:Strike"],"score":1483,"play_id":"51787d64-87d1-4f41-ac01-885e1abda1ba","local_time":"20210131011827","is_ascension_mode":true,"campfire_choices":[{"data":"bronze:Replicate","floor":1.0,"key":"SMITH"},{"floor":13.0,"key":"REST"},{"floor":18.0,"key":"RECALL"},{"data":"Apotheosis","floor":28.0,"key":"SMITH"},{"data":"bronze:AlphaBuild","floor":35.0,"key":"SMITH"},{"data":"expansioncontent:QuickStudy","floor":54.0,"key":"SMITH"}],"circlet_count":0,"master_deck":["bronze:Strike","bronze:Defend+1","bronze:Defend+1","bronze:Defend","bronze:Defend+1","bronze:Replicate+1","bronze:Goto","bronze:ThunderWave","bronze:WildBeam","bronze:Boost","bronze:DelayedGuard","bronze:Shield","bronze:BuggyMess+1","bronze:WhirlingStrike","bronze:InfiniteBeams","bronze:Turbo","bronze:InfiniteBeams","Apotheosis+1","bronze:Repair","bronze:Frontload","bronze:BugBarrage","bronze:AlphaBuild+1","CurseOfTheBell","bronze:BugBarrage+1","bronze:InfiniteBeams","bronze:CutThrough","bronze:AlphaBuild","bronze:SpaghettiCode","bronze:SpaghettiCode","bronze:BugBarrage","bronze:DelayedGuard+1","bronze:CutThrough","bronze:Break","bronze:BuggyMess+1","bronze:Repulsor","expansioncontent:YouAreMine","expansioncontent:LastStand","expansioncontent:AwakenDeath","bronze:Philosophize+1","bronze:ThunderWave","bronze:Terminator+1","expansioncontent:QuickStudy+1","bronze:ItsAFeature","bronze:Iterate","bronze:Safeguard+1","bronze:Overload","bronze:Invalidate","bronze:ClassDefault+1","bronze:InfiniteBeams","bronze:ThunderWave"],"relics":["bronze:BronzeCore","Potion Belt","Guardian:PocketSentry","Odd Mushroom","Ginger","Calling Bell","Ice Cream","HornCleat","Juzu Bracelet","downfall:HeartBlessingGreen","Nilry\u0027s Codex","Smiling Mask","downfall:HeartBlessingRed","downfall:HeartBlessingBlue","Centennial Puzzle","downfall:RedIOU","Philosopher\u0027s Stone","Gambling Chip","downfall:ExtraCursedKey","Question Card","Boot","StoneCalendar","War Paint","Bottled Lightning","DollysMirror"],"acts_visited":["Exordium","TheCity","TheBeyond","TheEnding"],"potions_floor_usage":[56],"damage_taken":[{"damage":18.0,"enemies":"Jaw Worm","floor":2.0,"turns":4.0},{"damage":0.0,"enemies":"Small Slimes","floor":4.0,"turns":3.0},{"damage":1.0,"enemies":"2 Louse","floor":5.0,"turns":3.0},{"damage":18.0,"enemies":"Gremlin Nob","floor":6.0,"turns":4.0},{"damage":0.0,"enemies":"2 Fungi Beasts","floor":8.0,"turns":3.0},{"damage":7.0,"enemies":"Exordium Wildlife","floor":9.0,"turns":4.0},{"damage":0.0,"enemies":"Lagavulin","floor":10.0,"turns":2.0},{"damage":0.0,"enemies":"downfall:FleeingMerchant","floor":11.0,"turns":4.0},{"damage":0.0,"enemies":"The Mushroom Lair","floor":12.0,"turns":4.0},{"damage":9.0,"enemies":"Gremlin Nob","floor":14.0,"turns":4.0},{"damage":1.0,"enemies":"Blue Slaver","floor":15.0,"turns":3.0},{"damage":15.0,"enemies":"DF_ARCHETYPE_STREAMLINE","floor":16.0,"turns":9.0},{"damage":0.0,"enemies":"Chosen","floor":19.0,"turns":3.0},{"damage":9.0,"enemies":"Snecko","floor":20.0,"turns":4.0},{"damage":16.0,"enemies":"Shelled Parasite and Fungi","floor":21.0,"turns":5.0},{"damage":6.0,"enemies":"3 Cultists","floor":25.0,"turns":4.0},{"damage":21.0,"enemies":"Slavers","floor":27.0,"turns":6.0},{"damage":0.0,"enemies":"downfall:FleeingMerchant","floor":29.0,"turns":4.0},{"damage":6.0,"enemies":"Gremlin Leader","floor":30.0,"turns":2.0},{"damage":0.0,"enemies":"Cultist and Chosen","floor":32.0,"turns":5.0},{"damage":33.0,"enemies":"SI_MIRROR_ARCHETYPE","floor":33.0,"turns":8.0},{"damage":0.0,"enemies":"3 Shapes","floor":36.0,"turns":4.0},{"damage":3.0,"enemies":"Orb Walker","floor":37.0,"turns":2.0},{"damage":0.0,"enemies":"Orb Walker","floor":39.0,"turns":4.0},{"damage":12.0,"enemies":"Transient","floor":42.0,"turns":5.0},{"damage":14.0,"enemies":"Reptomancer","floor":43.0,"turns":2.0},{"damage":0.0,"enemies":"downfall:FleeingMerchant","floor":44.0,"turns":3.0},{"damage":0.0,"enemies":"Jaw Worm Horde","floor":46.0,"turns":2.0},{"damage":24.0,"enemies":"2 Orb Walkers","floor":47.0,"turns":2.0},{"damage":0.0,"enemies":"Sphere and 2 Shapes","floor":49.0,"turns":4.0},{"damage":17.0,"enemies":"IC_BLOCK_ARCHETYPE","floor":50.0,"turns":3.0},{"damage":4.0,"enemies":"downfall:CharBossMerchant","floor":52.0,"turns":6.0},{"damage":43,"enemies":"downfall:NeowBoss","floor":55,"turns":12},{"damage":41,"enemies":"downfall:NeowBossFinal","floor":56,"turns":10}],"seed_played":"-8387272890119277628","potions_obtained":[{"floor":2.0,"key":"Slimebound:ThreeZeroPotion"},{"floor":6.0,"key":"PowerPotion"},{"floor":8.0,"key":"SmokeBomb"},{"floor":9.0,"key":"SteroidPotion"},{"floor":12.0,"key":"Dexterity Potion"},{"floor":15.0,"key":"bronze:BurnAndBuffPotion"},{"floor":25.0,"key":"champ:CounterPotion"},{"floor":27.0,"key":"FearPotion"},{"floor":30.0,"key":"GamblersBrew"},{"floor":32.0,"key":"CultistPotion"},{"floor":39.0,"key":"FearPotion"},{"floor":46.0,"key":"SpeedPotion"},{"floor":47.0,"key":"Guardian:BlockOnCardUsePotion"},{"floor":49.0,"key":"Swift Potion"}],"is_trial":false,"path_per_floor":["R","M","?","M","M","E","T","M","M","E","$","?","R","E","M","B",null,"R","M","M","M","?","?","T","M","?","E","R","$","E","?","M","B",null,"R","M","M","?","?","?","T","M","E","$","?","M","?","$","M","B",null,"E","$","R","B","B",null],"character_chosen":"THE_AUTOMATON","items_purchased":["bronze:InfiniteBeams","Apotheosis","expansioncontent:QuickStudy","bronze:ItsAFeature","War Paint","bronze:Overload","bronze:Invalidate","DollysMirror"],"campfire_rested":1,"item_purchase_floors":[11,11,44,44,48,48,48,53],"current_hp_per_floor":[63,45,45,45,44,26,26,26,19,19,19,19,37,35,41,36,63,63,63,63,57,57,57,57,61,45,31,41,48,42,42,49,23,73,73,73,70,60,60,60,60,55,41,41,41,41,17,17,17,20,70,66,66,66,33,12],"gold":11,"neow_bonus":"THREE_RARE_CARDS","is_daily":false,"chose_seed":false,"campfire_upgraded":4,"win_rate":0.0,"timestamp":1612052307,"path_taken":["R","M","?","M","M","E","T","M","M","E","$","?","R","E","M","BOSS","R","M","M","M","?","?","T","M","?","E","R","$","E","?","M","BOSS","R","M","M","?","?","?","T","M","E","$","?","M","?","$","M","BOSS","E","$","R","BOSS","BOSS"],"items_purchased_type":["Card","Card","Card","Card","Relic","Card","Card","Relic"],"build_version":"2020-12-22","purchased_purges":3,"victory":true,"max_hp_per_floor":[63,63,63,63,63,63,63,63,63,63,63,63,63,63,63,63,63,63,63,63,63,63,63,63,63,63,63,73,73,73,73,73,73,73,73,73,73,73,73,73,73,73,73,73,73,73,73,70,70,70,70,70,70,70,70,70],"card_choices":[{"not_picked":["bronze:Assembly","bronze:Hardcode"],"picked":"bronze:ThunderWave","floor":0.0},{"not_picked":["bronze:NullPointer","bronze:Turbo"],"picked":"bronze:WildBeam","floor":2.0},{"not_picked":["bronze:Constructor","bronze:CutThrough"],"picked":"bronze:Boost","floor":4.0},{"not_picked":["bronze:BitShift","bronze:GetLatest"],"picked":"bronze:DelayedGuard","floor":5.0},{"not_picked":["bronze:Invalidate","bronze:DigitalCarnage"],"picked":"bronze:Shield","floor":6.0},{"not_picked":["bronze:Overload","bronze:Allocate"],"picked":"bronze:BuggyMess","floor":8.0},{"not_picked":["bronze:Overload","bronze:ChosenStrike"],"picked":"bronze:WhirlingStrike","floor":9.0},{"not_picked":["bronze:ClassDefault","bronze:CloningBeam"],"picked":"bronze:InfiniteBeams","floor":10.0},{"not_picked":["bronze:Safeguard","bronze:Iterate"],"picked":"bronze:Turbo","floor":11.0},{"not_picked":["bronze:OilSpill","bronze:Frontload"],"picked":"bronze:Repair","floor":12.0},{"not_picked":["bronze:Shell","bronze:Separator"],"picked":"bronze:Frontload","floor":14.0},{"not_picked":["bronze:Backtrace","bronze:WhirlingStrike"],"picked":"bronze:BugBarrage","floor":15.0},{"not_picked":["bronze:Format","bronze:TinkerersToolbox"],"picked":"bronze:AlphaBuild","floor":16.0},{"not_picked":["bronze:BuggyMess+1","bronze:Deprecate+1"],"picked":"bronze:BugBarrage+1","floor":19.0},{"not_picked":["bronze:Frontload","bronze:OilSpill+1"],"picked":"bronze:InfiniteBeams","floor":20.0},{"not_picked":["bronze:CutThrough+1","bronze:FineTuning","bronze:BronzeOrb"],"picked":"SKIP","floor":21.0},{"not_picked":["bronze:Frontload","bronze:Iterate"],"picked":"bronze:SpaghettiCode","floor":25.0},{"not_picked":["bronze:Iterate+1","bronze:OilSpill"],"picked":"bronze:SpaghettiCode","floor":27.0},{"not_picked":["bronze:Allocate","bronze:Flail"],"picked":"bronze:BugBarrage","floor":29.0},{"not_picked":["bronze:FineTuning","bronze:Break"],"picked":"bronze:DelayedGuard+1","floor":30.0},{"not_picked":["bronze:Deprecate","bronze:NullPointer"],"picked":"bronze:CutThrough","floor":32.0},{"not_picked":["bronze:RecursiveStrike","bronze:Virus"],"picked":"bronze:Break","floor":33.0},{"not_picked":["bronze:WhirlingStrike+1","bronze:NullPointer"],"picked":"bronze:BuggyMess+1","floor":36.0},{"not_picked":["bronze:FineTuning+1","bronze:Backtrace"],"picked":"bronze:Repulsor","floor":37.0},{"not_picked":["expansioncontent:AwakenDeath","expansioncontent:PolyBeam"],"picked":"expansioncontent:YouAreMine","floor":38.0},{"not_picked":["expansioncontent:Hexaburn","expansioncontent:InvincibleStrength"],"picked":"expansioncontent:LastStand","floor":38.0},{"not_picked":["expansioncontent:GuardianWhirl","expansioncontent:PrepareCrush"],"picked":"expansioncontent:AwakenDeath","floor":38.0},{"not_picked":["bronze:DarkDash+1","bronze:Overheat+1"],"picked":"bronze:Philosophize+1","floor":39.0},{"not_picked":["bronze:NullPointer+1","bronze:BitShift+1","bronze:Return"],"picked":"bronze:ThunderWave","floor":42.0},{"not_picked":["bronze:ChosenStrike+1","bronze:OilSpill","bronze:MaxOutput","bronze:DarkDash"],"picked":"SKIP","floor":43.0},{"not_picked":["bronze:BuggyMess","bronze:Overheat","bronze:FineTuning"],"picked":"bronze:Terminator","floor":44.0},{"not_picked":["bronze:WildBeam","bronze:WhirlingStrike","bronze:Overheat+1"],"picked":"bronze:Iterate","floor":46.0},{"not_picked":["bronze:TinkerersToolbox","bronze:BugBarrage","bronze:FollowUp"],"picked":"bronze:Safeguard+1","floor":47.0},{"not_picked":["bronze:Separator","bronze:ChosenStrike","bronze:DelayedSlice"],"picked":"bronze:ClassDefault+1","floor":49.0},{"not_picked":["bronze:Separator+1","bronze:Overheat","bronze:Deprecate+1"],"picked":"bronze:InfiniteBeams","floor":52.0}],"player_experience":754600,"relics_obtained":[{"floor":6.0,"key":"Akabeko"},{"floor":7.0,"key":"Potion Belt"},{"floor":10.0,"key":"Guardian:PocketSentry"},{"floor":12.0,"key":"Odd Mushroom"},{"floor":14.0,"key":"Ginger"},{"floor":17.0,"key":"Ice Cream"},{"floor":17.0,"key":"HornCleat"},{"floor":17.0,"key":"Juzu Bracelet"},{"floor":26.0,"key":"Nilry\u0027s Codex"},{"floor":27.0,"key":"Smiling Mask"},{"floor":30.0,"key":"Centennial Puzzle"},{"floor":39.0,"key":"Gambling Chip"},{"floor":41.0,"key":"Question Card"},{"floor":43.0,"key":"Boot"},{"floor":47.0,"key":"StoneCalendar"},{"floor":52.0,"key":"Bottled Lightning"}],"event_choices":[{"damage_healed":0.0,"max_hp_gain":0.0,"max_hp_loss":0.0,"gold_gain":0.0,"event_name":"Mushrooms","player_choice":"Fought Mushrooms","floor":12.0,"gold_loss":0.0,"damage_taken":0.0},{"damage_healed":0.0,"max_hp_gain":0.0,"max_hp_loss":0.0,"gold_gain":0.0,"cards_transformed":["bronze:Strike","bronze:Strike"],"event_name":"Drug Dealer","player_choice":"Became Test Subject","floor":22.0,"gold_loss":0.0,"damage_taken":0.0,"cards_obtained":["bronze:CutThrough","bronze:AlphaBuild"]},{"damage_healed":0.0,"max_hp_gain":0.0,"max_hp_loss":0.0,"gold_gain":0.0,"event_name":"Mysterious Sphere","player_choice":"Fight","floor":47.0,"gold_loss":0.0,"damage_taken":0.0}],"is_beta":false,"boss_relics":[{"not_picked":["Velvet Choker","SacredBark"],"picked":"Calling Bell"},{"not_picked":["SlaversCollar","Snecko Eye"],"picked":"Philosopher\u0027s Stone"}],"items_purged_floors":[44,48,53],"is_endless":false,"potions_floor_spawned":[2,6,8,9,12,15,25,27,30,32,37,39,46,47,49],"ascension_level":3}}