{"host":"3fd6e6c5cltq175f","time":1612111364,"event":{"mods":["AchievementEnabler","BaseMod","Colored Map","Colored Powertips","DeckTracker","Minty Spire (QoL Compilation)"],"gold_per_floor":[115,38,38,55,55,55,83,99,146,159,187,287,299,331,331,435,435,448,3,32,32,32,32,58,75,75,75,75,110,110,110,110],"floor_reached":31,"language":"ENG","playtime":744,"items_purged":[],"score":393,"play_id":"bd77ef78-7bed-4563-8f14-e21c6abd0724","local_time":"20210131174244","is_ascension_mode":true,"campfire_choices":[{"data":"Armaments","floor":6,"key":"SMITH"},{"data":"Bash","floor":15,"key":"SMITH"},{"floor":23,"key":"REST"},{"data":"Searing Blow","floor":27,"key":"SMITH"}],"circlet_count":0,"master_deck":["Strike_R","Strike_R","Defend_R","Defend_R","Defend_R","Defend_R","Bash+1","Body Slam","Armaments+1","Flex","Thunderclap","Cleave","Spot Weakness","Battle Trance","Searing Blow+1","Inflame","Parasite","Spot Weakness+1"],"relics":["Burning Blood","NeowsBlessing","Vajra","PreservedInsect","Regal Pillow","Juzu Bracelet","Empty Cage","Letter Opener","Ancient Tea Set","Red Mask","Frozen Egg 2","Singing Bowl","Du-Vu Doll","Nilry\u0027s Codex","Happy Flower"],"acts_visited":["Exordium","TheCity"],"potions_floor_usage":[11,16,16,24,25,29],"damage_taken":[{"damage":0,"enemies":"Small Slimes","floor":1,"turns":1},{"damage":0,"enemies":"Cultist","floor":4,"turns":1},{"damage":0,"enemies":"Lagavulin","floor":7,"turns":1},{"damage":2,"enemies":"Jaw Worm","floor":8,"turns":3},{"damage":2,"enemies":"2 Fungi Beasts","floor":10,"turns":3},{"damage":7,"enemies":"Gremlin Nob","floor":11,"turns":3},{"damage":1,"enemies":"Red Slaver","floor":13,"turns":2},{"damage":27,"enemies":"Lagavulin","floor":14,"turns":7},{"damage":48,"enemies":"The Guardian","floor":16,"turns":7},{"damage":23,"enemies":"Shell Parasite","floor":18,"turns":6},{"damage":22,"enemies":"Masked Bandits","floor":20,"turns":3},{"damage":4,"enemies":"Slavers","floor":24,"turns":3},{"damage":31,"enemies":"2 Thieves","floor":25,"turns":4},{"damage":31,"enemies":"Gremlin Leader","floor":29,"turns":3},{"damage":16,"enemies":"Slavers","floor":31,"turns":1}],"seed_played":"8498893773085726327","potions_obtained":[{"floor":7,"key":"GamblersBrew"},{"floor":13,"key":"BlessingOfTheForge"},{"floor":14,"key":"Strength Potion"},{"floor":16,"key":"SteroidPotion"},{"floor":18,"key":"Swift Potion"},{"floor":25,"key":"ColorlessPotion"}],"is_trial":false,"path_per_floor":["M","$","?","M","$","R","E","M","T","M","E","?","M","E","R","B",null,"M","$","?","?","?","R","E","M","T","R","?","E","T","E"],"character_chosen":"IRONCLAD","items_purchased":["Armaments","Flex","Letter Opener","Ancient Tea Set","ColorlessPotion"],"campfire_rested":1,"item_purchase_floors":[2,2,19,19,19],"current_hp_per_floor":[80,80,80,80,80,80,80,80,80,80,79,79,80,59,59,17,64,47,47,31,31,31,70,74,49,49,49,33,10,10,0,0],"gold":110,"neow_bonus":"THREE_ENEMY_KILL","is_daily":false,"chose_seed":false,"campfire_upgraded":3,"win_rate":0.0,"timestamp":1612111364,"path_taken":["M","$","?","M","?","R","E","M","T","M","E","?","M","E","R","BOSS","M","$","?","?","?","R","E","M","T","R","?","E","?","E"],"items_purchased_type":["Card","Card","Relic","Relic","Potion"],"build_version":"2020-12-22","purchased_purges":0,"victory":false,"max_hp_per_floor":[80,80,80,80,80,80,80,80,80,80,80,80,80,80,80,80,80,80,80,80,80,80,80,82,82,82,82,82,84,84,84,84],"card_choices":[{"not_picked":["Iron Wave","True Grit"],"picked":"Body Slam","floor":1},{"not_picked":["Heavy Blade","Warcry"],"picked":"Thunderclap","floor":4},{"not_picked":["Sword Boomerang","Evolve"],"picked":"Cleave","floor":7},{"not_picked":["Twin Strike","True Grit","Bloodletting"],"picked":"SKIP","floor":8},{"not_picked":["Flex","Reckless Charge"],"picked":"Spot Weakness","floor":10},{"not_picked":["Reckless Charge","Havoc","Carnage"],"picked":"SKIP","floor":11},{"not_picked":["Headbutt","Sword Boomerang"],"picked":"Battle Trance","floor":13},{"not_picked":["Wild Strike","Shockwave","Infernal Blade"],"picked":"SKIP","floor":14},{"not_picked":["Twin Strike","Headbutt"],"picked":"Searing Blow","floor":18},{"not_picked":["Sentinel","Intimidate+1"],"picked":"Inflame","floor":20},{"not_picked":["Iron Wave","Wild Strike","Anger+1"],"picked":"Singing Bowl","floor":24},{"not_picked":["Cleave","Headbutt+1"],"picked":"Spot Weakness+1","floor":25},{"not_picked":["Armaments","Sever Soul+1","Flame Barrier"],"picked":"Singing Bowl","floor":29}],"player_experience":176563,"relics_obtained":[{"floor":7,"key":"Vajra"},{"floor":9,"key":"PreservedInsect"},{"floor":11,"key":"Regal Pillow"},{"floor":14,"key":"Juzu Bracelet"},{"floor":20,"key":"Red Mask"},{"floor":24,"key":"Singing Bowl"},{"floor":26,"key":"Du-Vu Doll"},{"floor":28,"key":"Nilry\u0027s Codex"},{"floor":29,"key":"Happy Flower"}],"event_choices":[{"cards_removed":["Strike_R"],"damage_healed":0,"gold_gain":0,"player_choice":"Purged","damage_taken":0,"max_hp_gain":0,"max_hp_loss":0,"event_name":"Purifier","floor":3,"gold_loss":0},{"damage_healed":0,"gold_gain":100,"player_choice":"Pray","damage_taken":0,"max_hp_gain":0,"max_hp_loss":0,"event_name":"Golden Shrine","floor":12,"gold_loss":0},{"damage_healed":0,"gold_gain":0,"player_choice":"Fought Bandits","damage_taken":0,"max_hp_gain":0,"max_hp_loss":0,"event_name":"Masked Bandits","floor":20,"gold_loss":0},{"damage_healed":0,"gold_gain":0,"player_choice":"Stole Relic","damage_taken":0,"relics_obtained":["Frozen Egg 2"],"max_hp_gain":0,"max_hp_loss":0,"event_name":"Addict","floor":21,"gold_loss":0,"cards_obtained":["Shame"]},{"damage_healed":0,"gold_gain":0,"cards_transformed":["Shame"],"player_choice":"Transformed","damage_taken":0,"max_hp_gain":0,"max_hp_loss":0,"event_name":"Transmorgrifier","floor":22,"gold_loss":0,"cards_obtained":["Parasite"]},{"damage_healed":0,"gold_gain":0,"player_choice":"Obtained Book","damage_taken":16,"max_hp_gain":0,"max_hp_loss":0,"event_name":"Cursed Tome","floor":28,"gold_loss":0}],"is_beta":false,"boss_relics":[{"not_picked":["SacredBark","Runic Pyramid"],"picked":"Empty Cage"}],"items_purged_floors":[],"is_endless":false,"potions_floor_spawned":[7,13,14,16,18,25],"killed_by":"Slavers","ascension_level":5}}