{"host":"3jpwrwmmgyabjceh","time":1612108442,"event":{"mods":["AchievementEnabler","BaseMod","Colored Map","Colored Powertips","Highlight Path","Minty Spire (QoL Compilation)","Quick Restart","Relic Stats","StSLib","SuperFastMode"],"gold_per_floor":[114,114,114,135,85,124,124,173,173,173,200,105,135,167,167,296,296,319,319,342,376,400,450,450,50,50,90,99,164,173,226,226,356,356,394,452,538,538,585,648,714,773,800,902,495,495,567,452,452,452,452],"floor_reached":50,"language":"ENG","playtime":2223,"items_purged":["Strike_P"],"score":1174,"play_id":"16668f3e-c179-4b91-aa4a-36d3153b0351","local_time":"20210131185402","is_ascension_mode":true,"campfire_choices":[{"data":"CutThroughFate","floor":7.0,"key":"SMITH"},{"data":"ForeignInfluence","floor":10.0,"key":"SMITH"},{"data":"CutThroughFate","floor":15.0,"key":"SMITH"},{"data":"Wallop","floor":24.0,"key":"SMITH"},{"floor":32.0,"key":"REST"},{"floor":49.0,"key":"RECALL"}],"circlet_count":0,"master_deck":["Strike_P+1","Strike_P+1","Defend_P+1","Defend_P+1","Defend_P","Defend_P+1","Eruption+1","Vigilance+1","Crescendo","CutThroughFate+1","LessonLearned+1","ForeignInfluence+1","TalkToTheHand+1","WheelKick+1","FlurryOfBlows+1","CutThroughFate+1","Omniscience+1","ClearTheMind","Worship+1","Wallop+1","Metamorphosis","Omniscience","Wish","TalkToTheHand+1","RitualDagger","Alpha+1","WheelKick+1","Swivel+1","Alpha","DevaForm+1","Swivel"],"relics":["PureWater","NeowsBlessing","Golden Idol","Pear","FossilizedHelix","CeramicFish","CaptainsWheel","Snecko Eye","Oddly Smooth Stone","DollysMirror","TeardropLocket","Turnip","Whetstone","Philosopher\u0027s Stone","Du-Vu Doll","Frozen Egg 2","Yang","Potion Belt","Bag of Preparation","Meat on the Bone","PreservedInsect","Nunchaku"],"acts_visited":["Exordium","TheCity","TheBeyond"],"potions_floor_usage":[50],"damage_taken":[{"damage":0.0,"enemies":"Small Slimes","floor":1.0,"turns":1.0},{"damage":0.0,"enemies":"Jaw Worm","floor":4.0,"turns":1.0},{"damage":0.0,"enemies":"3 Sentries","floor":6.0,"turns":2.0},{"damage":12.0,"enemies":"Lagavulin","floor":8.0,"turns":7.0},{"damage":0.0,"enemies":"2 Louse","floor":11.0,"turns":3.0},{"damage":0.0,"enemies":"Blue Slaver","floor":13.0,"turns":2.0},{"damage":0.0,"enemies":"Large Slime","floor":14.0,"turns":4.0},{"damage":0.0,"enemies":"Slime Boss","floor":16.0,"turns":2.0},{"damage":0.0,"enemies":"Shell Parasite","floor":18.0,"turns":2.0},{"damage":0.0,"enemies":"3 Byrds","floor":20.0,"turns":3.0},{"damage":0.0,"enemies":"Snecko","floor":21.0,"turns":3.0},{"damage":0.0,"enemies":"Sentry and Sphere","floor":22.0,"turns":2.0},{"damage":14.0,"enemies":"Book of Stabbing","floor":23.0,"turns":3.0},{"damage":7.0,"enemies":"Slavers","floor":27.0,"turns":3.0},{"damage":20.0,"enemies":"Gremlin Leader","floor":29.0,"turns":5.0},{"damage":0.0,"enemies":"Automaton","floor":33.0,"turns":6.0},{"damage":0.0,"enemies":"3 Darklings","floor":35.0,"turns":5.0},{"damage":16.0,"enemies":"3 Shapes","floor":36.0,"turns":3.0},{"damage":0.0,"enemies":"2 Orb Walkers","floor":37.0,"turns":4.0},{"damage":0.0,"enemies":"Writhing Mass","floor":39.0,"turns":6.0},{"damage":0.0,"enemies":"Giant Head","floor":40.0,"turns":7.0},{"damage":0.0,"enemies":"4 Shapes","floor":41.0,"turns":3.0},{"damage":0.0,"enemies":"Reptomancer","floor":42.0,"turns":6.0},{"damage":0.0,"enemies":"Giant Head","floor":44.0,"turns":4.0},{"damage":8.0,"enemies":"Reptomancer","floor":47.0,"turns":7.0},{"damage":114,"enemies":"Time Eater","floor":50,"turns":4}],"seed_played":"999602091935372863","potions_obtained":[{"floor":8.0,"key":"FairyPotion"},{"floor":13.0,"key":"Swift Potion"},{"floor":16.0,"key":"Strength Potion"},{"floor":23.0,"key":"ColorlessPotion"},{"floor":29.0,"key":"PowerPotion"},{"floor":35.0,"key":"SpeedPotion"},{"floor":36.0,"key":"PowerPotion"},{"floor":47.0,"key":"Strength Potion"}],"is_trial":false,"path_per_floor":["M","?","?","M","?","E","R","E","T","R","M","$","M","M","R","B",null,"M","?","M","M","M","E","R","$","T","E","?","E","?","T","R","B",null,"M","M","?","?","M","E","M","E","T","E","$","?","E","$","R","B"],"character_chosen":"WATCHER","items_purchased":["WheelKick","Wireheading","Metamorphosis","DollysMirror","Meat on the Bone","PreservedInsect","Swivel","SkillPotion"],"campfire_rested":1,"item_purchase_floors":[12,12,25,25,45,45,48,48],"current_hp_per_floor":[65,65,63,63,63,63,63,51,51,51,51,51,51,51,51,51,71,71,57,57,57,57,43,43,43,43,36,36,16,10,10,34,34,70,70,54,54,44,44,44,44,44,44,44,44,44,48,48,48,0,0],"gold":452,"neow_bonus":"THREE_ENEMY_KILL","is_daily":false,"chose_seed":false,"campfire_upgraded":4,"win_rate":0.0,"timestamp":1612108442,"path_taken":["M","?","?","M","?","E","R","E","T","R","M","?","M","M","R","BOSS","M","?","M","M","M","E","R","$","T","E","?","E","?","?","R","BOSS","M","M","?","?","M","E","M","E","T","E","$","?","E","$","R","BOSS"],"items_purchased_type":["Card","Card","Card","Relic","Relic","Relic","Card","Potion"],"build_version":"2020-12-22","purchased_purges":1,"victory":false,"max_hp_per_floor":[72,67,77,77,77,77,77,77,77,77,77,77,77,77,77,77,77,77,82,82,82,82,82,82,82,82,82,82,82,82,82,82,82,82,82,82,82,82,82,82,82,82,82,82,82,82,82,82,82,82,82],"relic_stats":{"Nunchaku":[0],"counters":[26,98],"Golden Idol":179,"CeramicFish":189,"Snecko Eye":[162,159,151,164],"Yang":[37],"Turnip":[0],"PreservedInsect":60,"Bag of Preparation":[4],"Whetstone":["WheelKick","FlurryOfBlows"],"obtain_stats":[{"Potion Belt":43,"Pear":3,"NeowsBlessing":0,"Golden Idol":2,"CeramicFish":8,"Oddly Smooth Stone":23,"Yang":42,"PreservedInsect":45,"Bag of Preparation":44,"TeardropLocket":26,"Whetstone":29,"Frozen Egg 2":40,"Du-Vu Doll":37,"CaptainsWheel":9,"Nunchaku":47,"DollysMirror":25,"Snecko Eye":17,"Philosopher\u0027s Stone":34,"Turnip":27,"PureWater":0,"FossilizedHelix":6,"Meat on the Bone":45},{"Potion Belt":23,"Pear":1,"NeowsBlessing":0,"Golden Idol":1,"CeramicFish":4,"Oddly Smooth Stone":13,"Yang":23,"PreservedInsect":24,"Bag of Preparation":24,"TeardropLocket":13,"Whetstone":15,"Frozen Egg 2":21,"Du-Vu Doll":19,"CaptainsWheel":4,"Nunchaku":25,"DollysMirror":13,"Snecko Eye":8,"Philosopher\u0027s Stone":16,"Turnip":14,"PureWater":0,"FossilizedHelix":3,"Meat on the Bone":24},{"Potion Belt":83,"Pear":1,"NeowsBlessing":0,"Golden Idol":1,"CeramicFish":11,"Oddly Smooth Stone":35,"Yang":83,"PreservedInsect":87,"Bag of Preparation":87,"TeardropLocket":35,"Whetstone":43,"Frozen Egg 2":74,"Du-Vu Doll":61,"CaptainsWheel":11,"Nunchaku":94,"DollysMirror":35,"Snecko Eye":22,"Philosopher\u0027s Stone":49,"Turnip":38,"PureWater":0,"FossilizedHelix":4,"Meat on the Bone":87}],"Meat on the Bone":12},"card_choices":[{"not_picked":["CrushJoints","EmptyBody"],"picked":"Crescendo","floor":1.0},{"not_picked":["CrushJoints","EmptyBody"],"picked":"CutThroughFate","floor":4.0},{"not_picked":["SashWhip","Study"],"picked":"LessonLearned","floor":6.0},{"not_picked":["PathToVictory","DeceiveReality"],"picked":"ForeignInfluence","floor":8.0},{"not_picked":["ReachHeaven","EmptyBody"],"picked":"TalkToTheHand","floor":11.0},{"not_picked":["Study","ForeignInfluence"],"picked":"FlurryOfBlows","floor":13.0},{"not_picked":["FlyingSleeves","SashWhip"],"picked":"CutThroughFate","floor":14.0},{"not_picked":["Scrawl","ConjureBlade"],"picked":"Omniscience","floor":16.0},{"not_picked":["ThirdEye+1","Prostrate","Evaluate"],"picked":"SKIP","floor":18.0},{"not_picked":["JustLucky","EmptyBody"],"picked":"ClearTheMind","floor":20.0},{"not_picked":["CrushJoints+1","FollowUp"],"picked":"Worship","floor":21.0},{"not_picked":["CrushJoints","FollowUp","FlurryOfBlows"],"picked":"SKIP","floor":22.0},{"not_picked":["Prostrate","Wireheading+1"],"picked":"Wallop","floor":23.0},{"not_picked":["ReachHeaven","Vengeance","Crescendo"],"picked":"SKIP","floor":27.0},{"not_picked":["CutThroughFate","Judgement"],"picked":"TalkToTheHand","floor":29.0},{"not_picked":["DeusExMachina","Judgement"],"picked":"Alpha","floor":33.0},{"not_picked":["PathToVictory","Conclude","JustLucky+1"],"picked":"SKIP","floor":35.0},{"not_picked":["CutThroughFate","EmptyFist"],"picked":"WheelKick","floor":36.0},{"not_picked":["FlurryOfBlows+1","EmptyFist"],"picked":"Swivel","floor":39.0},{"not_picked":["Crescendo","Halt","WheelKick"],"picked":"SKIP","floor":40.0},{"not_picked":["Halt","Collect","SandsOfTime"],"picked":"SKIP","floor":41.0},{"not_picked":["ClearTheMind+1","Collect+1","Prostrate+1"],"picked":"SKIP","floor":42.0},{"not_picked":["Fasting2+1","FlurryOfBlows"],"picked":"Alpha","floor":44.0},{"not_picked":["Nirvana+1","FlyingSleeves+1"],"picked":"DevaForm+1","floor":47.0}],"player_experience":310996,"relics_obtained":[{"floor":6.0,"key":"FossilizedHelix"},{"floor":8.0,"key":"CeramicFish"},{"floor":9.0,"key":"CaptainsWheel"},{"floor":23.0,"key":"Oddly Smooth Stone"},{"floor":26.0,"key":"TeardropLocket"},{"floor":27.0,"key":"Turnip"},{"floor":29.0,"key":"Whetstone"},{"floor":37.0,"key":"Du-Vu Doll"},{"floor":40.0,"key":"Frozen Egg 2"},{"floor":42.0,"key":"Yang"},{"floor":43.0,"key":"Potion Belt"},{"floor":44.0,"key":"Bag of Preparation"},{"floor":47.0,"key":"Nunchaku"}],"event_choices":[{"damage_healed":0.0,"max_hp_gain":0.0,"max_hp_loss":5.0,"gold_gain":0.0,"event_name":"Golden Idol","player_choice":"Lose Max HP","floor":2.0,"gold_loss":0.0,"damage_taken":0.0,"relics_obtained":["Golden Idol"]},{"damage_healed":0.0,"max_hp_gain":0.0,"max_hp_loss":0.0,"gold_gain":0.0,"event_name":"Scrap Ooze","player_choice":"Success","floor":3.0,"gold_loss":0.0,"damage_taken":12.0,"relics_obtained":["Pear"]},{"cards_removed":["Strike_P"],"damage_healed":0.0,"max_hp_gain":0.0,"max_hp_loss":0.0,"gold_gain":0.0,"event_name":"The Cleric","player_choice":"Card Removal","floor":5.0,"gold_loss":50.0,"damage_taken":0.0},{"damage_healed":0.0,"max_hp_gain":5.0,"max_hp_loss":0.0,"gold_gain":0.0,"event_name":"Forgotten Altar","player_choice":"Shed Blood","floor":19.0,"gold_loss":0.0,"damage_taken":19.0},{"damage_healed":0.0,"max_hp_gain":0.0,"max_hp_loss":0.0,"gold_gain":0.0,"event_name":"The Library","player_choice":"Read","floor":28.0,"gold_loss":0.0,"damage_taken":0.0,"cards_obtained":["Wish"]},{"damage_healed":0.0,"max_hp_gain":0.0,"max_hp_loss":0.0,"gold_gain":0.0,"event_name":"Nest","player_choice":"Joined the Cult","floor":30.0,"gold_loss":0.0,"damage_taken":6.0,"cards_obtained":["RitualDagger"]},{"damage_healed":0.0,"max_hp_gain":0.0,"max_hp_loss":0.0,"gold_gain":0.0,"event_name":"Mysterious Sphere","player_choice":"Fight","floor":37.0,"gold_loss":0.0,"damage_taken":0.0},{"damage_healed":0.0,"max_hp_gain":0.0,"max_hp_loss":0.0,"gold_gain":0.0,"event_name":"SensoryStone","player_choice":"Memory 3","floor":38.0,"gold_loss":0.0,"damage_taken":10.0},{"cards_removed":["Wireheading"],"damage_healed":0.0,"max_hp_gain":0.0,"max_hp_loss":0.0,"gold_gain":0.0,"event_name":"Falling","player_choice":"Removed Power","floor":46.0,"gold_loss":0.0,"damage_taken":0.0}],"is_beta":false,"boss_relics":[{"not_picked":["Black Star","SlaversCollar"],"picked":"Snecko Eye"},{"not_picked":["Runic Pyramid","Coffee Dripper"],"picked":"Philosopher\u0027s Stone"}],"items_purged_floors":[25],"is_endless":false,"potions_floor_spawned":[8,13,16,21,23,29,35,36,40,41,47],"killed_by":"Time Eater","ascension_level":7}}