{"host":"8i4doyxqctgl5qb0","time":1612109307,"event":{"mods":["AchievementEnabler","BaseMod","Block Reminder","Colored Powertips","Downfall","Minty Spire (QoL Compilation)","Permanent Neow","Potion Indicator Mod","Rare Cards Sparkle","StSLib","SuperFastMode","The Jungle"],"gold_per_floor":[110,110,110,125,200,200,236,253,253,277,45,45,70,94,94,202,202,225,81,81,6,35,35,71,91,91,116,116,2,2,40,61,187,199,240,18,40,49,49,49,49,49,49,49,69,78,105,134,134,134,134],"floor_reached":50,"language":"ZHS","playtime":1734,"items_purged":["Regret","Strike_G"],"score":704,"play_id":"8cc099f7-3b10-4168-afa5-a4df369d9331","local_time":"20210201000827","is_ascension_mode":true,"campfire_choices":[{"data":"Neutralize","floor":6.0,"key":"SMITH"},{"data":"Phantasmal Killer","floor":15.0,"key":"SMITH"},{"floor":23.0,"key":"REST"},{"floor":28.0,"key":"REST"},{"data":"Burst","floor":30.0,"key":"SMITH"},{"floor":32.0,"key":"REST"},{"data":"Envenom","floor":40.0,"key":"SMITH"},{"data":"Backflip","floor":42.0,"key":"SMITH"},{"data":"Cloak And Dagger","floor":44.0,"key":"SMITH"},{"floor":46.0,"key":"REST"},{"floor":49.0,"key":"REST"}],"circlet_count":0,"master_deck":["Strike_G","Strike_G","Strike_G","Defend_G","Defend_G","Defend_G","Defend_G","Defend_G","Survivor","Neutralize+1","Terror","Well Laid Plans","Phantasmal Killer+1","Dagger Spray","Blade Dance","Venomology","Noxious Fumes","Slice+1","Well Laid Plans+1","Burst+1","Cloak And Dagger+1","PiercingWail","Backflip+1","Envenom+1","Distraction+1","Finesse","Dagger Spray+1","Neutralize","Cloak And Dagger","Bane+1","Backflip","PiercingWail+1"],"relics":["Ring of the Snake","NeowsBlessing","Pear","CeramicFish","HornCleat","Pen Nib","Blood Vial","SlaversCollar","Regal Pillow","Dream Catcher","Gremlin Horn","MawBank","Philosopher\u0027s Stone","Toy Ornithopter","Ginger"],"acts_visited":["Exordium","TheCity","TheBeyond"],"potions_floor_usage":[50,50,50],"damage_taken":[{"damage":0.0,"enemies":"Jaw Worm","floor":1.0,"turns":1.0},{"damage":0.0,"enemies":"Small Slimes","floor":4.0,"turns":1.0},{"damage":0.0,"enemies":"Gremlin Nob","floor":7.0,"turns":1.0},{"damage":0.0,"enemies":"Cultist","floor":8.0,"turns":2.0},{"damage":4.0,"enemies":"Blue Slaver","floor":13.0,"turns":4.0},{"damage":0.0,"enemies":"Large Slime","floor":14.0,"turns":7.0},{"damage":40.0,"enemies":"Slime Boss","floor":16.0,"turns":10.0},{"damage":27.0,"enemies":"2 Thieves","floor":18.0,"turns":5.0},{"damage":8.0,"enemies":"Chosen","floor":22.0,"turns":5.0},{"damage":7.0,"enemies":"Gremlin Leader","floor":24.0,"turns":5.0},{"damage":22.0,"enemies":"Shelled Parasite and Fungi","floor":25.0,"turns":4.0},{"damage":39.0,"enemies":"Sentry and Sphere","floor":27.0,"turns":7.0},{"damage":8.0,"enemies":"Slavers","floor":31.0,"turns":5.0},{"damage":50.0,"enemies":"Champ","floor":33.0,"turns":13.0},{"damage":2.0,"enemies":"3 Shapes","floor":35.0,"turns":8.0},{"damage":0.0,"enemies":"Orb Walker","floor":37.0,"turns":3.0},{"damage":53.0,"enemies":"Spire Growth","floor":45.0,"turns":5.0},{"damage":25.0,"enemies":"Writhing Mass","floor":47.0,"turns":6.0},{"damage":17.0,"enemies":"Sphere and 2 Shapes","floor":48.0,"turns":5.0},{"damage":132,"enemies":"Time Eater","floor":50,"turns":10}],"seed_played":"8859946297395847423","potions_obtained":[{"floor":1.0,"key":"Swift Potion"},{"floor":7.0,"key":"Fire Potion"},{"floor":13.0,"key":"Weak Potion"},{"floor":16.0,"key":"Swift Potion"},{"floor":22.0,"key":"SneckoOil"},{"floor":27.0,"key":"FairyPotion"},{"floor":48.0,"key":"Poison Potion"}],"is_trial":false,"path_per_floor":["M","$","?","M","?","R","E","M","T","T","$","$","M","M","R","B",null,"M","$","?","?","M","R","E","M","T","M","R","$","R","E","R","B",null,"M","$","M","?","$","R","$","R","T","R","M","R","M","M","R","B"],"character_chosen":"THE_SILENT","items_purchased":["Blood Vial","Regal Pillow","Cloak And Dagger","Toy Ornithopter","Finesse"],"campfire_rested":5,"item_purchase_floors":[11,19,29,36,36],"current_hp_per_floor":[63,63,73,73,62,62,62,62,62,62,62,62,60,62,62,24,66,41,41,41,41,35,74,69,49,49,12,51,51,51,45,80,30,68,68,68,70,70,70,70,70,70,70,70,29,68,45,40,79,0,0],"gold":134,"neow_bonus":"THREE_ENEMY_KILL","is_daily":false,"chose_seed":false,"campfire_upgraded":6,"win_rate":0.0,"timestamp":1612109307,"path_taken":["M","$","?","M","?","R","E","M","T","?","?","$","?","M","R","BOSS","M","$","?","?","M","R","E","M","T","M","R","$","R","E","R","BOSS","M","$","M","?","$","R","?","R","T","R","M","R","M","?","R","BOSS"],"items_purchased_type":["Relic","Relic","Card","Relic","Card"],"build_version":"2020-12-22","purchased_purges":2,"victory":false,"max_hp_per_floor":[70,70,80,80,80,80,80,80,80,80,80,80,80,80,80,80,80,80,80,80,80,80,80,80,80,80,80,80,80,80,80,80,80,80,80,80,80,80,80,80,80,80,80,80,80,80,80,80,80,80,80],"card_choices":[{"not_picked":["Prepared","Outmaneuver"],"picked":"Terror","floor":1.0},{"not_picked":["Deflect","Outmaneuver"],"picked":"Well Laid Plans","floor":4.0},{"not_picked":["Outmaneuver","Eviscerate"],"picked":"Phantasmal Killer","floor":7.0},{"not_picked":["Calculated Gamble","Outmaneuver","Quick Slash"],"picked":"SKIP","floor":8.0},{"not_picked":["Dodge and Roll","Quick Slash"],"picked":"Dagger Spray","floor":13.0},{"not_picked":["Quick Slash","Deflect"],"picked":"Blade Dance","floor":14.0},{"not_picked":["After Image","Corpse Explosion"],"picked":"Venomology","floor":16.0},{"not_picked":["Endless Agony","Bane+1"],"picked":"Noxious Fumes","floor":18.0},{"not_picked":["Dodge and Roll","Dagger Throw"],"picked":"Slice+1","floor":22.0},{"not_picked":["Riddle With Holes","Acrobatics"],"picked":"Well Laid Plans+1","floor":24.0},{"not_picked":["Masterful Stab","Bane","Outmaneuver"],"picked":"SKIP","floor":25.0},{"not_picked":["Deflect+1","Underhanded Strike"],"picked":"Burst","floor":27.0},{"not_picked":["Prepared+1","Dagger Throw"],"picked":"PiercingWail","floor":31.0},{"not_picked":["Underhanded Strike+1","Terror"],"picked":"Backflip","floor":32.0},{"not_picked":["Corpse Explosion","Doppelganger"],"picked":"Envenom","floor":33.0},{"not_picked":["Blade Dance+1","Terror+1"],"picked":"Distraction+1","floor":35.0},{"not_picked":["Concentrate+1","Prepared+1"],"picked":"Dagger Spray+1","floor":37.0},{"not_picked":["Dagger Throw+1","Deflect"],"picked":"Cloak And Dagger","floor":45.0},{"not_picked":["Backstab+1","Flying Knee"],"picked":"Bane+1","floor":46.0},{"not_picked":["Skewer","Masterful Stab"],"picked":"Backflip","floor":47.0},{"not_picked":["Caltrops","Underhanded Strike"],"picked":"PiercingWail+1","floor":48.0}],"player_experience":260369,"relics_obtained":[{"floor":7.0,"key":"CeramicFish"},{"floor":9.0,"key":"HornCleat"},{"floor":10.0,"key":"Pen Nib"},{"floor":24.0,"key":"Dream Catcher"},{"floor":26.0,"key":"Gremlin Horn"},{"floor":31.0,"key":"MawBank"},{"floor":43.0,"key":"Ginger"}],"event_choices":[{"damage_healed":0.0,"max_hp_gain":0.0,"max_hp_loss":0.0,"gold_gain":0.0,"event_name":"Big Fish","player_choice":"Box","floor":3.0,"gold_loss":0.0,"damage_taken":0.0,"relics_obtained":["Pear"],"cards_obtained":["Regret"]},{"damage_healed":0.0,"max_hp_gain":0.0,"max_hp_loss":0.0,"gold_gain":75.0,"event_name":"World of Goop","player_choice":"Gather Gold","floor":5.0,"gold_loss":0.0,"damage_taken":11.0},{"damage_healed":0.0,"max_hp_gain":0.0,"max_hp_loss":0.0,"gold_gain":0.0,"event_name":"Ghosts","player_choice":"Ignored","floor":20.0,"gold_loss":0.0,"damage_taken":0.0},{"cards_removed":["Strike_G"],"damage_healed":0.0,"max_hp_gain":0.0,"max_hp_loss":0.0,"gold_gain":0.0,"event_name":"Beggar","player_choice":"Gave Gold","floor":21.0,"gold_loss":75.0,"damage_taken":0.0},{"damage_healed":0.0,"max_hp_gain":0.0,"max_hp_loss":0.0,"gold_gain":0.0,"event_name":"Match and Keep!","player_choice":"1 cards matched","floor":38.0,"gold_loss":0.0,"damage_taken":0.0,"cards_obtained":["Neutralize"]}],"is_beta":false,"boss_relics":[{"not_picked":["Ectoplasm","Fusion Hammer"],"picked":"SlaversCollar"},{"not_picked":["Sozu","Ring of the Serpent"],"picked":"Philosopher\u0027s Stone"}],"items_purged_floors":[11,29],"is_endless":false,"potions_floor_spawned":[1,7,13,16,22,27,37,48],"killed_by":"Time Eater","ascension_level":8}}