{"host":"bakf0s4odzu8z5xt","time":1612131420,"event":{"mods":["BaseMod","Downfall","Friendly Minions","Minty Spire (QoL Compilation)","StSLib"],"gold_per_floor":[99,112,132,42,58,58,58,85,98,129,129,140,140,165,185,282,282,282,299,319,332,90,122,122,122,28,39,39,39,39,39,53,148,148,148,165,178,197,209,403,430,430,430,430,430],"floor_reached":43,"language":"ENG","playtime":4113,"items_purged":["Slimebound:Strike_Slimebound","Slimebound:Strike_Slimebound","downfall:Malfunctioning"],"score":520,"play_id":"b99cb2be-0909-4cbd-9053-09f8ca42d21c","local_time":"20210131161700","is_ascension_mode":true,"campfire_choices":[{"data":"Slimebound:CorrosiveSpit","floor":1,"key":"SMITH"},{"data":"Slimebound:RejuvenatingLick","floor":11,"key":"SMITH"},{"data":"Slimebound:AcidTongue","floor":13,"key":"SMITH"},{"data":"Slimebound:Gluttony","floor":18,"key":"SMITH"},{"data":"Slimebound:SlimeSlap","floor":29,"key":"SMITH"},{"data":"Slimebound:Grow","floor":35,"key":"SMITH"},{"data":"Slimebound:WasteNot","floor":42,"key":"SMITH"}],"circlet_count":0,"master_deck":["Slimebound:Defend_Slimebound+1","Slimebound:Defend_Slimebound+1","Slimebound:Defend_Slimebound+1","Slimebound:CorrosiveSpit+1","Slimebound:BestDefense","Slimebound:GrowthPunch","Slimebound:Schlurp","Slimebound:RainOfGoop","Slimebound:ViciousTackle","Slimebound:GoopSpray","Slimebound:RejuvenatingLick+1","Slimebound:HungryTackle","Slimebound:Schlurp","Slimebound:AcidTongue+1","Slimebound:Gluttony+1","Slimebound:LeechEnergy","Slimebound:WasteNot+1","Slimebound:SamplingLick","Slimebound:Grow+1","Slimebound:Prepare","Slimebound:SlimeSlap+1","Slimebound:Prepare","Slimebound:RollThrough","Slimebound:ComboTackle","Slimebound:SlimeBrawl","Slimebound:SplitAcid","Slimebound:Repurpose","Slimebound:Dissolve","Slimebound:FlameTackle+1","Slimebound:LivingWall","Slimebound:Grow+1","Slimebound:LeechingTouch","Slimebound:SpikyOuterGoop","Slimebound:Prepare"],"relics":["Slimebound:AbsorbEndCombat","Anchor","Bottled Tornado","Nunchaku","Happy Flower","Slimebound:TarBlob","Bag of Preparation","Runic Pyramid","Art of War"],"acts_visited":["Exordium","TheCity","TheBeyond"],"potions_floor_usage":[10,21,22,23,33,43],"damage_taken":[{"damage":5,"enemies":"2 Louse","floor":2,"turns":3},{"damage":0,"enemies":"Cultist","floor":3,"turns":3},{"damage":4,"enemies":"downfall:FleeingMerchant","floor":4,"turns":4},{"damage":2,"enemies":"Jaw Worm","floor":5,"turns":2},{"damage":17,"enemies":"3 Sentries","floor":8,"turns":5},{"damage":1,"enemies":"3 Louse","floor":9,"turns":3},{"damage":0,"enemies":"Gremlin Nob","floor":10,"turns":3},{"damage":0,"enemies":"2 Fungi Beasts","floor":12,"turns":2},{"damage":24,"enemies":"3 Sentries","floor":14,"turns":7},{"damage":13,"enemies":"Exordium Thugs","floor":15,"turns":4},{"damage":29,"enemies":"SI_SHIV_ARCHETYPE","floor":16,"turns":7},{"damage":8,"enemies":"Chosen","floor":19,"turns":4},{"damage":18,"enemies":"Shell Parasite","floor":20,"turns":3},{"damage":22,"enemies":"Centurion and Healer","floor":21,"turns":4},{"damage":0,"enemies":"downfall:FleeingMerchant","floor":22,"turns":4},{"damage":1,"enemies":"Book of Stabbing","floor":23,"turns":5},{"damage":0,"enemies":"downfall:FleeingMerchant","floor":26,"turns":4},{"damage":0,"enemies":"3 Cultists","floor":27,"turns":4},{"damage":10,"enemies":"Sentry and Sphere","floor":32,"turns":4},{"damage":37,"enemies":"IC_MUSHROOM_ARCHETYPE","floor":33,"turns":6},{"damage":2,"enemies":"3 Shapes","floor":36,"turns":5},{"damage":0,"enemies":"Orb Walker","floor":37,"turns":3},{"damage":4,"enemies":"Maw","floor":38,"turns":7},{"damage":28,"enemies":"Writhing Mass","floor":39,"turns":7},{"damage":1,"enemies":"downfall:FleeingMerchant","floor":40,"turns":4},{"damage":58,"enemies":"Reptomancer","floor":43,"turns":2}],"seed_played":"-1409854998112227743","potions_obtained":[{"floor":3,"key":"AttackPotion"},{"floor":5,"key":"BlessingOfTheForge"},{"floor":8,"key":"SpeedPotion"},{"floor":10,"key":"BlessingOfTheForge"},{"floor":16,"key":"Regen Potion"},{"floor":20,"key":"Slimebound:SlimedPotion"},{"floor":27,"key":"sneckomod:MuddlingPotion"},{"floor":33,"key":"Explosive Potion"},{"floor":39,"key":"Dexterity Potion"}],"is_trial":false,"path_per_floor":["R","M","M","$","M","?","T","E","M","E","R","M","R","E","M","B",null,"R","M","M","M","$","E","T","?","$","M","?","R","?","?","M","B",null,"R","M","M","M","M","$","T","R","E"],"character_chosen":"SLIMEBOUND","items_purchased":["Slimebound:Grow","Slimebound:Prepare","Slimebound:RollThrough","Slimebound:ComboTackle","Slimebound:Prepare"],"campfire_rested":0,"item_purchase_floors":[22,22,26,26,40],"current_hp_per_floor":[59,56,59,59,59,59,59,46,53,59,59,59,59,41,36,15,59,59,51,41,39,47,54,54,54,59,59,59,59,59,59,53,24,59,59,59,59,57,37,44,44,44,0,0,0],"gold":430,"neow_bonus":"TRANSFORM_TWO_CARDS","is_daily":false,"chose_seed":false,"campfire_upgraded":7,"win_rate":0.0,"timestamp":1612131420,"path_taken":["R","M","M","$","M","?","T","E","?","E","R","M","R","E","M","BOSS","R","M","M","M","$","E","T","?","$","M","?","R","?","?","M","BOSS","R","M","M","M","M","$","T","R","E"],"items_purchased_type":["Card","Card","Card","Card","Card"],"build_version":"2020-12-22","purchased_purges":3,"victory":false,"max_hp_per_floor":[59,59,59,59,59,59,59,59,59,59,59,59,59,59,59,59,59,59,59,59,59,59,59,59,59,59,59,59,59,59,59,59,59,59,59,59,59,59,59,59,59,59,59,59,59],"card_choices":[{"not_picked":["Slimebound:ItLooksTasty","Slimebound:SlimeSpikes"],"picked":"Slimebound:Schlurp","floor":2},{"not_picked":["Slimebound:SplitBruiser","Slimebound:GoopTackle"],"picked":"Slimebound:RainOfGoop","floor":3},{"not_picked":["Slimebound:FinishingTackle","Slimebound:GoopTackle"],"picked":"Slimebound:ViciousTackle","floor":4},{"not_picked":["Slimebound:FinishingTackle","Slimebound:FormOfPuddle"],"picked":"Slimebound:GoopSpray","floor":5},{"not_picked":["Slimebound:TongueLash","Slimebound:FinishingTackle"],"picked":"Slimebound:RejuvenatingLick","floor":8},{"not_picked":["Slimebound:Dissolve","Slimebound:FinishingTackle"],"picked":"Slimebound:HungryTackle","floor":9},{"not_picked":["Slimebound:TagTeam","Slimebound:GoopTackle"],"picked":"Slimebound:Schlurp","floor":10},{"not_picked":["Slimebound:HauntingLick","Slimebound:ServeAndProtect"],"picked":"Slimebound:AcidTongue","floor":12},{"not_picked":["Slimebound:SamplingLick","Slimebound:SlimeSpikes"],"picked":"Slimebound:Gluttony","floor":14},{"not_picked":["Slimebound:SlimeSpikes","Slimebound:ItLooksTasty"],"picked":"Slimebound:LeechEnergy","floor":15},{"not_picked":["Slimebound:OneTwoCombo","Slimebound:PrepareCrush"],"picked":"Slimebound:WasteNot","floor":16},{"not_picked":["Slimebound:AcidTongue","Slimebound:HungryTackle+1","Slimebound:ItLooksTasty"],"picked":"SKIP","floor":19},{"not_picked":["Slimebound:FinishingTackle","Slimebound:HauntingLick","Slimebound:SplitBruiser"],"picked":"SKIP","floor":20},{"not_picked":["Slimebound:SplitAcid","Slimebound:ItLooksTasty"],"picked":"Slimebound:SplitLeeching","floor":21},{"not_picked":["Slimebound:FormOfPuddle","Slimebound:Schlurp"],"picked":"Slimebound:SamplingLick","floor":22},{"not_picked":["Slimebound:FinishingTackle+1","Slimebound:ItLooksTasty+1"],"picked":"Slimebound:SlimeSlap","floor":23},{"not_picked":["Slimebound:RejuvenatingLick","Slimebound:GoopSpray"],"picked":"Slimebound:Prepare","floor":26},{"not_picked":["Slimebound:DivideAndConquer+1","Slimebound:SplitAcid+1","Slimebound:SlimeTap"],"picked":"SKIP","floor":27},{"not_picked":["Slimebound:RollThrough+1","Slimebound:Recollect"],"picked":"Slimebound:Dissolve","floor":32},{"not_picked":["Slimebound:SplitSpecialist","Slimebound:ComboTackle"],"picked":"Slimebound:FlameTackle+1","floor":36},{"not_picked":["Slimebound:SlimeSpikes+1","Slimebound:MassFeed"],"picked":"Slimebound:LivingWall","floor":37},{"not_picked":["Slimebound:HauntingLick","Slimebound:SplitLeeching"],"picked":"Slimebound:Grow+1","floor":38},{"not_picked":["Slimebound:SlimeTap+1","Slimebound:SplitSpecialist"],"picked":"Slimebound:LeechingTouch","floor":39},{"not_picked":["Slimebound:RainOfGoop","Slimebound:GoopSpray"],"picked":"Slimebound:SpikyOuterGoop","floor":40}],"player_experience":2043474,"relics_obtained":[{"floor":7,"key":"Anchor"},{"floor":8,"key":"Bottled Tornado"},{"floor":10,"key":"Nunchaku"},{"floor":14,"key":"Happy Flower"},{"floor":24,"key":"Bag of Preparation"},{"floor":41,"key":"Art of War"}],"event_choices":[{"damage_healed":0,"gold_gain":0,"player_choice":"Ignored","damage_taken":0,"max_hp_gain":0,"max_hp_loss":0,"event_name":"Vampires","floor":25,"gold_loss":0},{"damage_healed":0,"gold_gain":0,"player_choice":"Ignored","damage_taken":0,"max_hp_gain":0,"max_hp_loss":0,"event_name":"Ghosts","floor":28,"gold_loss":0}],"is_beta":false,"boss_relics":[{"not_picked":["Fusion Hammer","Sozu"],"picked":"Slimebound:TarBlob"},{"not_picked":["SlaversCollar","Calling Bell"],"picked":"Runic Pyramid"}],"items_purged_floors":[4,22,40],"is_endless":false,"potions_floor_spawned":[3,5,8,9,10,16,19,20,23,27,33,39],"killed_by":"Reptomancer","ascension_level":1}}