{"host":"xjs3b8lu14idcd3l","time":1612063340,"event":{"mods":["Act Like it!","BaseMod","CapriCore","Friendly Minions","Gensokyo","Kiyohime£®«Âºß£©","Koishi","Marisa£®ÏF”Í°°ƒß¿Ì…≥£©","Minty Spire (QoL Compilation)","Prisma Mod","Reimu£®≤©¿ˆ¡È√Œ£©","Remilia£®¿Ÿ√◊¿Ú—«£©","Replay The Spire","StSLib","The Administrix","The Immortal","The Servant 0.9.4","Youmu£®ªÍ∆«—˝√Œ£©","Yuyuko"],"gold_per_floor":[109,142,67,80,80,80,80,80],"floor_reached":7,"language":"ZHS","playtime":347,"items_purged":["KiyohimeMod:Strike"],"score":55,"play_id":"3fc02032-fb38-48c1-8c6b-4d75d185c410","local_time":"20210131112220","is_ascension_mode":true,"campfire_choices":[{"floor":6,"key":"REST"}],"circlet_count":0,"master_deck":["KiyohimeMod:Strike","KiyohimeMod:Strike","KiyohimeMod:Strike","KiyohimeMod:Defend","KiyohimeMod:Defend","KiyohimeMod:Defend","KiyohimeMod:Defend","KiyohimeMod:Track","KiyohimeMod:FlameKiss","KiyohimeMod:Shapeshift","KiyohimeMod:Berserker","KiyohimeMod:Tenacious+1","KiyohimeMod:BlueBlackKey"],"relics":["KiyohimeMod:FireDragon","ScarletDevilRocket","Frozen Egg 2"],"acts_visited":["Gensokyo:Gensokyo"],"potions_floor_usage":[],"damage_taken":[{"damage":6,"enemies":"Gensokyo:Gryphon","floor":1,"turns":4},{"damage":28,"enemies":"Gensokyo:Mamizou","floor":2,"turns":9},{"damage":9,"enemies":"Gensokyo:2_Kodama","floor":4,"turns":5},{"damage":33,"enemies":"Gensokyo:Cirno","floor":7,"turns":9}],"seed_played":"8963229390927511394","potions_obtained":[{"floor":2,"key":"Milkshake"}],"is_trial":false,"path_per_floor":["M","?","$","M","?","R","E"],"character_chosen":"Kiyohime","items_purchased":[],"campfire_rested":1,"item_purchase_floors":[],"current_hp_per_floor":[54,26,26,17,17,35,2,2],"gold":80,"neow_bonus":"RANDOM_COMMON_RELIC","is_daily":false,"chose_seed":false,"campfire_upgraded":0,"win_rate":0.0,"timestamp":1612063340,"path_taken":["M","?","$","M","?","R","E"],"items_purchased_type":[],"build_version":"2020-12-22","purchased_purges":1,"victory":false,"max_hp_per_floor":[60,60,60,60,60,60,60,60],"card_choices":[{"not_picked":["KiyohimeMod:WaterTurn","KiyohimeMod:CelestialInvertedMoon"],"picked":"KiyohimeMod:Berserker","floor":1},{"not_picked":["KiyohimeMod:SteelTraining","KiyohimeMod:BlueBlackKey"],"picked":"KiyohimeMod:Tenacious+1","floor":2},{"not_picked":["KiyohimeMod:GreenBlackKey","KiyohimeMod:FiringTheFirstArrow"],"picked":"KiyohimeMod:BlueBlackKey","floor":4}],"player_experience":196373,"relics_obtained":[{"floor":2,"key":"Frozen Egg 2"}],"event_choices":[],"is_beta":false,"boss_relics":[],"items_purged_floors":[3],"is_endless":false,"potions_floor_spawned":[2],"killed_by":"Gensokyo:Cirno","ascension_level":3}}