{"host":"s21r9c1cdih2g0le","time":1612123309,"event":{"mods":["Aspiration","BaseMod","BetterRewards","Colored Map","Conspire","Downfall","Energized Spire","Friendly Minions","GifTheSpireLib","Hubris","Infinite Spire","Ironclad Rager","Jorbs\u0027s Wanderer Trilogy","Mimic Mod","Minty Spire (QoL Compilation)","Replay The Spire","StSLib","Stuff the Spire","SuperFastMode","The Mystic","Wandering Minibosses"],"gold_per_floor":[199,219,219,229,229,43,111,126,160,177,194,228,28,28,47,151,151,51,61,80,90,190,208,208,208,221,221,221,236,253,281,297,399,399,399,415,428,441,191,209,209,209,237,237,248,248,248,259,277,277,277,277],"floor_reached":50,"language":"ENG","playtime":3256,"items_purged":[],"score":612,"play_id":"dc7e7e8c-2d5d-4bd7-89e7-0e691f73d1a3","local_time":"20210131210149","is_ascension_mode":false,"campfire_choices":[{"floor":1,"key":"RECALL"},{"floor":13,"key":"REST"},{"data":"hubris:EnhanceAbility","floor":18,"key":"SMITH"},{"floor":25,"key":"REST"},{"floor":28,"key":"REST"},{"data":"champ:StrikeOfGenius","floor":35,"key":"SMITH"},{"floor":47,"key":"REST"}],"circlet_count":0,"master_deck":["champ:Strike+1","champ:Strike","champ:Defend+1","champ:Defend","champ:Defend","champ:Execute","champ:Taunt","champ:GutPunch","Injury","champ:DefensiveShout+1","champ:FanOfKnives","hubris:EnhanceAbility+1","champ:GladiatorStyle","champ:Lariat+1","champ:BerserkerStyle","champ:ArenaPreparation+1","champ:MurderStrike+1","downfall:Malfunctioning","champ:VampiricStrike","champ:Shatter+1","champ:FlashCut+1","champ:ShieldWall+1","champ:Taunt+1","champ:CrownThrow","champ:Endure+1","champ:SwordThrow","Impatience+1","Languid","champ:CrookedStrike","wanderingMiniBosses:FinaleOfPromise+1","champ:FlashCut+1","champ:BringItOn+1","champ:StanceDance+1","Pot Of Greed+1","Pot Of Greed+1","Pot Of Greed+1","Pot Of Greed+1","champ:HoldFirm+1","champ:StrikeOfGenius+1","champ:Shatter+1","champ:AdrenalArmor+1","champ:IgnorePain+1","champ:StanceDance+1","champ:BerserkerStyle","expansioncontent:QuickStudy+1","champ:PerfectedStrike","champ:RisingSlash+1","champ:CheapShot","champ:PerfectedStrike","Pot Of Greed+1","Parasite"],"relics":["champ:ChampionCrown","Toxic Egg 2","aspiration:FetidBarrel","Replay:Mystery Machine","downfall:HeartBlessingBlue","downfall:HeartBlessingRed","Sozu","downfall:HeartBlessingGreen","downfall:GremlinSack","wanderingMiniBosses:Blackblade","energizedSpire:DeadBattery","Grinning Jar","Astrolabe","MealTicket"],"acts_visited":["Exordium","TheCity","TheBeyond"],"potions_floor_usage":[9,10,12,31,31],"damage_taken":[{"damage":10,"enemies":"2 Louse","floor":2,"turns":3},{"damage":13,"enemies":"conspire:RoseBush","floor":4,"turns":5},{"damage":25,"enemies":"downfall:FleeingMerchant","floor":6,"turns":4},{"damage":22,"enemies":"infinitespire:Voidling","floor":8,"turns":4},{"damage":50,"enemies":"3 Sentries","floor":9,"turns":8},{"damage":75,"enemies":"Large Slime","floor":10,"turns":8},{"damage":15,"enemies":"Lots of Slimes","floor":11,"turns":2},{"damage":62,"enemies":"Lagavulin","floor":12,"turns":7},{"damage":1,"enemies":"3 Louse","floor":15,"turns":2},{"damage":67,"enemies":"WA_ARCHETYPE_RETAIN","floor":16,"turns":7},{"damage":71,"enemies":"Spheric Guardian","floor":19,"turns":5},{"damage":90,"enemies":"Shelled Parasite and Fungi","floor":20,"turns":8},{"damage":24,"enemies":"Snecko","floor":21,"turns":5},{"damage":9,"enemies":"Snecko","floor":22,"turns":3},{"damage":48,"enemies":"Snake Plant","floor":23,"turns":4},{"damage":34,"enemies":"Centurion and Healer","floor":26,"turns":4},{"damage":23,"enemies":"Shelled Parasite and Fungi","floor":29,"turns":3},{"damage":5,"enemies":"Snecko","floor":30,"turns":2},{"damage":66,"enemies":"Nightmare","floor":31,"turns":7},{"damage":19,"enemies":"3 Cultists","floor":32,"turns":5},{"damage":34,"enemies":"SI_MIRROR_ARCHETYPE","floor":33,"turns":10},{"damage":27,"enemies":"3 Darklings","floor":36,"turns":4},{"damage":12,"enemies":"3 Shapes","floor":37,"turns":2},{"damage":31,"enemies":"Maw","floor":38,"turns":5},{"damage":66,"enemies":"downfall:FleeingMerchant","floor":39,"turns":4},{"damage":76,"enemies":"3 Darklings","floor":40,"turns":4},{"damage":33,"enemies":"Nemesis","floor":43,"turns":5},{"damage":0,"enemies":"Transient","floor":45,"turns":5},{"damage":0,"enemies":"Writhing Mass","floor":48,"turns":3},{"damage":15,"enemies":"Sphere and 2 Shapes","floor":49,"turns":3},{"damage":117,"enemies":"DF_ARCHETYPE_ORBS","floor":50,"turns":8}],"seed_played":"-3200810535763351466","potions_obtained":[{"floor":2,"key":"champ:TechniquePotion"},{"floor":9,"key":"Fruit Juice"},{"floor":10,"key":"Swift Potion"},{"floor":12,"key":"Dexterity Potion"},{"floor":16,"key":"Reflective Coating"}],"is_trial":false,"path_per_floor":["R","M","?","M","?","$","T","M","E","M","M","E","R","?","M","B",null,"R","M","M","M","?","M","T","R","M","AVR","R","M","M","NM","M","B",null,"R","M","M","M","$","M","T","?","E","?","M","?","R","M","M","B"],"character_chosen":"THE_CHAMP","items_purchased":["hubris:EnhanceAbility","expansioncontent:QuickStudy","champ:PerfectedStrike"],"campfire_rested":4,"item_purchase_floors":[6,39,39],"current_hp_per_floor":[90,90,90,87,87,87,87,87,72,47,39,42,83,83,82,68,105,105,91,80,71,67,44,44,75,69,69,100,84,84,77,73,70,105,105,98,98,93,93,69,69,72,54,54,54,54,86,86,86,0,0,0],"gold":277,"neow_bonus":"HUNDRED_GOLD","is_daily":false,"chose_seed":false,"campfire_upgraded":2,"win_rate":0.0,"timestamp":1612123309,"path_taken":["R","M","?","M","?","$","T","M","E","M","M","E","R","?","M","BOSS","R","M","M","M","?","M","T","R","M","AVR","R","?","M","NM","M","BOSS","R","M","M","M","$","M","T","?","E","?","?","?","R","M","M","BOSS"],"items_purchased_type":["Card","Card","Card"],"build_version":"2020-12-22","purchased_purges":0,"victory":false,"max_hp_per_floor":[90,90,90,90,90,90,90,90,95,95,95,95,105,105,105,105,105,105,105,105,105,105,105,105,105,105,105,105,105,105,105,105,105,105,105,105,105,105,105,105,105,108,108,108,108,108,108,108,108,108,108,108],"card_choices":[{"not_picked":["champ:Duel","champ:EnGarde"],"picked":"champ:GutPunch","floor":2},{"not_picked":["champ:SetATrap+1","champ:CrownThrow"],"picked":"champ:DefensiveShout+1","floor":4},{"not_picked":["champ:SetATrap+1","champ:Circumvent+1"],"picked":"champ:FanOfKnives","floor":6},{"not_picked":["champ:Encircle","champ:TornadoPunch"],"picked":"champ:GladiatorStyle","floor":8},{"not_picked":["champ:SwordThrow","champ:RecklessLeap"],"picked":"champ:Lariat+1","floor":9},{"not_picked":["champ:PerfectedStrike","champ:DefensiveShout+1"],"picked":"champ:BerserkerStyle","floor":10},{"not_picked":["champ:PreciseThrust","champ:BerserkersShout+1"],"picked":"champ:ArenaPreparation+1","floor":11},{"not_picked":["champ:DefensiveShout+1","champ:SetATrap+1"],"picked":"champ:MurderStrike","floor":12},{"not_picked":["champ:BerserkersShout+1","champ:Parry+1","champ:GutPunch"],"picked":"SKIP","floor":15},{"not_picked":["champ:DancingMaster","champ:SwordThrow"],"picked":"champ:VampiricStrike","floor":16},{"not_picked":["champ:BringItOn+1","champ:TornadoPunch+1"],"picked":"champ:Shatter+1","floor":19},{"not_picked":["champ:Haymaker","champ:FancyFootwork+1"],"picked":"champ:FlashCut+1","floor":20},{"not_picked":["champ:CrookedStrike","champ:Encircle"],"picked":"champ:ShieldWall+1","floor":21},{"not_picked":["champ:BringItOn+1","champ:PreemptiveStrike"],"picked":"champ:CrookedStrike","floor":22},{"not_picked":[],"picked":"wanderingMiniBosses:FinaleOfPromise","floor":23},{"not_picked":["champ:DefensiveShout+1","champ:DeathBlow"],"picked":"champ:FlashCut+1","floor":23},{"not_picked":["champ:Shatter","champ:EnGarde+1"],"picked":"champ:BringItOn+1","floor":26},{"not_picked":["champ:CalledShot+1","champ:AdrenalArmor+1"],"picked":"champ:StanceDance+1","floor":29},{"not_picked":["champ:FalseCounter+1","champ:PreemptiveStrike","champ:AdrenalArmor+1"],"picked":"SKIP","floor":30},{"not_picked":["champ:FanOfKnives+1","champ:FlashCut","champ:Backstep+1"],"picked":"SKIP","floor":31},{"not_picked":["champ:CrownThrow","champ:TornadoPunch"],"picked":"champ:HoldFirm+1","floor":32},{"not_picked":["champ:MurderStrike","champ:GladiatorForm"],"picked":"champ:StrikeOfGenius","floor":33},{"not_picked":["champ:DefensiveStyle","champ:TornadoPunch+1"],"picked":"champ:StanceDance+1","floor":36},{"not_picked":["champ:CrownThrow","champ:StanceDance+1"],"picked":"champ:BerserkerStyle","floor":37},{"not_picked":["champ:GladiatorStyle+1","champ:Parry+1","champ:ViciousMockery+1"],"picked":"SKIP","floor":38},{"not_picked":["champ:FanOfKnives+1","champ:TornadoPunch","champ:CrownThrow+1"],"picked":"SKIP","floor":39},{"not_picked":["champ:ViciousMockery+1","champ:IronFortress"],"picked":"champ:RisingSlash+1","floor":40},{"not_picked":["champ:GutPunch+1","champ:StanceDance+1"],"picked":"champ:CheapShot","floor":43},{"not_picked":["champ:BladeFlurry","champ:HeartStrike","champ:Encircle+1"],"picked":"SKIP","floor":45},{"not_picked":["champ:Backstep+1","champ:BladeFlurry","champ:FaceSlap"],"picked":"SKIP","floor":48},{"not_picked":["champ:PreemptiveStrike+1","champ:DefensiveShout+1","champ:FanOfKnives"],"picked":"SKIP","floor":49}],"player_experience":325217,"relics_obtained":[{"floor":9,"key":"aspiration:FetidBarrel"},{"floor":12,"key":"Replay:Mystery Machine"},{"floor":22,"key":"downfall:GremlinSack"},{"floor":23,"key":"wanderingMiniBosses:Blackblade"},{"floor":31,"key":"Grinning Jar"},{"floor":43,"key":"MealTicket"}],"event_choices":[],"is_beta":false,"boss_relics":[{"not_picked":["Painkiller Herb","hubris:ScarierMask"],"picked":"Sozu"},{"not_picked":["Runic Pyramid","StuffTheSpire:Kangaroo"],"picked":"Astrolabe"}],"items_purged_floors":[],"is_endless":true,"potions_floor_spawned":[2,9,10,12,16,19,21,23,29,40,45,48,49],"killed_by":"DF_ARCHETYPE_ORBS","ascension_level":0}}