{"host":"ecaj4hn004xnnrw9","time":1612027637,"event":{"mods":["AchievementEnabler","BaseMod","Better Third Choice","Hermit","Hubris","Infinite Spire","Jorbs\u0027s Wanderer Trilogy","Minty Spire (QoL Compilation)","Quick Restart","Relic Stats","Replay The Spire","Shop Mod","StSLib","The Construct","The Jungle","The Runesmith"],"gold_per_floor":[110,29,46,46,59,59,59],"floor_reached":6,"language":"ENG","playtime":139,"items_purged":[],"score":56,"play_id":"5dbede0c-e0a7-46f8-9079-5533fa49df8d","local_time":"20210130172717","is_ascension_mode":true,"campfire_choices":[],"circlet_count":0,"master_deck":["AscendersBane","Eruption","Vigilance","Establishment","Pray","Tantrum","Wallop","SignatureMove","Wallop","SignatureMove","Ragnarok","MentalFortress"],"relics":["Pandora\u0027s Box","Akabeko"],"acts_visited":["Exordium"],"potions_floor_usage":[6],"damage_taken":[{"damage":18,"enemies":"Small Slimes","floor":1,"turns":3},{"damage":6,"enemies":"infinitespire:Voidling","floor":3,"turns":2},{"damage":0,"enemies":"Cultist","floor":5,"turns":2},{"damage":0,"enemies":"3 Sentries","floor":6,"turns":1}],"seed_played":"2870996299431310989","potions_obtained":[{"floor":5,"key":"Energy Potion"}],"is_trial":false,"path_per_floor":["M","?","M","$","M","E"],"character_chosen":"WATCHER","items_purchased":[],"campfire_rested":0,"item_purchase_floors":[],"current_hp_per_floor":[47,47,41,41,41,41,41],"gold":59,"neow_bonus":"BOSS_RELIC","is_daily":false,"chose_seed":false,"campfire_upgraded":0,"win_rate":0.0,"timestamp":1612027637,"path_taken":["M","?","?","?","M","E"],"items_purchased_type":[],"build_version":"2020-12-22","purchased_purges":0,"victory":false,"max_hp_per_floor":[72,72,72,72,72,72,72],"relic_stats":{"counters":[4,8],"Pandora\u0027s Box":["Establishment","Pray","Tantrum","Wallop","SignatureMove","Wallop","SignatureMove","Ragnarok"],"obtain_stats":[{"Pandora\u0027s Box":0,"PureWater":0,"Akabeko":2},{"Pandora\u0027s Box":0,"PureWater":0,"Akabeko":1},{"Pandora\u0027s Box":0,"PureWater":0,"Akabeko":3}]},"card_choices":[{"not_picked":["Evaluate","FlyingSleeves","InnerPeace"],"picked":"SKIP","floor":1},{"not_picked":["Consecrate","Nirvana","Replay:BluntJabs"],"picked":"SKIP","floor":3},{"not_picked":["WindmillStrike","Evaluate"],"picked":"MentalFortress","floor":5}],"player_experience":428107,"relics_obtained":[],"event_choices":[{"damage_healed":0,"gold_gain":0,"player_choice":"Paid Gold","damage_taken":0,"relics_obtained":["Akabeko"],"max_hp_gain":0,"max_hp_loss":0,"event_name":"WeMeetAgain","floor":2,"gold_loss":81}],"is_beta":false,"boss_relics":[],"items_purged_floors":[],"is_endless":false,"potions_floor_spawned":[5],"killed_by":"3 Sentries","ascension_level":11}}