{"host":"3498uni0c31c9bdm","time":1612124485,"event":{"mods":["BaseMod","Better Third Choice","Minty Spire (QoL Compilation)","Replay The Spire","StSLib"],"gold_per_floor":[109,109,128,143,153,185,185,210,210,210,56,56,98,73,73,206,265,206,215,242,242,9,9,44,66,126,126,26,26],"floor_reached":28,"language":"ENG","playtime":973,"items_purged":[],"score":569,"play_id":"00e8adaa-d83d-49f2-9414-0e338f6c65ae","local_time":"20210201072125","is_ascension_mode":true,"campfire_choices":[{"floor":7,"key":"REST"},{"floor":12,"key":"REST"},{"floor":23,"key":"RECALL"},{"floor":27,"key":"REST"}],"circlet_count":0,"master_deck":["AscendersBane","Strike_P","Strike_P","Strike_P","Strike_P","Defend_P","Defend_P","Defend_P","Defend_P","Eruption+1","Vigilance","Prostrate+1","WindmillStrike+1","Consecrate","Replay:ManipulateFuture","Prostrate","ReachHeaven","Parasite","Wireheading","ReplayTheSpireMod:IOU","Pray","Pray","ReplayTheSpireMod:IOU","HandOfGreed","Ragnarok","WaveOfTheHand","TalkToTheHand+1","Writhe","PathToVictory","EmptyBody+1","CrushJoints","EmptyFist","Crow Ritual","Halt","Halt","Nirvana","Replay:DivineShield","CutThroughFate","Pot Of Greed","Pot Of Greed","Pot Of Greed","Pot Of Greed"],"relics":["PureWater","InkBottle","Mercury Hourglass","CeramicFish","Centennial Puzzle","Replay:Wax Seal","Blue Doll","Tiny House","Omamori","BargainBundle","Thread and Needle","HornCleat","Grinning Jar"],"acts_visited":["Exordium","TheCity"],"potions_floor_usage":[6,6,8,18,24],"damage_taken":[{"damage":11,"enemies":"Jaw Worm","floor":1,"turns":6},{"damage":0,"enemies":"Small Slimes","floor":3,"turns":3},{"damage":0,"enemies":"2 Louse","floor":4,"turns":3},{"damage":9,"enemies":"Large Slime","floor":5,"turns":5},{"damage":32,"enemies":"Gremlin Nob","floor":6,"turns":4},{"damage":10,"enemies":"Lagavulin","floor":8,"turns":5},{"damage":20,"enemies":"3 Sentries","floor":13,"turns":4},{"damage":39,"enemies":"Hexaghost","floor":16,"turns":9},{"damage":47,"enemies":"3 Byrds","floor":18,"turns":6},{"damage":7,"enemies":"Spheric Guardian","floor":20,"turns":3},{"damage":17,"enemies":"Gremlin Leader","floor":24,"turns":6},{"damage":21,"enemies":"3 Cultists","floor":25,"turns":5},{"damage":30,"enemies":"Chosen and Byrds","floor":28,"turns":3}],"seed_played":"-8869825757155038619","potions_obtained":[{"floor":3,"key":"Toxic Potion"},{"floor":5,"key":"FearPotion"},{"floor":6,"key":"PowerPotion"},{"floor":13,"key":"Flashbang"},{"floor":18,"key":"FairyPotion"}],"is_trial":false,"path_per_floor":["M","?","M","M","M","E","R","E","T","?","$","R","E","$","R","B",null,"M","?","M","?","$","R","E","M","T","R","M"],"character_chosen":"WATCHER","items_purchased":["CeramicFish","Replay:Wax Seal","Blue Doll","Pray","Block Potion","HandOfGreed","BargainBundle","EmptyBody+1","CrushJoints","EmptyFist","Crow Ritual","Halt","Nirvana","Thread and Needle"],"campfire_rested":3,"item_purchase_floors":[11,14,14,14,14,14,22,22,22,22,22,22,22,22],"current_hp_per_floor":[54,54,54,54,45,13,34,24,24,42,42,63,43,43,64,25,65,18,18,11,11,11,11,23,2,2,25,0,0],"gold":26,"neow_bonus":"UPGRADE_CARD","is_daily":false,"chose_seed":false,"campfire_upgraded":0,"win_rate":0.0,"timestamp":1612124485,"path_taken":["M","?","M","M","M","E","R","E","T","?","?","R","E","$","R","BOSS","M","?","M","?","$","R","E","M","T","R","M"],"items_purchased_type":["Relic","Relic","Relic","Card","Potion","Card","Relic","Card","Card","Card","Card","Card","Card","Relic"],"build_version":"2020-12-22","purchased_purges":0,"victory":false,"max_hp_per_floor":[72,72,72,72,72,72,72,72,72,72,72,72,72,72,72,72,77,77,77,77,77,77,77,77,77,77,77,77,77],"card_choices":[{"not_picked":["JustLucky","Crescendo"],"picked":"Prostrate","floor":1},{"not_picked":["Replay:Vibes","Conclude"],"picked":"WindmillStrike","floor":3},{"not_picked":["Replay:BluntJabs","WreathOfFlame"],"picked":"Consecrate","floor":4},{"not_picked":["Blasphemy","Conclude"],"picked":"Replay:ManipulateFuture","floor":5},{"not_picked":["ThirdEye","ReachHeaven"],"picked":"Prostrate","floor":6},{"not_picked":["CrushJoints","Conclude"],"picked":"ReachHeaven","floor":8},{"not_picked":["Crescendo","CutThroughFate"],"picked":"Wireheading","floor":13},{"not_picked":["LessonLearned","Replay:LoomingThreat"],"picked":"Ragnarok","floor":16},{"not_picked":["Crescendo","MentalFortress"],"picked":"WaveOfTheHand","floor":17},{"not_picked":["SignatureMove+1","Tantrum"],"picked":"TalkToTheHand+1","floor":18},{"not_picked":["Vengeance","Study+1"],"picked":"PathToVictory","floor":20},{"not_picked":["Protect","SignatureMove"],"picked":"Replay:DivineShield","floor":24},{"not_picked":["Replay:Battleflow","Protect"],"picked":"CutThroughFate","floor":25}],"player_experience":781099,"relics_obtained":[{"floor":6,"key":"InkBottle"},{"floor":8,"key":"Mercury Hourglass"},{"floor":13,"key":"Centennial Puzzle"},{"floor":24,"key":"HornCleat"},{"floor":26,"key":"Grinning Jar"}],"event_choices":[{"damage_healed":0,"gold_gain":0,"player_choice":"Ignored","damage_taken":0,"max_hp_gain":0,"max_hp_loss":0,"event_name":"Golden Wing","floor":2,"gold_loss":0},{"damage_healed":18,"gold_gain":0,"player_choice":"Healed and dodged fight","damage_taken":0,"max_hp_gain":0,"max_hp_loss":0,"event_name":"Mushrooms","floor":10,"gold_loss":0,"cards_obtained":["Parasite"]},{"damage_healed":0,"gold_gain":0,"player_choice":"Opened","damage_taken":0,"relics_obtained":["Omamori"],"max_hp_gain":0,"max_hp_loss":0,"event_name":"The Mausoleum","floor":19,"gold_loss":0,"cards_obtained":["Writhe"]}],"is_beta":false,"boss_relics":[{"not_picked":["VioletLotus","SlaversCollar"],"picked":"Tiny House"}],"items_purged_floors":[],"is_endless":false,"potions_floor_spawned":[3,5,6,13,18],"killed_by":"Chosen and Byrds","ascension_level":11}}