{"host":"ncocfkoislda923u","time":1612059242,"event":{"mods":["BaseMod","Downfall","Googly Eyes","Minty Spire (QoL Compilation)","Spire Arcade","StSLib"],"gold_per_floor":[99,114,125,139,152,187,187,187,187,221,239,259,276,276,287,287,287,287],"floor_reached":16,"language":"ENG","playtime":2574,"items_purged":[],"score":122,"play_id":"3fb6a053-870e-4fde-8b5f-340556d5294c","local_time":"20210131031402","is_ascension_mode":true,"campfire_choices":[{"data":"bronze:DelayedGuard","floor":1.0,"key":"SMITH"},{"floor":9,"key":"REST"}],"circlet_count":0,"master_deck":["bronze:Strike","bronze:Strike","bronze:Strike","bronze:Strike","bronze:Defend","bronze:Defend","bronze:Defend","bronze:Defend","bronze:Replicate","bronze:Goto","bronze:DelayedGuard+1","bronze:BronzeArmor","bronze:BitShift","bronze:Fortify","bronze:DelayedGuard","bronze:Verify","bronze:Fortify","bronze:Turbo","bronze:DelayedSlice","bronze:DelayedSlice","bronze:ClassDefault","bronze:Allocate"],"relics":["bronze:BronzeCore","Bottled Flame","Ornamental Fan","Shuriken"],"acts_visited":["Exordium"],"potions_floor_usage":[6,10,15,15,15,16],"damage_taken":[{"damage":3.0,"enemies":"Jaw Worm","floor":2.0,"turns":4.0},{"damage":0.0,"enemies":"Cultist","floor":3.0,"turns":4.0},{"damage":4.0,"enemies":"2 Louse","floor":4.0,"turns":3.0},{"damage":16.0,"enemies":"2 Fungi Beasts","floor":5.0,"turns":6.0},{"damage":9,"enemies":"3 Sentries","floor":6,"turns":9},{"damage":33,"enemies":"Gremlin Nob","floor":10,"turns":5},{"damage":0,"enemies":"Large Slime","floor":11,"turns":8},{"damage":6,"enemies":"Exordium Thugs","floor":12,"turns":4},{"damage":7,"enemies":"2 Fungi Beasts","floor":13,"turns":2},{"damage":6,"enemies":"Large Slime","floor":15,"turns":4},{"damage":9,"enemies":"IC_STATUS_ARCHETYPE","floor":16,"turns":2}],"seed_played":"-4251041729013533277","potions_obtained":[{"floor":2.0,"key":"FearPotion"},{"floor":3.0,"key":"Explosive Potion"},{"floor":5.0,"key":"bronze:BurnAndBuffPotion"},{"floor":6,"key":"FearPotion"},{"floor":12,"key":"Strength Potion"},{"floor":15,"key":"sneckomod:MuddlingPotion"}],"is_trial":false,"path_per_floor":["R","M","M","M","M","E","T","?","R","E","M","M","M","?","M","B"],"character_chosen":"THE_AUTOMATON","items_purchased":[],"campfire_rested":1,"item_purchase_floors":[],"current_hp_per_floor":[70,67,67,63,47,38,38,38,59,26,26,20,13,13,7,0,0,0],"gold":287,"neow_bonus":"THREE_CARDS","is_daily":false,"chose_seed":false,"campfire_upgraded":1,"win_rate":0.0,"timestamp":1612059242,"path_taken":["R","M","M","M","M","E","T","?","R","E","M","?","?","?","M","BOSS"],"items_purchased_type":[],"build_version":"2020-12-22","purchased_purges":0,"victory":false,"max_hp_per_floor":[70,70,70,70,70,70,70,70,70,70,70,70,70,70,70,70,70,70],"card_choices":[{"not_picked":["bronze:Branch","bronze:Overload"],"picked":"bronze:DelayedGuard","floor":0.0},{"not_picked":["bronze:Shield","bronze:Separator"],"picked":"bronze:BronzeArmor","floor":2.0},{"not_picked":["bronze:DigitalCarnage","bronze:Constructor"],"picked":"bronze:BitShift","floor":3.0},{"not_picked":["bronze:Overload","bronze:DigitalCarnage"],"picked":"bronze:Fortify","floor":4.0},{"not_picked":["bronze:Iterate","bronze:BuggyMess"],"picked":"bronze:DelayedGuard","floor":5.0},{"not_picked":["bronze:Branch","bronze:ChosenStrike"],"picked":"bronze:Verify","floor":6},{"not_picked":["bronze:Optimize","bronze:Frontload"],"picked":"bronze:Turbo","floor":10},{"not_picked":["bronze:FollowUp","bronze:BuggyMess"],"picked":"bronze:DelayedSlice","floor":11},{"not_picked":["bronze:ItsAFeature","bronze:Refactor"],"picked":"bronze:DelayedSlice","floor":12},{"not_picked":["bronze:Terminator","bronze:Boost"],"picked":"bronze:ClassDefault","floor":13},{"not_picked":["bronze:Turbo","bronze:Deprecate"],"picked":"bronze:Allocate","floor":15}],"player_experience":1528225,"relics_obtained":[{"floor":6,"key":"Bottled Flame"},{"floor":7,"key":"Ornamental Fan"},{"floor":10,"key":"Shuriken"}],"event_choices":[],"is_beta":false,"boss_relics":[],"items_purged_floors":[],"is_endless":false,"potions_floor_spawned":[2,3,5,6,12,15],"killed_by":"IC_STATUS_ARCHETYPE","ascension_level":1}}