{"host":"xb2tau8pgi8aflss","time":1612067564,"event":{"mods":["AchievementEnabler","BaseMod","Hermit","Minty Spire (QoL Compilation)","StSLib","SuperFastMode"],"gold_per_floor":[113,113,113,127,42,68,68,99,99,118,118,133,83,96,96,193,193,207,126,126,138,138,168,168,188,188,203,216,216,243,243,243],"floor_reached":31,"language":"KOR","playtime":1092,"items_purged":[],"score":372,"play_id":"ce1978da-e0be-4202-962f-e76c2057c1a3","local_time":"20210131133244","is_ascension_mode":true,"campfire_choices":[{"data":"hermit:Roulette","floor":7,"key":"SMITH"},{"data":"hermit:Dive","floor":15,"key":"SMITH"},{"floor":24,"key":"REST"},{"data":"hermit:Maintenance","floor":29,"key":"SMITH"}],"circlet_count":0,"master_deck":["hermit:Strike_Hermit","hermit:Strike_Hermit","hermit:Defend_Hermit","hermit:Defend_Hermit","hermit:Snapshot+1","hermit:Covet","hermit:Spite","hermit:ShadowCloak","hermit:Roulette+1","hermit:LuckOfTheDraw","hermit:Snipe","hermit:Dive+1","Regret","hermit:Vantage","hermit:Dive","hermit:FatalDesire","hermit:Quickdraw+1","hermit:FullyLoaded+1","hermit:Manifest+1","hermit:LowProfile+1","Flash of Steel","Necronomicurse","hermit:ShadowCloak","Decay","hermit:LoneWolf","hermit:Maintenance+1","hermit:Malice"],"relics":["hermit:Momento","NeowsBlessing","Incense Burner","Unceasing Top","InkBottle","Sundial","Orichalcum","Astrolabe","Necronomicon","Letter Opener","Potion Belt","Ice Cream"],"acts_visited":["Exordium","TheCity"],"potions_floor_usage":[16,16,23,28,30,31],"damage_taken":[{"damage":0,"enemies":"Cultist","floor":1,"turns":1},{"damage":0,"enemies":"Small Slimes","floor":4,"turns":1},{"damage":0,"enemies":"Gremlin Nob","floor":6,"turns":1},{"damage":20,"enemies":"3 Sentries","floor":8,"turns":7},{"damage":12,"enemies":"Jaw Worm","floor":10,"turns":2},{"damage":0,"enemies":"Red Slaver","floor":12,"turns":3},{"damage":5,"enemies":"3 Louse","floor":14,"turns":4},{"damage":17,"enemies":"Hexaghost","floor":16,"turns":10},{"damage":14,"enemies":"Spheric Guardian","floor":18,"turns":4},{"damage":18,"enemies":"2 Thieves","floor":21,"turns":4},{"damage":24,"enemies":"Gremlin Leader","floor":23,"turns":8},{"damage":7,"enemies":"Snecko","floor":25,"turns":5},{"damage":0,"enemies":"Centurion and Healer","floor":27,"turns":7},{"damage":9,"enemies":"Shelled Parasite and Fungi","floor":28,"turns":5},{"damage":20,"enemies":"Slavers","floor":30,"turns":4},{"damage":7,"enemies":"Snake Plant","floor":31,"turns":2}],"seed_played":"6394295162993392623","potions_obtained":[{"floor":8,"key":"Strength Potion"},{"floor":10,"key":"GamblersBrew"},{"floor":12,"key":"LiquidBronze"},{"floor":27,"key":"Regen Potion"},{"floor":28,"key":"Explosive Potion"},{"floor":30,"key":"hermit:Tonic"}],"is_trial":false,"path_per_floor":["M","?","?","M","$","E","R","E","T","M","?","M","?","M","R","B",null,"M","$","?","M","?","E","R","M","T","M","M","R","E","M"],"character_chosen":"HERMIT","items_purchased":["hermit:ShadowCloak","hermit:Roulette","Flash of Steel"],"campfire_rested":1,"item_purchase_floors":[5,5,19],"current_hp_per_floor":[75,63,63,63,63,63,63,43,43,31,31,31,31,26,26,9,75,61,61,45,27,27,3,25,18,18,18,23,23,3,0,0],"gold":243,"neow_bonus":"THREE_ENEMY_KILL","is_daily":false,"chose_seed":false,"campfire_upgraded":3,"win_rate":0.0,"timestamp":1612067564,"path_taken":["M","?","?","?","?","E","R","E","T","M","?","M","?","M","R","BOSS","M","$","?","M","?","E","R","M","T","M","M","R","E","M"],"items_purchased_type":["Card","Card","Card"],"build_version":"2020-12-22","purchased_purges":0,"victory":false,"max_hp_per_floor":[75,75,75,75,75,75,75,75,75,75,75,75,75,75,75,75,75,75,75,75,75,75,75,75,75,75,75,75,75,75,75,75],"card_choices":[{"not_picked":["hermit:Quickdraw","hermit:HoleUp"],"picked":"hermit:Spite","floor":1},{"not_picked":["hermit:HighCaliber","hermit:TrackingShot","hermit:HoleUp"],"picked":"SKIP","floor":4},{"not_picked":["hermit:Combo","hermit:HighCaliber"],"picked":"hermit:LuckOfTheDraw","floor":6},{"not_picked":["hermit:Feint","hermit:LuckOfTheDraw"],"picked":"hermit:Snipe","floor":8},{"not_picked":["hermit:Snipe","hermit:FullyLoaded"],"picked":"hermit:Dive","floor":10},{"not_picked":["hermit:Headshot","hermit:Showdown"],"picked":"hermit:Vantage","floor":12},{"not_picked":["hermit:HighNoon","hermit:Brawl"],"picked":"hermit:Dive","floor":14},{"not_picked":["hermit:Adapt","hermit:Gambit"],"picked":"hermit:FatalDesire","floor":16},{"not_picked":["hermit:TakeAim","hermit:Glare"],"picked":"hermit:LowProfile+1","floor":18},{"not_picked":["hermit:HoleUp","hermit:WideOpen"],"picked":"hermit:ShadowCloak","floor":21},{"not_picked":["hermit:CalledShot","hermit:HighCaliber"],"picked":"hermit:LoneWolf","floor":23},{"not_picked":["hermit:CalledShot+1","hermit:HoleUp","hermit:ItchyTrigger"],"picked":"SKIP","floor":25},{"not_picked":["hermit:TakeCover","hermit:Purgatory","hermit:Combo"],"picked":"SKIP","floor":27},{"not_picked":["hermit:LowProfile","hermit:SprayPray"],"picked":"hermit:Maintenance","floor":28},{"not_picked":["hermit:Vantage","hermit:HoleUp"],"picked":"hermit:Malice","floor":30}],"player_experience":794866,"relics_obtained":[{"floor":6,"key":"Unceasing Top"},{"floor":8,"key":"InkBottle"},{"floor":9,"key":"Sundial"},{"floor":20,"key":"Necronomicon"},{"floor":23,"key":"Letter Opener"},{"floor":26,"key":"Potion Belt"},{"floor":30,"key":"Ice Cream"}],"event_choices":[{"damage_healed":0,"gold_gain":0,"player_choice":"Success","damage_taken":12,"relics_obtained":["Incense Burner"],"max_hp_gain":0,"max_hp_loss":0,"event_name":"Scrap Ooze","floor":2,"gold_loss":0},{"damage_healed":0,"gold_gain":0,"player_choice":"Grow","damage_taken":0,"max_hp_gain":0,"max_hp_loss":0,"event_name":"Living Wall","floor":3,"gold_loss":0,"cards_upgraded":["hermit:Snapshot"]},{"damage_healed":0,"gold_gain":0,"player_choice":"Box","damage_taken":0,"relics_obtained":["Orichalcum"],"max_hp_gain":0,"max_hp_loss":0,"event_name":"Big Fish","floor":11,"gold_loss":0,"cards_obtained":["Regret"]},{"cards_removed":["hermit:Defend_Hermit"],"damage_healed":0,"gold_gain":0,"player_choice":"Card Removal","damage_taken":0,"max_hp_gain":0,"max_hp_loss":0,"event_name":"The Cleric","floor":13,"gold_loss":50},{"damage_healed":0,"gold_gain":0,"player_choice":"Obtained Book","damage_taken":16,"max_hp_gain":0,"max_hp_loss":0,"event_name":"Cursed Tome","floor":20,"gold_loss":0},{"damage_healed":0,"gold_gain":0,"player_choice":"Smashed Altar","damage_taken":0,"max_hp_gain":0,"max_hp_loss":0,"event_name":"Forgotten Altar","floor":22,"gold_loss":0,"cards_obtained":["Decay"]}],"is_beta":false,"boss_relics":[{"not_picked":["Runic Dome","Fusion Hammer"],"picked":"Astrolabe"}],"items_purged_floors":[],"is_endless":false,"potions_floor_spawned":[8,10,12,27,28,30],"killed_by":"Snake Plant","ascension_level":4}}