{"host":"ew66i0vuc7r9fnl7","time":1612119087,"event":{"mods":["Arknights","BaseMod","DeckTracker","Koishi","Minty Spire (QoL Compilation)","StSLib"],"gold_per_floor":[109,123,123,138,68,109,109,109,136,156,81,81,81,105,105,243,243,263,283,113,133,133,133,151,151,175,196,251,263,293,318,330,471,510,543,573,617,654,1029,1074,1102,1114,1126,1157,1169,1181,1202,1230,1242,1254,1266,1278,530,566,566,566],"floor_reached":55,"language":"KOR","playtime":2666,"items_purged":["Koishi:BasicStrike","Koishi:BasicStrike","Koishi:BasicStrike"],"score":746,"play_id":"31c2d88b-4ef7-4498-85ac-d126ac25cac1","local_time":"20210201035127","is_ascension_mode":false,"campfire_choices":[{"data":"Koishi:RacingHeart","floor":8,"key":"SMITH"},{"floor":15,"key":"REST"},{"floor":23,"key":"REST"},{"data":"Koishi:Catatonia","floor":25,"key":"SMITH"},{"data":"Koishi:PredatoryInstincts","floor":29,"key":"SMITH"},{"data":"Koishi:HauntingSlash","floor":32,"key":"SMITH"},{"data":"Koishi:MindNumbingTerror","floor":46,"key":"SMITH"},{"floor":49,"key":"RECALL"},{"data":"Koishi:Provoke","floor":52,"key":"SMITH"}],"circlet_count":0,"master_deck":["Koishi:BasicDefend","Koishi:Provoke+1","Koishi:HauntingSlash+1","Koishi:MindNumbingTerror+1","Koishi:Catatonia+1","Koishi:TremblingHands","Koishi:RacingHeart+1","Koishi:StingingMind","Koishi:SilentAndRestless","Koishi:PredatoryInstincts+1","Koishi:UnansweredLove","Koishi:MindNumbingTerror+1","Koishi:GrowingPain+1","Koishi:JumpScare+1","Bandage Up","Flash of Steel"],"relics":["Koishi:ImaginaryFriend","NeowsBlessing","CeramicFish","Golden Idol","Regal Pillow","Singing Bowl","Busted Crown","MawBank","Incense Burner","Astrolabe","Old Coin","Boot","Nunchaku","HandDrill","Anchor","Lantern"],"acts_visited":["Exordium","TheCity","TheBeyond","TheEnding"],"potions_floor_usage":[16,28,28,33,37,40,55,55,55],"damage_taken":[{"damage":0,"enemies":"Jaw Worm","floor":1,"turns":1},{"damage":0,"enemies":"Cultist","floor":2,"turns":1},{"damage":0,"enemies":"Small Slimes","floor":4,"turns":1},{"damage":24,"enemies":"3 Sentries","floor":6,"turns":10},{"damage":11,"enemies":"Exordium Wildlife","floor":10,"turns":4},{"damage":8,"enemies":"Blue Slaver","floor":14,"turns":4},{"damage":38,"enemies":"The Guardian","floor":16,"turns":16},{"damage":34,"enemies":"3 Byrds","floor":18,"turns":8},{"damage":5,"enemies":"Shell Parasite","floor":19,"turns":5},{"damage":40,"enemies":"Sentry and Sphere","floor":21,"turns":7},{"damage":5,"enemies":"Snecko","floor":24,"turns":5},{"damage":2,"enemies":"Slavers","floor":28,"turns":5},{"damage":20,"enemies":"Snake Plant","floor":30,"turns":5},{"damage":6,"enemies":"Centurion and Healer","floor":31,"turns":4},{"damage":29,"enemies":"Automaton","floor":33,"turns":11},{"damage":10,"enemies":"Orb Walker","floor":35,"turns":3},{"damage":18,"enemies":"3 Shapes","floor":36,"turns":6},{"damage":7,"enemies":"Jaw Worm Horde","floor":37,"turns":3},{"damage":14,"enemies":"Maw","floor":38,"turns":7},{"damage":0,"enemies":"Mind Bloom Boss Battle","floor":39,"turns":5},{"damage":4,"enemies":"Reptomancer","floor":40,"turns":4},{"damage":18,"enemies":"Transient","floor":41,"turns":5},{"damage":31,"enemies":"4 Shapes","floor":44,"turns":6},{"damage":7,"enemies":"Jaw Worm Horde","floor":48,"turns":5},{"damage":41,"enemies":"Time Eater","floor":50,"turns":11},{"damage":15,"enemies":"Shield and Spear","floor":54,"turns":7},{"damage":102,"enemies":"The Heart","floor":55,"turns":9}],"seed_played":"-7652436975235189308","potions_obtained":[{"floor":2,"key":"SkillPotion"},{"floor":4,"key":"AttackPotion"},{"floor":6,"key":"GamblersBrew"},{"floor":18,"key":"Explosive Potion"},{"floor":33,"key":"LiquidMemories"},{"floor":37,"key":"EssenceOfSteel"},{"floor":39,"key":"SkillPotion"},{"floor":44,"key":"SpeedPotion"}],"is_trial":false,"path_per_floor":["M","M","?","M","$","E","?","R","T","M","$","T","?","M","R","B",null,"M","M","$","M","?","R","M","R","T","?","E","R","M","M","R","B",null,"M","M","M","M","?","E","M","?","T","M","?","R","?","M","R","B",null,"R","$","E","B"],"character_chosen":"KOISHI","items_purchased":["Koishi:TremblingHands","Koishi:PredatoryInstincts","Nunchaku","HandDrill","Anchor","Flash of Steel","Fire Potion","Weak Potion"],"campfire_rested":2,"item_purchase_floors":[5,20,53,53,53,53,53,53],"current_hp_per_floor":[60,60,60,60,60,37,22,22,22,12,12,12,12,8,41,22,60,37,43,43,10,10,44,53,53,53,53,68,68,68,74,74,76,76,78,74,80,82,84,86,88,88,88,75,75,75,75,92,92,64,92,92,92,94,0,0],"gold":566,"neow_bonus":"THREE_ENEMY_KILL","is_daily":false,"chose_seed":false,"campfire_upgraded":6,"win_rate":0.0,"timestamp":1612119087,"path_taken":["M","M","?","?","$","E","?","R","T","M","?","?","?","M","R","BOSS","M","M","$","M","?","R","M","R","T","?","E","R","M","?","R","BOSS","M","M","M","M","?","E","M","?","T","M","?","R","?","M","R","BOSS","R","$","E","BOSS"],"items_purchased_type":["Card","Card","Relic","Relic","Relic","Card","Potion","Potion"],"build_version":"2020-12-22","purchased_purges":3,"victory":false,"max_hp_per_floor":[60,60,60,60,60,60,60,60,60,60,60,60,60,60,60,60,60,62,64,64,66,66,66,68,68,68,68,70,70,72,74,74,76,76,78,80,80,82,84,86,88,88,88,90,90,90,90,92,92,92,92,92,92,94,94,94],"card_choices":[{"not_picked":["Koishi:SpiritedAway","Koishi:PhantomBarrier"],"picked":"Koishi:MindNumbingTerror","floor":1},{"not_picked":["Koishi:SubterraneanRose","Koishi:SubconsciousSweep"],"picked":"Koishi:Catatonia","floor":2},{"not_picked":["Koishi:SubterraneanRose","Koishi:SpiritedAway","Koishi:UnconsciousUprising"],"picked":"SKIP","floor":4},{"not_picked":["Koishi:RoseHell","Koishi:BloodcurdlingScream"],"picked":"Koishi:RacingHeart","floor":6},{"not_picked":["Koishi:StrangeCloudFist","Koishi:Catatonia","Koishi:BramblyRoseGarden"],"picked":"SKIP","floor":10},{"not_picked":["Koishi:UnansweredLove","Koishi:ReflexRadar"],"picked":"Koishi:StingingMind","floor":14},{"not_picked":["Koishi:RuptureMind","Koishi:Ego"],"picked":"Koishi:SilentAndRestless","floor":16},{"not_picked":["Koishi:RacingHeart"],"picked":"Singing Bowl","floor":18},{"not_picked":["Koishi:UnconsciousUprising"],"picked":"Singing Bowl","floor":19},{"not_picked":["Koishi:FreudianInstinct+1"],"picked":"Singing Bowl","floor":21},{"not_picked":["Koishi:DNAsFlaw"],"picked":"Singing Bowl","floor":24},{"not_picked":["Koishi:FidgetySnatcher"],"picked":"Singing Bowl","floor":28},{"not_picked":["Koishi:Possession"],"picked":"Singing Bowl","floor":30},{"not_picked":["Koishi:GhostParty"],"picked":"Singing Bowl","floor":31},{"not_picked":["Koishi:FormlessExistence"],"picked":"Singing Bowl","floor":33},{"not_picked":["Koishi:SpiritedAway+1"],"picked":"Singing Bowl","floor":35},{"not_picked":["Koishi:LastRemote+1"],"picked":"Singing Bowl","floor":36},{"not_picked":[],"picked":"Koishi:JumpScare+1","floor":37},{"not_picked":["Koishi:ReflexRadar+1"],"picked":"Singing Bowl","floor":38},{"not_picked":["Koishi:StingingMind+1"],"picked":"Singing Bowl","floor":39},{"not_picked":["Koishi:SubterraneanRose+1"],"picked":"Singing Bowl","floor":40},{"not_picked":["Koishi:JumpScare"],"picked":"Singing Bowl","floor":41},{"not_picked":["Koishi:Untouchable+1"],"picked":"Singing Bowl","floor":44},{"not_picked":[],"picked":"Bandage Up","floor":47},{"not_picked":["Koishi:StingingMind"],"picked":"Singing Bowl","floor":48},{"not_picked":["Koishi:StrangeCloudFist+1"],"picked":"Singing Bowl","floor":54}],"player_experience":637363,"relics_obtained":[{"floor":6,"key":"CeramicFish"},{"floor":9,"key":"Regal Pillow"},{"floor":12,"key":"Singing Bowl"},{"floor":26,"key":"MawBank"},{"floor":28,"key":"Incense Burner"},{"floor":39,"key":"Old Coin"},{"floor":40,"key":"Boot"},{"floor":54,"key":"Lantern"}],"event_choices":[{"damage_healed":0,"gold_gain":0,"player_choice":"Bought 0 Potions","damage_taken":0,"max_hp_gain":0,"max_hp_loss":0,"event_name":"The Woman in Blue","floor":3,"gold_loss":0},{"damage_healed":0,"gold_gain":0,"player_choice":"Take Damage","damage_taken":15,"relics_obtained":["Golden Idol"],"max_hp_gain":0,"max_hp_loss":0,"event_name":"Golden Idol","floor":7,"gold_loss":0},{"damage_healed":0,"gold_gain":0,"player_choice":"Ignored","damage_taken":0,"max_hp_gain":0,"max_hp_loss":0,"event_name":"Shining Light","floor":13,"gold_loss":0},{"damage_healed":0,"gold_gain":0,"player_choice":"Ignored","damage_taken":0,"max_hp_gain":0,"max_hp_loss":0,"event_name":"Cursed Tome","floor":22,"gold_loss":0},{"damage_healed":0,"gold_gain":0,"cards_transformed":["Koishi:BasicStrike"],"player_choice":"Transformed","damage_taken":0,"max_hp_gain":0,"max_hp_loss":0,"event_name":"Transmorgrifier","floor":27,"gold_loss":0,"cards_obtained":["Koishi:UnansweredLove"]},{"damage_healed":0,"gold_gain":0,"player_choice":"Fight","damage_taken":0,"max_hp_gain":0,"max_hp_loss":0,"event_name":"MindBloom","floor":39,"gold_loss":0},{"damage_healed":0,"gold_gain":0,"player_choice":"Ignored","damage_taken":0,"max_hp_gain":0,"max_hp_loss":0,"event_name":"Tomb of Lord Red Mask","floor":42,"gold_loss":0},{"cards_removed":["Koishi:BramblyRoseGarden"],"damage_healed":0,"gold_gain":0,"player_choice":"Removed Power","damage_taken":0,"max_hp_gain":0,"max_hp_loss":0,"event_name":"Falling","floor":45,"gold_loss":0},{"damage_healed":0,"gold_gain":0,"player_choice":"Memory 1","damage_taken":0,"max_hp_gain":0,"max_hp_loss":0,"event_name":"SensoryStone","floor":47,"gold_loss":0}],"is_beta":false,"boss_relics":[{"not_picked":["Black Star","Fusion Hammer"],"picked":"Busted Crown"},{"not_picked":["Tiny House","SlaversCollar"],"picked":"Astrolabe"}],"items_purged_floors":[11,20,53],"is_endless":false,"potions_floor_spawned":[2,4,6,18,24,33,37,39,44,54],"killed_by":"The Heart","ascension_level":0}}