{"host":"i4vlfbz13gs2xtdj","time":1612056653,"event":{"mods":["2.2 Compatiblity","AchievementEnabler","Act Like it!","Ascension Reborn","Aspiration","BaseMod","Better Altar","Better Match","Better Note","Better Sensory Stone","Better Skull","Better Third Choice","BetterRewards","Colored Map","Elementarium","Energized Spire","Fox Events","Friendly Minions","GifTheSpireLib","Halation","Hubris","Infinite Spire","Jedi Mod","Minty Spire (QoL Compilation)","Pale of the Ancients","Potionbrewer","Replay The Spire","Shop Mod","Somnambulant","Spikes Relics","StSLib","Stuff the Spire","The Jungle","The Marked","The Sage","Trackpad"],"gold_per_floor":[119,138,138,163,179,205,52,72,149,149,184,201,58,90,90,195,272,292,292,292,292,392,392,424,441,565,50,81,81,81,100,100,196,273,289,289,289,289,28,28,28,39,140,30,61,80,80,108,108,108,121,132,132,279,279,279,279,19,19,19,19],"floor_reached":60,"language":"ENG","playtime":9919,"items_purged":["Strike_P","Defend_P","CurseOfTheBell","Defend_P","Defend_P"],"score":953,"play_id":"9e881720-1b04-4a73-b1c8-cd9d94519cc8","local_time":"20210130203053","is_ascension_mode":false,"campfire_choices":[{"data":"Eruption","floor":10,"key":"SMITH"},{"data":"Strike_P","floor":40,"key":"PURGE"},{"floor":47,"key":"REST"},{"floor":49,"key":"RECALL"},{"floor":55,"key":"REST"},{"floor":57,"key":"REST"}],"circlet_count":0,"master_deck":["Strike_P","Strike_P","Defend_P","Eruption+1","Vigilance","CrushJoints","ThirdEye","Collect+1","FollowUp","hubris:InfiniteBlow+1","BattleHymn+1","EmptyFist","Alpha","Prostrate+1","hubris:InfiniteBlow+1","InnerPeace+1","hubris:DuctTapeCard","Assess"],"relics":["StuffTheSpire:OccultApparatus","halation:TwoAmDonut","MerchantsRug","Counterbalance","hubris:Towel","foxEvents:LuckyCharm","potionbrewer:WarMedal","aspiration:ChemicalBlood","infinitespire:FocusingShard","StuffTheSpire:GrapeVine","trackpad:PocketGalaxy","aspiration:ArtOfWarUpgrade","Fusion Hammer","StuffTheSpire:HeavyRock","aspiration:Lifesprig","Replay:Rubber Ducky","Incense Burner","infinitespire:Lucky Rock","ChewingGum","Oddly Smooth Stone","potionbrewer:BottledElixir","hubris:PeanutButter","Boot","Membership Card","Rawhide","Potion Belt","paleoftheancients:Timepiece","paleoftheancients:KeyRelic","Orichalcum","Letter Opener","paleoftheancients:SoulOfTheWatcher","trackpad:BottledTsunami","aspiration:FetidBarrel","hubris:DuctTape","StuffTheSpire:Saxophone"],"acts_visited":["Exordium","Exordium","TheBeyond","paleoftheancients:PaleOfTheAncients"],"potions_floor_usage":[8,11,16,16,16,25,28,31,33,35,35,42,51,56,56,56,56,56,56,56,56,60,60],"damage_taken":[{"damage":9,"enemies":"infinitespire:Voidling","floor":1,"turns":4},{"damage":0,"enemies":"Small Slimes","floor":2,"turns":2},{"damage":2,"enemies":"Colosseum Slavers","floor":4,"turns":3},{"damage":2,"enemies":"Jaw Worm","floor":5,"turns":5},{"damage":4,"enemies":"Replay:BlueRogue","floor":6,"turns":6},{"damage":0,"enemies":"Exordium Wildlife","floor":8,"turns":3},{"damage":6,"enemies":"Gremlin Nob","floor":11,"turns":3},{"damage":7,"enemies":"Looter","floor":12,"turns":3},{"damage":0,"enemies":"Replay:BlueRogue","floor":14,"turns":5},{"damage":5,"enemies":"The Guardian","floor":16,"turns":6},{"damage":1,"enemies":"theJungle:MUSHROOMGANG","floor":18,"turns":3},{"damage":6,"enemies":"theJungle:Cassacara","floor":24,"turns":3},{"damage":19,"enemies":"theJungle:Flameango_and_Byrd","floor":25,"turns":4},{"damage":20,"enemies":"Nightmare","floor":28,"turns":5},{"damage":1,"enemies":"Snake Plant","floor":31,"turns":3},{"damage":5,"enemies":"theJungle:QueenSpyder","floor":33,"turns":5},{"damage":19,"enemies":"3 Darklings","floor":35,"turns":5},{"damage":12,"enemies":"3 Shapes","floor":42,"turns":3},{"damage":0,"enemies":"R_Hoarder","floor":45,"turns":4},{"damage":7,"enemies":"3 Darklings","floor":46,"turns":3},{"damage":0,"enemies":"Nemesis","floor":48,"turns":3},{"damage":0,"enemies":"Donu and Deca","floor":50,"turns":1},{"damage":0,"enemies":"Donu and Deca","floor":51,"turns":7},{"damage":83,"enemies":"Donu and Deca","floor":52,"turns":8},{"damage":108,"enemies":"Donu and Deca","floor":56,"turns":10},{"damage":134,"enemies":"paleoftheancients:N","floor":60,"turns":6}],"seed_played":"-6471270891793839966","potions_obtained":[{"floor":2,"key":"potionbrewer:FreezingPotion"},{"floor":4,"key":"potionbrewer:InfectionPotion"},{"floor":6,"key":"Block Potion"},{"floor":12,"key":"Weak Potion"},{"floor":14,"key":"SkillPotion"},{"floor":18,"key":"Weak Potion"},{"floor":24,"key":"Energy Potion"},{"floor":25,"key":"Reflective Coating"},{"floor":28,"key":"BottledMiracle"},{"floor":28,"key":"Dexterity Potion"},{"floor":35,"key":"DistilledChaos"},{"floor":42,"key":"jedi:StrikingPotion"},{"floor":46,"key":"SmokeBomb"},{"floor":48,"key":"Fruit Juice"},{"floor":52,"key":"potionbrewer:AcidPotion"}],"is_trial":false,"path_per_floor":["M","M","?","?","M","E","$","M","T","R","E","M","$","E","R","B",null,"M","AVR","?","?","?","R","E","M","T","$","NM","$","?","M","R_BF","B",null,"M","$","?","?","$","R","AVR","M","T","$","E","M","R","E","R","B","M","M","?","T","R","M","R","$","?","B"],"character_chosen":"WATCHER","items_purchased":["halation:TwoAmDonut","Juzu Bracelet","Strange Spoon","MerchantsRug","aspiration:ChemicalBlood","trackpad:PocketGalaxy","Incense Burner","TheAbacus","hubris:PeanutButter","Lizard Tail","Adrenaline Potion","Membership Card","Rawhide","aspiration:FetidBarrel","hubris:DuctTape","StuffTheSpire:Saxophone","PowerPotion","Assess","SpeedPotion"],"campfire_rested":3,"item_purchase_floors":[0,0,0,0,7,13,27,27,39,39,39,44,44,58,58,58,58,58,58],"current_hp_per_floor":[67,67,67,65,63,59,59,59,59,59,53,46,46,46,46,41,72,71,71,71,71,66,66,60,41,41,41,21,21,21,20,36,31,54,35,35,49,49,49,49,49,37,37,37,37,30,46,53,53,61,69,52,52,52,69,69,69,69,69,0,0],"gold":19,"neow_bonus":"","is_daily":false,"chose_seed":false,"campfire_upgraded":1,"win_rate":0.0,"timestamp":1612056653,"path_taken":["M","M","?","?","M","E","?","M","T","R","E","M","$","E","R","BOSS","M","AVR","?","?","?","R","E","M","T","$","NM","?","?","M","R_BF","BOSS","M","?","?","?","$","R","AVR","M","T","?","E","?","R","E","R","BOSS","M","M","?","T","R","M","R","$","?","BOSS"],"items_purchased_type":["Relic","Relic","Relic","Relic","Relic","Relic","Relic","Relic","Relic","Relic","Potion","Relic","Relic","Relic","Relic","Relic","Potion","Card","Potion"],"build_version":"2020-12-22","purchased_purges":5,"victory":false,"max_hp_per_floor":[72,72,72,72,72,72,72,72,72,72,72,72,72,72,72,72,72,72,72,72,72,72,72,72,72,72,72,72,72,54,54,54,54,54,54,54,54,54,54,54,54,54,54,54,54,54,54,61,61,61,69,69,69,69,69,69,69,69,69,69,69],"card_choices":[{"not_picked":["EmptyBody","WindmillStrike"],"picked":"FlurryOfBlows","floor":1},{"not_picked":["Study","Evaluate"],"picked":"CrushJoints","floor":2},{"not_picked":["CrushJoints","Replay:AtTheReady","WaveOfTheHand"],"picked":"SKIP","floor":5},{"not_picked":["WreathOfFlame","Halt","BowlingBash"],"picked":"SKIP","floor":6},{"not_picked":["WaveOfTheHand","Conclude","Wireheading"],"picked":"SKIP","floor":8},{"not_picked":["Omniscience","Protect"],"picked":"ThirdEye","floor":11},{"not_picked":["Crescendo","ClearTheMind"],"picked":"Collect","floor":12},{"not_picked":["Establishment","JustLucky"],"picked":"Weave","floor":14},{"not_picked":["JustLucky","LikeWater+1"],"picked":"FollowUp","floor":18},{"not_picked":["Protect","jedi:nirvanicrebirth","Ragnarok"],"picked":"SKIP","floor":24},{"not_picked":["Replay:Hum","Consecrate","Replay:Vibes+1"],"picked":"SKIP","floor":25},{"not_picked":["Indignation","Evaluate"],"picked":"BattleHymn+1","floor":28},{"not_picked":["Fasting2","BattleHymn"],"picked":"EmptyFist","floor":31},{"not_picked":["Establishment","SpiritShield"],"picked":"Alpha","floor":33},{"not_picked":["Crescendo","Replay:ManipulateFuture"],"picked":"Prostrate+1","floor":35},{"not_picked":["Evaluate","CrushJoints+1","Conclude"],"picked":"SKIP","floor":42},{"not_picked":["Halt+1","CutThroughFate"],"picked":"InnerPeace+1","floor":45},{"not_picked":["Replay:AtTheReady","ThirdEye","Swivel+1"],"picked":"SKIP","floor":46},{"not_picked":["Replay:ManipulateFuture+1","DevaForm","Protect"],"picked":"SKIP","floor":48},{"not_picked":["WreathOfFlame","BattleHymn+1","Evaluate"],"picked":"SKIP","floor":51},{"not_picked":["Replay:ManipulateFuture","Evaluate+1","PathToVictory"],"picked":"SKIP","floor":52}],"player_experience":217400,"relics_obtained":[{"floor":4,"key":"foxEvents:LuckyCharm"},{"floor":6,"key":"potionbrewer:WarMedal"},{"floor":9,"key":"infinitespire:FocusingShard"},{"floor":11,"key":"StuffTheSpire:GrapeVine"},{"floor":14,"key":"Art of War"},{"floor":24,"key":"aspiration:Lifesprig"},{"floor":26,"key":"Replay:Rubber Ducky"},{"floor":28,"key":"infinitespire:Lucky Rock"},{"floor":34,"key":"Oddly Smooth Stone"},{"floor":34,"key":"potionbrewer:BottledElixir"},{"floor":34,"key":"Peace Pipe"},{"floor":43,"key":"Boot"},{"floor":45,"key":"Potion Belt"},{"floor":48,"key":"Strawberry"},{"floor":51,"key":"paleoftheancients:SoulOfTheWatcher"},{"floor":52,"key":"paleoftheancients:SoulOfTheShowman"},{"floor":54,"key":"trackpad:BottledTsunami"}],"event_choices":[{"damage_healed":0,"gold_gain":0,"player_choice":"Upgraded","damage_taken":0,"max_hp_gain":0,"max_hp_loss":0,"event_name":"Upgrade Shrine","floor":20,"gold_loss":0,"cards_upgraded":["hubris:InfiniteBlow"]},{"cards_removed":["hubris:InfiniteBlow"],"damage_healed":0,"gold_gain":0,"player_choice":"Give","damage_taken":0,"max_hp_gain":0,"max_hp_loss":0,"event_name":"betterNote:BetterNote","floor":21,"gold_loss":0,"cards_obtained":["Replay:Hum"]},{"damage_healed":14,"gold_gain":0,"player_choice":"Writhe","damage_taken":0,"max_hp_gain":0,"max_hp_loss":0,"event_name":"Winding Halls","floor":37,"gold_loss":0,"cards_obtained":["Writhe"]},{"cards_removed":["Writhe"],"damage_healed":0,"gold_gain":0,"player_choice":"Purged","damage_taken":0,"max_hp_gain":0,"max_hp_loss":0,"event_name":"Purifier","floor":38,"gold_loss":0}],"is_beta":false,"boss_relics":[{"not_picked":["aspiration:RunicSpoon","Runic Pyramid"],"picked":"Fusion Hammer"},{"not_picked":["hubris:CrackedHourglass","hubris:RunicObelisk"],"picked":"ReplayTheSpireMod:Onyx Gauntlets"},{"not_picked":["hubris:CrackedHourglass","hubris:RunicObelisk"],"picked":"ReplayTheSpireMod:Onyx Gauntlets"},{"not_picked":["Replay:Fungal Core","energizedSpire:StickyHand"],"picked":"ChewingGum"},{"not_picked":["halation:HeavySnake","aspiration:SecretTechniqueScroll"],"picked":"Calling Bell"}],"items_purged_floors":[19,27,39,41,44],"is_endless":false,"potions_floor_spawned":[2,4,6,12,14,18,24,28,35,42,46,48,52],"killed_by":"paleoftheancients:N","ascension_level":0}}