{"host":"p8f0otjoacyb9giz","time":1612106686,"event":{"mods":["AchievementEnabler","BaseMod","Downfall","Minty Spire (QoL Compilation)","StSLib"],"gold_per_floor":[99,114,133,133,144,44,44,76,76,86,86,111,121,31,47,149,149,49,62,62,62,72,103,103,3,3,3,3,20,55,65,85,190,190,190,210,226,241,83,83,158,18,49,49,99,132,132,149,164,164,164,199,3,3,3,3],"floor_reached":57,"language":"ENG","playtime":3340,"items_purged":["Writhe","sneckomod:Strike"],"score":1411,"play_id":"e1da6d64-bf47-43e8-b4f1-d4b23a666b92","local_time":"20210131182446","is_ascension_mode":true,"campfire_choices":[{"floor":1.0,"key":"RECALL"},{"data":"sneckomod:WideSting","floor":6.0,"key":"SMITH"},{"data":"sneckomod:TailWhip","floor":9.0,"key":"SMITH"},{"data":"sneckomod:SnekBite","floor":11.0,"key":"SMITH"},{"data":"sneckomod:DefensiveFlair","floor":18.0,"key":"SMITH"},{"data":"Ghostly","floor":25.0,"key":"SMITH"},{"data":"Ghostly","floor":27.0,"key":"SMITH"},{"floor":35.0,"key":"REST"},{"floor":44.0,"key":"REST"},{"floor":54,"key":"REST"}],"circlet_count":0,"master_deck":["sneckomod:Strike","sneckomod:Strike","sneckomod:Defend","sneckomod:Defend","sneckomod:Defend","sneckomod:TailWhip+1","sneckomod:SnekBite+1","sneckomod:Unknown","sneckomod:Unknown","sneckomod:WideSting+1","sneckomod:UnknownCommonAttack","sneckomod:WideSting+1","sneckomod:UnknownVulnerable","sneckomod:UnendingSupply+1","sneckomod:DefensiveFlair+1","sneckomod:UnknownCommonSkill","sneckomod:UnendingSupply+1","sneckomod:UnendingSupply+1","sneckomod:UnknownDraw","sneckomod:UnlimitedRolls+1","Ghostly+1","Ghostly+1","Ghostly","Ghostly","Ghostly","sneckomod:Rotation","downfall:Bewildered","sneckomod:UnknownDexterity","sneckomod:UnknownRarePower+1","sneckomod:ImprovisedGuard","sneckomod:UnendingSupply+1","expansioncontent:LastStand+1","Panache+1","sneckomod:UnendingSupply+1","sneckomod:UnendingSupply+1","sneckomod:CheapStock+1","sneckomod:UnknownClassSLIMEBOUND","downfall:Haunted","downfall:Haunted","sneckomod:CheapStock+1","sneckomod:SerpentMind+1","sneckomod:UnknownRareSkill+1"],"relics":["SlaversCollar","downfall:HeartBlessingRed","Frozen Egg 2","Question Card","HornCleat","Busted Crown","downfall:HeartBlessingGreen","Bronze Scales","downfall:HeartBlessingBlue","sneckomod:BabySnecko","Shuriken","Bag of Preparation","Fusion Hammer","The Courier","Mummified Hand","sneckomod:SneckoCommon","sneckomod:UnknownEgg","Strawberry","Du-Vu Doll","Eternal Feather","Nunchaku"],"acts_visited":["Exordium","TheCity","TheBeyond","TheEnding"],"potions_floor_usage":[56],"damage_taken":[{"damage":6.0,"enemies":"Jaw Worm","floor":2.0,"turns":2.0},{"damage":0.0,"enemies":"Cultist","floor":3.0,"turns":4.0},{"damage":2.0,"enemies":"Small Slimes","floor":5.0,"turns":4.0},{"damage":7.0,"enemies":"Gremlin Nob","floor":8.0,"turns":3.0},{"damage":0.0,"enemies":"Blue Slaver","floor":10.0,"turns":3.0},{"damage":4.0,"enemies":"3 Sentries","floor":12.0,"turns":4.0},{"damage":0.0,"enemies":"Large Slime","floor":13.0,"turns":2.0},{"damage":0.0,"enemies":"downfall:FleeingMerchant","floor":14.0,"turns":4.0},{"damage":0.0,"enemies":"2 Fungi Beasts","floor":15.0,"turns":4.0},{"damage":29.0,"enemies":"IC_STATUS_ARCHETYPE","floor":16.0,"turns":7.0},{"damage":11.0,"enemies":"Spheric Guardian","floor":19.0,"turns":4.0},{"damage":0.0,"enemies":"Chosen","floor":22.0,"turns":5.0},{"damage":5.0,"enemies":"Slavers","floor":23.0,"turns":5.0},{"damage":1.0,"enemies":"Centurion and Healer","floor":29.0,"turns":5.0},{"damage":0.0,"enemies":"Gremlin Leader","floor":30.0,"turns":6.0},{"damage":0.0,"enemies":"Snake Plant","floor":31.0,"turns":4.0},{"damage":2.0,"enemies":"Sentry and Sphere","floor":32.0,"turns":6.0},{"damage":6.0,"enemies":"SI_MIRROR_ARCHETYPE","floor":33.0,"turns":7.0},{"damage":0.0,"enemies":"Orb Walker","floor":36.0,"turns":3.0},{"damage":1.0,"enemies":"3 Darklings","floor":37.0,"turns":4.0},{"damage":14.0,"enemies":"Transient","floor":38.0,"turns":5.0},{"damage":1.0,"enemies":"downfall:FleeingMerchant","floor":39.0,"turns":4.0},{"damage":0.0,"enemies":"downfall:FleeingMerchant","floor":42.0,"turns":1.0},{"damage":0.0,"enemies":"Giant Head","floor":43.0,"turns":5.0},{"damage":0.0,"enemies":"Giant Head","floor":45.0,"turns":3.0},{"damage":41.0,"enemies":"Nemesis","floor":46.0,"turns":5.0},{"damage":14.0,"enemies":"Jaw Worm Horde","floor":48.0,"turns":4.0},{"damage":1.0,"enemies":"3 Darklings","floor":49.0,"turns":3.0},{"damage":8,"enemies":"DF_ARCHETYPE_ORBS","floor":50,"turns":5},{"damage":1,"enemies":"downfall:CharBossMerchant","floor":52,"turns":7},{"damage":1,"enemies":"downfall:NeowBoss","floor":55,"turns":10},{"damage":5,"enemies":"downfall:NeowBossFinal","floor":56,"turns":7}],"seed_played":"4660004277025335527","potions_obtained":[{"floor":5.0,"key":"AttackPotion"},{"floor":10.0,"key":"Explosive Potion"},{"floor":12.0,"key":"Regen Potion"},{"floor":15.0,"key":"Guardian:BlockOnCardUsePotion"},{"floor":30.0,"key":"Dexterity Potion"}],"is_trial":false,"path_per_floor":["R","M","M","?","M","R","T","E","R","M","R","E","M","$","M","B",null,"R","M","?","?","M","E","T","R","?","R","?","M","E","M","M","B",null,"R","M","M","M","?","?","T","$","E","R","?","E","?","M","M","B",null,"E","$","R","B","B",null],"character_chosen":"THE_SNECKO","items_purchased":["sneckomod:UnendingSupply+1","sneckomod:UnendingSupply+1","Mummified Hand","Panache+1","sneckomod:UnendingSupply+1","sneckomod:UnendingSupply+1","Nunchaku"],"campfire_rested":3,"item_purchase_floors":[14,39,42,42,42,42,53],"current_hp_per_floor":[90,84,84,84,82,82,82,75,75,75,75,71,71,71,71,52,90,90,79,79,45,45,45,45,55,55,55,55,54,54,54,52,55,55,55,55,54,40,54,54,54,54,54,55,55,26,26,24,23,25,62,61,61,62,61,56],"gold":3,"neow_bonus":"BOSS_RELIC","is_daily":false,"chose_seed":false,"campfire_upgraded":6,"win_rate":0.0,"timestamp":1612106686,"path_taken":["R","M","M","?","M","R","T","E","R","M","R","E","M","?","M","BOSS","R","M","?","?","M","E","T","R","?","R","?","M","E","M","M","BOSS","R","M","M","M","?","?","T","$","E","R","?","E","?","M","M","BOSS","E","$","R","BOSS","BOSS"],"items_purchased_type":["Card","Card","Relic","Card","Card","Card","Relic"],"build_version":"2020-12-22","purchased_purges":2,"victory":true,"max_hp_per_floor":[90,90,90,90,90,90,90,90,90,90,90,90,90,90,90,90,90,90,90,90,45,45,45,45,55,55,55,55,55,55,55,55,55,55,55,55,55,55,55,55,55,55,55,55,55,62,62,62,62,62,62,62,62,62,62,62],"card_choices":[{"not_picked":["sneckomod:QuickMove","sneckomod:DiceCrush"],"picked":"sneckomod:WideSting","floor":2.0},{"not_picked":["sneckomod:UnknownCommonSkill","sneckomod:Memorize"],"picked":"sneckomod:UnknownCommonAttack","floor":3.0},{"not_picked":["sneckomod:UnknownX","sneckomod:Unknown1Cost"],"picked":"sneckomod:WideSting","floor":5.0},{"not_picked":["sneckomod:Memorize","sneckomod:SoulCleanse"],"picked":"sneckomod:UnknownVulnerable","floor":8.0},{"not_picked":["sneckomod:UnknownRareAttack","sneckomod:MasterEye+1","sneckomod:RainOfDice"],"picked":"sneckomod:UnendingSupply+1","floor":10.0},{"not_picked":["sneckomod:UnknownCommonSkill","sneckomod:UnknownStrike","sneckomod:UnknownX"],"picked":"sneckomod:DefensiveFlair","floor":12.0},{"not_picked":["sneckomod:UnknownX","sneckomod:Unknown1Cost","sneckomod:PureSnecko"],"picked":"sneckomod:UnknownCommonSkill","floor":13.0},{"not_picked":["sneckomod:UnknownCommonAttack","sneckomod:SoulDraw","sneckomod:Cheat"],"picked":"sneckomod:UnendingSupply+1","floor":14.0},{"not_picked":["sneckomod:SoulCleanse","sneckomod:SnakeSap","sneckomod:QuickBite"],"picked":"sneckomod:UnknownDraw","floor":15.0},{"not_picked":["sneckomod:Unknown3Cost","sneckomod:Restock","sneckomod:Transmogrify"],"picked":"sneckomod:UnlimitedRolls+1","floor":16.0},{"not_picked":["sneckomod:UnknownClassSLIMEBOUND","sneckomod:Nope"],"picked":"SKIP","floor":19.0},{"not_picked":["sneckomod:QuickMove"],"picked":"sneckomod:Rotation","floor":22.0},{"not_picked":["sneckomod:UnknownClassTHE_CHAMP_GRAY+1","sneckomod:Transmogrify"],"picked":"SKIP","floor":23.0},{"not_picked":["sneckomod:DiceBlock","sneckomod:Memorize"],"picked":"SKIP","floor":29.0},{"not_picked":["sneckomod:UnknownCommonSkill"],"picked":"sneckomod:UnknownDexterity","floor":30.0},{"not_picked":["sneckomod:SnakeSap","sneckomod:QuickMove+1"],"picked":"SKIP","floor":31.0},{"not_picked":["sneckomod:QuickBite+1","sneckomod:UnknownCommonAttack"],"picked":"SKIP","floor":32.0},{"not_picked":["sneckomod:UnknownBoss"],"picked":"sneckomod:UnknownRarePower+1","floor":33.0},{"not_picked":["sneckomod:DiceBlock","sneckomod:UnknownClassSLIMEBOUND"],"picked":"SKIP","floor":36.0},{"not_picked":["sneckomod:UnknownClassSLIMEBOUND"],"picked":"sneckomod:ImprovisedGuard","floor":37.0},{"not_picked":["sneckomod:IronFang+1","sneckomod:UnknownUncommonSkill"],"picked":"SKIP","floor":38.0},{"not_picked":["sneckomod:DiceBlock+1","sneckomod:UnknownDraw"],"picked":"SKIP","floor":39.0},{"not_picked":["expansioncontent:DecaShield","expansioncontent:PolyBeam"],"picked":"expansioncontent:LastStand","floor":40.0},{"not_picked":["sneckomod:Unknown0Cost","sneckomod:WideSting"],"picked":"SKIP","floor":42.0},{"not_picked":["sneckomod:DiceCrush+1"],"picked":"sneckomod:CheapStock+1","floor":43.0},{"not_picked":["sneckomod:UnknownUncommonAttack+1","sneckomod:DiceCrush"],"picked":"SKIP","floor":46.0},{"not_picked":["sneckomod:DiceCrush+1"],"picked":"sneckomod:CheapStock+1","floor":48.0},{"not_picked":["sneckomod:UnknownDraw+1"],"picked":"sneckomod:SerpentMind+1","floor":49.0},{"not_picked":["sneckomod:DefensiveFlair+1"],"picked":"sneckomod:UnknownRareSkill+1","floor":52}],"player_experience":427289,"relics_obtained":[{"floor":7.0,"key":"Frozen Egg 2"},{"floor":8.0,"key":"Question Card"},{"floor":12.0,"key":"HornCleat"},{"floor":23.0,"key":"Bronze Scales"},{"floor":30.0,"key":"Bag of Preparation"},{"floor":41.0,"key":"The Courier"},{"floor":43.0,"key":"sneckomod:SneckoCommon"},{"floor":45.0,"key":"sneckomod:UnknownEgg"},{"floor":46.0,"key":"Strawberry"},{"floor":52,"key":"Eternal Feather"}],"event_choices":[{"damage_healed":0.0,"max_hp_gain":0.0,"max_hp_loss":45.0,"gold_gain":0.0,"event_name":"Ghosts","player_choice":"Became a Ghost","floor":21.0,"gold_loss":0.0,"damage_taken":0.0,"cards_obtained":["Ghostly","Ghostly","Ghostly","Ghostly","Ghostly"]}],"is_beta":false,"boss_relics":[{"not_picked":["Sozu","Cursed Key"],"picked":"Busted Crown"},{"not_picked":["Runic Dome","expansioncontent:StudyCardRelic"],"picked":"Fusion Hammer"}],"items_purged_floors":[39,53],"is_endless":false,"potions_floor_spawned":[5,10,12,13,15,30,32,36,38,46,49],"ascension_level":1}}