{"host":"a5v7x5tmlr5iccdt","time":1612104656,"event":{"mods":["100% Spire Juice","Act Like it!","Arknights","Aspiration","Astrologer","Bard","BaseMod","BetterRewards","Colored Map","Colored Powertips","Conspire","Downfall","Energized Spire","Gensokyo","Hallownest","Highlight Path","Marisa£®ÏF”Í°°ƒß¿Ì…≥£©","Mimic Mod","Minty Spire (QoL Compilation)","Quick Restart","Reimu£®≤©¿ˆ¡È√Œ£©","Remilia£®¿Ÿ√◊¿Ú—«£©","Replay The Spire","StSLib","The Bug Knight","Youmu£®ªÍ∆«—˝√Œ£©"],"gold_per_floor":[118,118,43,43,62,62,93,93,129,129,155,171,171,121,121,217,217,228,246,346,346,346],"floor_reached":21,"language":"ZHS","playtime":811,"items_purged":["Pain"],"score":285,"play_id":"f84c9980-c02a-4055-8a53-b028febb165c","local_time":"20210131225056","is_ascension_mode":false,"campfire_choices":[{"data":"astrologer:ShootingStar","floor":6,"key":"SMITH"},{"data":"astrologer:FrozenStar","floor":8,"key":"SMITH"},{"data":"astrologer:CosmicExpanse","floor":10,"key":"SMITH"},{"data":"astrologer:CometStrike","floor":15,"key":"SMITH"}],"circlet_count":0,"master_deck":["conspire:GhostlyStrike","conspire:GhostlyStrike","conspire:GhostlyStrike","conspire:GhostlyStrike","conspire:GhostlyDefend","conspire:GhostlyDefend","conspire:GhostlyDefend","astrologer:NorthStar","astrologer:TheFool","astrologer:TheHangedMan+1","astrologer:ShootingStar+1","astrologer:FrozenStar+1","astrologer:CosmicExpanse+1","astrologer:Confirmation","astrologer:CometStrike+1","astrologer:Premonition","astrologer:SolarFlare","astrologer:TheHierophant"],"relics":["astrologer:SkyMirror","NeowsBlessing","WarpedTongs","Replay:Wax Seal","Bronze Scales","Meat on the Bone","Black Star"],"acts_visited":["Exordium","TheCity"],"potions_floor_usage":[],"damage_taken":[{"damage":0,"enemies":"2 Louse","floor":1,"turns":1},{"damage":0,"enemies":"Cultist","floor":5,"turns":1},{"damage":0,"enemies":"Gremlin Nob","floor":7,"turns":1},{"damage":9,"enemies":"Jaw Worm","floor":9,"turns":6},{"damage":17,"enemies":"3 Sentries","floor":11,"turns":8},{"damage":0,"enemies":"Jaw Worm","floor":12,"turns":3},{"damage":0,"enemies":"Fading Forest","floor":16,"turns":11},{"damage":10,"enemies":"Shell Parasite","floor":18,"turns":4},{"damage":14,"enemies":"Spheric Guardian","floor":19,"turns":4},{"damage":56,"enemies":"3 Cultists","floor":21,"turns":4}],"seed_played":"1481828485068644863","potions_obtained":[{"floor":1,"key":"Guardian:BlockOnCardUsePotion"},{"floor":5,"key":"bronze:BurnAndBuffPotion"},{"floor":11,"key":"Ancient Potion"}],"is_trial":false,"path_per_floor":["M","?","$","?","M","R","E","R","MIM","R","E","M","?","?","R","B",null,"M","M","?","M"],"character_chosen":"ASTROLOGER","items_purchased":[],"campfire_rested":0,"item_purchase_floors":[],"current_hp_per_floor":[70,70,70,70,70,70,70,70,61,61,44,44,44,44,44,54,70,60,46,46,0,0],"gold":346,"neow_bonus":"THREE_ENEMY_KILL","is_daily":false,"chose_seed":false,"campfire_upgraded":4,"win_rate":0.0,"timestamp":1612104656,"path_taken":["M","?","?","?","?","R","E","R","MIM","R","E","M","?","?","R","BOSS","M","M","?","M"],"items_purchased_type":[],"build_version":"2020-12-22","purchased_purges":1,"victory":false,"max_hp_per_floor":[70,70,70,70,70,70,70,70,70,70,70,70,70,70,70,70,70,70,70,70,70,70],"card_choices":[{"not_picked":["astrologer:Retelling","astrologer:SolarFlare"],"picked":"astrologer:TheHangedMan","floor":1},{"not_picked":["astrologer:Divination","astrologer:SpaceDust"],"picked":"astrologer:ShootingStar","floor":5},{"not_picked":["astrologer:Moonlight","astrologer:Opposition"],"picked":"astrologer:FrozenStar","floor":7},{"not_picked":["astrologer:Still","astrologer:Moonlight"],"picked":"astrologer:CosmicExpanse","floor":9},{"not_picked":["astrologer:Stardust","astrologer:SpaceDust"],"picked":"astrologer:Confirmation","floor":11},{"not_picked":["astrologer:WheelofFortune","astrologer:CrystalBall"],"picked":"astrologer:CometStrike","floor":12},{"not_picked":["astrologer:TheChariot","astrologer:Alignment"],"picked":"astrologer:Premonition","floor":16},{"not_picked":["astrologer:Premeditation","astrologer:MeteorShower"],"picked":"astrologer:SolarFlare","floor":18},{"not_picked":["astrologer:TheEmperor","astrologer:TheLovers"],"picked":"astrologer:TheHierophant","floor":19}],"player_experience":96833,"relics_obtained":[{"floor":7,"key":"Replay:Wax Seal"},{"floor":9,"key":"Bronze Scales"},{"floor":11,"key":"Meat on the Bone"}],"event_choices":[{"damage_healed":0,"gold_gain":0,"player_choice":"Rummage","damage_taken":0,"relics_obtained":["WarpedTongs"],"max_hp_gain":0,"max_hp_loss":0,"event_name":"Accursed Blacksmith","floor":2,"gold_loss":0,"cards_obtained":["Pain"]},{"damage_healed":0,"gold_gain":0,"player_choice":"Upgraded","damage_taken":0,"max_hp_gain":0,"max_hp_loss":0,"event_name":"Upgrade Shrine","floor":4,"gold_loss":0,"cards_upgraded":["astrologer:TheHangedMan"]},{"damage_healed":0,"gold_gain":0,"player_choice":"Agree","damage_taken":0,"max_hp_gain":0,"max_hp_loss":0,"event_name":"conspire:LoneGhost","floor":13,"gold_loss":0},{"cards_removed":["conspire:GhostlyDefend"],"damage_healed":0,"gold_gain":0,"player_choice":"Card Removal","damage_taken":0,"max_hp_gain":0,"max_hp_loss":0,"event_name":"The Cleric","floor":14,"gold_loss":50},{"damage_healed":0,"gold_gain":100,"player_choice":"Pray","damage_taken":0,"max_hp_gain":0,"max_hp_loss":0,"event_name":"Golden Shrine","floor":20,"gold_loss":0}],"is_beta":false,"boss_relics":[{"not_picked":["energizedSpire:HugeHouse","Runic Dome"],"picked":"Black Star"}],"items_purged_floors":[3],"is_endless":false,"potions_floor_spawned":[1,5,11,12],"killed_by":"3 Cultists","ascension_level":0}}