{"host":"9slw7l0ws16384qq","time":1612130182,"event":{"mods":["A Penny For Your Troubles","BaseMod","Colored Map","Downfall","Evolution","Hubris","Minty Spire (QoL Compilation)","Replay The Spire","StS++","StSLib"],"gold_per_floor":[99,109,123,33,46,46,98,111,111,125,137,167,67,67,81,181,181,181,201,221,221,181,181,229,559,459,493,493,505,536,536,556,655,655,555,573,623,571,581,581,604,618,653,653,684,390,390,390,405,406,406,438,92,92,92,92],"floor_reached":57,"language":"FRA","playtime":3195,"items_purged":["bronze:CutThrough","Delirium","bronze:CutThrough"],"score":1859,"play_id":"174046b7-4886-4ae1-8d31-d75d038cf1da","local_time":"20210131225622","is_ascension_mode":true,"campfire_choices":[{"floor":1.0,"key":"RECALL"},{"data":"bronze:Constructor","floor":6.0,"key":"SMITH"},{"data":"bronze:Defend","floor":13.0,"key":"SMITH"},{"data":"bronze:CutThrough","floor":18.0,"key":"PURGE"},{"data":"bronze:Mutator","floor":26.0,"key":"SMITH"},{"data":"bronze:Hardcode","floor":28.0,"key":"SMITH"},{"data":"bronze:Terminator","floor":35.0,"key":"SMITH"},{"data":"bronze:Separator","floor":44.0,"key":"SMITH"},{"data":"bronze:OilSpill","floor":47,"key":"SMITH"},{"data":"bronze:Goto","floor":54,"key":"SMITH"}],"circlet_count":0,"master_deck":["bronze:CutThrough","bronze:Defend+1","bronze:Replicate+1","bronze:Goto+1","bronze:OilSpill+1","bronze:FunctionCard","bronze:Terminator"],"relics":["bronze:BronzeCore","EVO:Axolotl","Pen Nib","Orichalcum","downfall:HeartBlessingRed","hubris:TerracottaHorce","ReplayTheSpireMod:CursedCoin","downfall:HeartBlessingBlue","StoneCalendar","hubris:SlimyHat","Replay:Grab Bag","Coffee Dripper","Sozu","StSpp:Magatama","downfall:HeartBlessingGreen","Replay:Kaleidoscope","Blood Vial","Slimebound:PreparedRelic","MawBank","hubris:EmptyBottle","Boot","Anchor","BranchBurnRelic"],"acts_visited":["Exordium","TheCity","TheBeyond","TheEnding"],"potions_floor_usage":[50,50,50,50,50,50],"damage_taken":[{"damage":0.0,"enemies":"Cultist","floor":2.0,"turns":2.0},{"damage":8.0,"enemies":"Small Slimes","floor":3.0,"turns":2.0},{"damage":0.0,"enemies":"downfall:FleeingMerchant","floor":4.0,"turns":4.0},{"damage":0.0,"enemies":"2 Louse","floor":5.0,"turns":2.0},{"damage":0.0,"enemies":"Large Slime","floor":8.0,"turns":4.0},{"damage":0.0,"enemies":"2 Fungi Beasts","floor":10.0,"turns":2.0},{"damage":0.0,"enemies":"Exordium Wildlife","floor":11.0,"turns":3.0},{"damage":1.0,"enemies":"Gremlin Nob","floor":12.0,"turns":3.0},{"damage":0.0,"enemies":"Blue Slaver","floor":15.0,"turns":2.0},{"damage":19.0,"enemies":"IC_STATUS_ARCHETYPE","floor":16.0,"turns":7.0},{"damage":0.0,"enemies":"3 Byrds","floor":19.0,"turns":3.0},{"damage":0.0,"enemies":"Chosen","floor":20.0,"turns":2.0},{"damage":0.0,"enemies":"downfall:FleeingMerchant","floor":22.0,"turns":4.0},{"damage":5.0,"enemies":"downfall:FleeingMerchant","floor":25.0,"turns":4.0},{"damage":0.0,"enemies":"Book of Stabbing","floor":27.0,"turns":3.0},{"damage":0.0,"enemies":"3 Cultists","floor":29.0,"turns":3.0},{"damage":1.0,"enemies":"Gremlin Leader","floor":30.0,"turns":6.0},{"damage":0.0,"enemies":"Cultist and Chosen","floor":32.0,"turns":4.0},{"damage":8.0,"enemies":"SI_MIRROR_ARCHETYPE","floor":33.0,"turns":7.0},{"damage":0.0,"enemies":"Orb Walker","floor":36.0,"turns":3.0},{"damage":0.0,"enemies":"Orb Walker","floor":37.0,"turns":5.0},{"damage":3.0,"enemies":"3 Shapes","floor":39.0,"turns":5.0},{"damage":0.0,"enemies":"Spire Growth","floor":42.0,"turns":4.0},{"damage":34.0,"enemies":"R_Hoarder","floor":43.0,"turns":7.0},{"damage":16,"enemies":"Giant Head","floor":45,"turns":6},{"damage":44,"enemies":"Jaw Worm Horde","floor":49,"turns":4},{"damage":0,"enemies":"DF_ARCHETYPE_ORBS","floor":50,"turns":4},{"damage":11,"enemies":"downfall:CharBossMerchant","floor":52,"turns":7},{"damage":0,"enemies":"downfall:NeowBoss","floor":55,"turns":8},{"damage":15,"enemies":"downfall:NeowBossFinal","floor":56,"turns":7}],"seed_played":"7582640489688868126","potions_obtained":[{"floor":5.0,"key":"Energy Potion"},{"floor":8.0,"key":"Adrenaline Potion"},{"floor":10.0,"key":"Block Potion"},{"floor":15.0,"key":"Languid Potion"},{"floor":31.0,"key":"CultistPotion"},{"floor":32.0,"key":"Dexterity Potion"},{"floor":33.0,"key":"Strength Potion"}],"is_trial":false,"path_per_floor":["R","M","M","$","M","R","T","M","?","M","M","E","R","?","M","B",null,"R_BF","M","M","?","$","?","T","$","R","E","R","M","E","?","M","B",null,"R","M","?","$","M","?","T","M","E","R","E","$","R","?","M","B",null,"E","$","R","B","B",null],"character_chosen":"THE_AUTOMATON","items_purchased":["bronze:Terminator","ReplayTheSpireMod:CursedCoin","bronze:OilSpill","hubris:EmptyBottle","Boot","bronze:Terminator","Anchor"],"campfire_rested":0,"item_purchase_floors":[22,22,38,46,46,53,53],"current_hp_per_floor":[70,70,62,62,62,62,62,62,62,62,62,61,61,61,61,42,63,63,63,63,63,63,63,63,58,68,68,68,68,67,67,67,59,75,75,75,75,75,72,72,72,74,49,49,35,35,35,90,46,48,80,71,71,71,88,75],"gold":92,"neow_bonus":"REMOVE_CARD","is_daily":false,"chose_seed":false,"campfire_upgraded":8,"win_rate":0.0,"timestamp":1612130182,"path_taken":["R","M","M","$","M","R","T","?","?","M","M","E","R","?","M","BOSS","R_BF","M","M","?","$","?","T","$","R","E","R","M","E","?","M","BOSS","R","M","?","$","M","?","T","M","E","R","E","$","R","?","M","BOSS","E","$","R","BOSS","BOSS"],"items_purchased_type":["Card","Relic","Card","Relic","Relic","Card","Relic"],"build_version":"2020-12-22","purchased_purges":3,"victory":true,"max_hp_per_floor":[70,70,70,70,70,70,70,70,70,70,70,70,70,70,70,70,70,70,70,70,70,70,70,70,70,80,80,80,80,80,80,80,80,80,80,80,80,80,80,80,80,80,80,80,80,80,80,90,90,90,90,90,90,90,90,90],"card_choices":[{"not_picked":["bronze:Deprecate","bronze:CutThrough","bronze:ItsAFeature"],"picked":"SKIP","floor":2.0},{"not_picked":["bronze:BugBarrage","bronze:BuggyMess","bronze:DelayedSlice"],"picked":"SKIP","floor":3.0},{"not_picked":["bronze:Return","bronze:BitShift"],"picked":"bronze:Constructor","floor":4.0},{"not_picked":["bronze:Fortify","bronze:Shell","bronze:BitShift"],"picked":"SKIP","floor":5.0},{"not_picked":["bronze:Philosophize","bronze:WhirlingStrike","bronze:Branch"],"picked":"SKIP","floor":8.0},{"not_picked":["bronze:WildBeam","bronze:FineTuning","bronze:MaxOutput"],"picked":"SKIP","floor":10.0},{"not_picked":["bronze:Overheat","bronze:NullPointer","bronze:ForLoop"],"picked":"SKIP","floor":11.0},{"not_picked":["bronze:WhirlingStrike","bronze:Invalidate","bronze:ShipIt"],"picked":"SKIP","floor":12.0},{"not_picked":["bronze:ClassDefault","bronze:Shield","bronze:DelayedGuard"],"picked":"SKIP","floor":15.0},{"not_picked":["bronze:FindAndReplace","bronze:ShipIt"],"picked":"bronze:Hardcode","floor":16.0},{"not_picked":["bronze:WildBeam+1","bronze:DelayedGuard","bronze:Shield+1"],"picked":"SKIP","floor":19.0},{"not_picked":["bronze:CutThrough+1","bronze:Refactor+1","bronze:OilSpill"],"picked":"SKIP","floor":20.0},{"not_picked":["bronze:GetLatest","bronze:DigitalCarnage","bronze:FineTuning"],"picked":"SKIP","floor":22.0},{"not_picked":["bronze:Constructor+1","bronze:Invalidate"],"picked":"bronze:Mutator","floor":25.0},{"not_picked":["bronze:InfiniteBeams","bronze:DarkDash","bronze:Constructor+1"],"picked":"SKIP","floor":27.0},{"not_picked":["bronze:FineTuning","bronze:Repair","bronze:DarkDash+1"],"picked":"SKIP","floor":29.0},{"not_picked":["bronze:Library","bronze:Constructor","bronze:DelayedSlice"],"picked":"SKIP","floor":30.0},{"not_picked":["bronze:Overload","bronze:CloningBeam","bronze:BuggyMess"],"picked":"SKIP","floor":32.0},{"not_picked":["bronze:Frontload","bronze:Invalidate+1","bronze:Fortify+1"],"picked":"SKIP","floor":36.0},{"not_picked":["bronze:Return+1","bronze:Branch+1","bronze:FineTuning+1"],"picked":"SKIP","floor":39.0},{"not_picked":["bronze:OilSpill","bronze:DelayedGuard+1","bronze:Separator"],"picked":"SKIP","floor":42.0},{"not_picked":["bronze:OilSpill","bronze:DelayedGuard+1"],"picked":"bronze:Separator","floor":42.0},{"not_picked":["bronze:CutThrough","bronze:Turbo+1","bronze:BronzeArmor+1"],"picked":"SKIP","floor":43.0},{"not_picked":["bronze:Constructor+1","bronze:Break","bronze:Overheat+1"],"picked":"SKIP","floor":45},{"not_picked":["bronze:Shield","bronze:DelayedGuard","bronze:Deprecate"],"picked":"SKIP","floor":49},{"not_picked":["bronze:Break","bronze:Shell","bronze:Flail+1"],"picked":"SKIP","floor":52}],"player_experience":1569615,"relics_obtained":[{"floor":7.0,"key":"Pen Nib"},{"floor":12.0,"key":"Orichalcum"},{"floor":27.0,"key":"StoneCalendar"},{"floor":30.0,"key":"hubris:SlimyHat"},{"floor":37.0,"key":"Replay:Kaleidoscope"},{"floor":41.0,"key":"Blood Vial"},{"floor":43.0,"key":"Slimebound:PreparedRelic"},{"floor":45,"key":"MawBank"},{"floor":52,"key":"Dead Branch"}],"event_choices":[{"damage_healed":0.0,"max_hp_gain":0.0,"max_hp_loss":0.0,"gold_gain":0.0,"event_name":"Vampires","player_choice":"Ignored","floor":23.0,"gold_loss":0.0,"damage_taken":0.0}],"is_beta":false,"boss_relics":[{"not_picked":["hubris:HollowSoul","bronze:PlatinumCore"],"picked":"hubris:TerracottaHorce"},{"not_picked":["Replay:Ancient Bell","Philosopher\u0027s Stone"],"picked":"Replay:Grab Bag"},{"not_picked":["Painkiller Herb","hubris:CrackedHourglass"],"picked":"Coffee Dripper"},{"not_picked":["ReplayTheSpireMod:DimensionalGlitch","hubris:VirtuousBlindfold"],"picked":"Sozu"},{"not_picked":["StSpp:FireArrow","Kintsugi"],"picked":"StSpp:Magatama"}],"items_purged_floors":[4,22,53],"is_endless":false,"potions_floor_spawned":[5,8,10,15,27,30,32,33,39,49,52],"ascension_level":7}}