{"host":"pdsyh71gl8fwuuoe","time":1612134309,"event":{"mods":["AchievementEnabler","Ascension Unlocker","BaseMod","Bestiary","Colored Powertips","Curses Come First","Custom Start","Highlight Path","Minty Spire (QoL Compilation)","Permanent Neow","Quick Restart","Relic Stats","StSLib"],"gold_per_floor":[111,17,17,17,17,17,51,64,136,136,167,188,222,242,242,367,367,385,400,325,344,344,344,344,344],"floor_reached":24,"language":"ENG","playtime":1239,"items_purged":[],"score":396,"play_id":"5d7c402f-0666-4d19-9c0a-5c10a4bd6414","local_time":"20210131180509","is_ascension_mode":true,"campfire_choices":[{"data":"Defragment","floor":6.0,"key":"SMITH"},{"data":"Sweeping Beam","floor":10,"key":"SMITH"},{"data":"Capacitor","floor":15,"key":"SMITH"},{"data":"Coolheaded","floor":23,"key":"SMITH"}],"circlet_count":0,"master_deck":["AscendersBane","Strike_B","Strike_B","Defend_B+1","Defend_B","Defend_B","Defend_B","Zap+1","Dualcast","Ball Lightning","Defragment+1","Cold Snap","Conserve Battery","Sweeping Beam+1","Coolheaded+1","Barrage","Capacitor+1","Electrodynamics","Biased Cognition","Ball Lightning","Coolheaded+1","Glacier+1"],"relics":["Cracked Core","Juzu Bracelet","Golden Idol","Kunai","Meat on the Bone","Ornamental Fan","Centennial Puzzle","Inserter","War Paint"],"acts_visited":["Exordium","TheCity"],"potions_floor_usage":[16,21,24],"damage_taken":[{"damage":1.0,"enemies":"Cultist","floor":1.0,"turns":3.0},{"damage":28.0,"enemies":"Gremlin Nob","floor":7.0,"turns":4.0},{"damage":3.0,"enemies":"Jaw Worm","floor":8.0,"turns":2.0},{"damage":3,"enemies":"3 Sentries","floor":11,"turns":6},{"damage":0,"enemies":"2 Louse","floor":12,"turns":2},{"damage":12,"enemies":"Lagavulin","floor":13,"turns":6},{"damage":1,"enemies":"Exordium Wildlife","floor":14,"turns":2},{"damage":0,"enemies":"Slime Boss","floor":16,"turns":6},{"damage":13,"enemies":"Chosen","floor":18,"turns":6},{"damage":34,"enemies":"2 Thieves","floor":19,"turns":3},{"damage":22,"enemies":"Snake Plant","floor":21,"turns":6},{"damage":16,"enemies":"Slavers","floor":24,"turns":1}],"seed_played":"4868246372474513031","potions_obtained":[{"floor":8.0,"key":"FocusPotion"},{"floor":11,"key":"AttackPotion"},{"floor":14,"key":"LiquidMemories"},{"floor":16,"key":"Strength Potion"}],"is_trial":false,"path_per_floor":["M","$","$","?","?","R","E","M","T","R","E","M","E","M","R","B",null,"M","M","?","M","T","R","E"],"character_chosen":"DEFECT","items_purchased":["Defragment","Cold Snap"],"campfire_rested":0,"item_purchase_floors":[2,2],"current_hp_per_floor":[67,67,67,67,60,60,32,29,29,29,38,38,38,37,37,37,61,48,26,26,16,16,16,0,0],"gold":344,"neow_bonus":"RANDOM_COMMON_RELIC","is_daily":false,"chose_seed":false,"campfire_upgraded":4,"win_rate":0.0,"timestamp":1612134309,"path_taken":["M","?","$","?","?","R","E","M","T","R","E","M","E","M","R","BOSS","M","M","?","M","?","R","E"],"items_purchased_type":["Card","Card"],"build_version":"2020-12-22","purchased_purges":0,"victory":false,"max_hp_per_floor":[75,75,75,69,69,69,69,69,69,69,69,69,69,69,69,69,69,69,69,69,69,69,69,69,69],"relic_stats":{"Centennial Puzzle":[15],"Inserter":[8],"counters":[12,47],"Golden Idol":67,"Ornamental Fan":[16],"Juzu Bracelet":0,"Kunai":[4],"War Paint":["Defend_B","Zap"],"obtain_stats":[{"Centennial Puzzle":13,"Inserter":17,"Golden Idol":4,"Ornamental Fan":11,"Juzu Bracelet":0,"Kunai":7,"War Paint":22,"Cracked Core":0,"Meat on the Bone":9},{"Centennial Puzzle":6,"Inserter":8,"Golden Idol":1,"Ornamental Fan":4,"Juzu Bracelet":0,"Kunai":2,"War Paint":11,"Cracked Core":0,"Meat on the Bone":3},{"Centennial Puzzle":23,"Inserter":31,"Golden Idol":3,"Ornamental Fan":15,"Juzu Bracelet":0,"Kunai":7,"War Paint":46,"Cracked Core":0,"Meat on the Bone":9}],"Meat on the Bone":48},"card_choices":[{"not_picked":["Genetic Algorithm","Steam Power"],"picked":"Ball Lightning","floor":1.0},{"not_picked":["Stack","White Noise"],"picked":"Conserve Battery","floor":7.0},{"not_picked":["Heatsinks","Barrage"],"picked":"Sweeping Beam","floor":8.0},{"not_picked":["Cold Snap","Turbo"],"picked":"Coolheaded","floor":11},{"not_picked":["Hologram","Hello World"],"picked":"Barrage","floor":12},{"not_picked":["Barrage","Cold Snap"],"picked":"Capacitor","floor":13},{"not_picked":["Aggregate","Steam"],"picked":"Electrodynamics","floor":14},{"not_picked":["Hyperbeam","All For One"],"picked":"Biased Cognition","floor":16},{"not_picked":["BootSequence","Sweeping Beam"],"picked":"Ball Lightning","floor":18},{"not_picked":["Sweeping Beam","Stack"],"picked":"Coolheaded+1","floor":19},{"not_picked":["Steam","BootSequence"],"picked":"Glacier+1","floor":21}],"player_experience":412974,"relics_obtained":[{"floor":7.0,"key":"Kunai"},{"floor":9.0,"key":"Meat on the Bone"},{"floor":11,"key":"Ornamental Fan"},{"floor":13,"key":"Centennial Puzzle"},{"floor":22,"key":"War Paint"}],"event_choices":[{"damage_healed":0.0,"max_hp_gain":0.0,"max_hp_loss":6.0,"gold_gain":0.0,"event_name":"Golden Idol","player_choice":"Lose Max HP","floor":4.0,"gold_loss":0.0,"damage_taken":0.0,"relics_obtained":["Golden Idol"]},{"cards_removed":["Strike_B"],"damage_healed":0.0,"max_hp_gain":0.0,"max_hp_loss":0.0,"gold_gain":0.0,"event_name":"Golden Wing","player_choice":"Card Removal","floor":5.0,"gold_loss":0.0,"damage_taken":7.0},{"cards_removed":["Strike_B"],"damage_healed":0,"gold_gain":0,"player_choice":"Gave Gold","damage_taken":0,"max_hp_gain":0,"max_hp_loss":0,"event_name":"Beggar","floor":20,"gold_loss":75}],"is_beta":false,"boss_relics":[{"not_picked":["Fusion Hammer","Runic Pyramid"],"picked":"Inserter"}],"items_purged_floors":[],"is_endless":false,"potions_floor_spawned":[8,11,14,16,18],"killed_by":"Slavers","ascension_level":10}}