{"host":"o7j6aatxjwpw1421","time":1612075255,"event":{"mods":["2.2 Compatiblity","AchievementEnabler","BaseMod","Colored Map","DeckTracker","Highlight Path","Keyboard Shortcuts","Minty Spire (QoL Compilation)","Permanent Neow","Quick Restart","StSLib","SuperFastMode","everything is the same but u backflip on backflip"],"gold_per_floor":[109,184,197,197,212,212,242,262,309,309,346,373,392,414,414,497,569,580,600,525,525,543,573,573,600,674,693,715,715,728,778,778,864,864,878,896,355,384,398,398,431,133,159,159,159],"floor_reached":44,"language":"KOR","playtime":5846,"items_purged":["Riddle With Holes+1","Dagger Spray+1"],"score":1019,"play_id":"9a89b870-7580-4b9e-ba61-55dab4189b95","local_time":"20210131154055","is_ascension_mode":true,"campfire_choices":[{"data":"Riddle With Holes","floor":6.0,"key":"SMITH"},{"floor":10.0,"key":"REST"},{"data":"Noxious Fumes","floor":15.0,"key":"SMITH"},{"data":"Night Terror","floor":24.0,"key":"SMITH"},{"data":"A Thousand Cuts","floor":29.0,"key":"SMITH"},{"floor":32.0,"key":"REST"},{"data":"Tactician","floor":40.0,"key":"SMITH"}],"circlet_count":0,"master_deck":["AscendersBane","Survivor","Neutralize","Acrobatics","Dagger Throw","Underhanded Strike+1","Noxious Fumes+1","Footwork","Backflip","Tactician+1","Adrenaline","Backflip","Venomology","Night Terror+1","Choke+1","Adrenaline","Dash+1","A Thousand Cuts+1","Reflex+1","Adrenaline","Predator+1","Prepared","Corpse Explosion","Footwork","Footwork","After Image","Escape Plan"],"relics":["Ring of the Snake","Molten Egg 2","CeramicFish","Blood Vial","Pandora\u0027s Box","Nilry\u0027s Codex","Toy Ornithopter","Potion Belt","The Courier","SacredBark","Bag of Preparation","Lee\u0027s Waffle","Anchor","Frozen Eye"],"acts_visited":["Exordium","TheCity","TheBeyond"],"potions_floor_usage":[44],"damage_taken":[{"damage":0.0,"enemies":"Small Slimes","floor":1.0,"turns":3.0},{"damage":1.0,"enemies":"Cultist","floor":3.0,"turns":4.0},{"damage":0.0,"enemies":"2 Louse","floor":5.0,"turns":3.0},{"damage":6.0,"enemies":"Gremlin Nob","floor":7.0,"turns":3.0},{"damage":14.0,"enemies":"Blue Slaver","floor":8.0,"turns":4.0},{"damage":17.0,"enemies":"3 Sentries","floor":11.0,"turns":6.0},{"damage":4.0,"enemies":"Looter","floor":12.0,"turns":4.0},{"damage":4.0,"enemies":"Red Slaver","floor":13.0,"turns":5.0},{"damage":0.0,"enemies":"Exordium Wildlife","floor":14.0,"turns":3.0},{"damage":20.0,"enemies":"The Guardian","floor":16.0,"turns":12.0},{"damage":10.0,"enemies":"2 Thieves","floor":18.0,"turns":3.0},{"damage":2.0,"enemies":"3 Byrds","floor":19.0,"turns":5.0},{"damage":4.0,"enemies":"Book of Stabbing","floor":23.0,"turns":6.0},{"damage":0.0,"enemies":"Snecko","floor":27.0,"turns":3.0},{"damage":0.0,"enemies":"Centurion and Healer","floor":28.0,"turns":8.0},{"damage":0.0,"enemies":"3 Cultists","floor":30.0,"turns":3.0},{"damage":30.0,"enemies":"Automaton","floor":33.0,"turns":10.0},{"damage":8.0,"enemies":"Orb Walker","floor":35.0,"turns":4.0},{"damage":14.0,"enemies":"3 Shapes","floor":36.0,"turns":4.0},{"damage":32.0,"enemies":"3 Darklings","floor":38.0,"turns":7.0},{"damage":14.0,"enemies":"Jaw Worm Horde","floor":39.0,"turns":5.0},{"damage":33.0,"enemies":"Reptomancer","floor":41.0,"turns":8.0},{"damage":15,"enemies":"Nemesis","floor":44,"turns":4}],"seed_played":"-3162387040173166701","potions_obtained":[{"floor":1.0,"key":"SteroidPotion"},{"floor":5.0,"key":"DistilledChaos"},{"floor":11.0,"key":"AttackPotion"},{"floor":13.0,"key":"LiquidMemories"},{"floor":27.0,"key":"Explosive Potion"},{"floor":28.0,"key":"Energy Potion"},{"floor":35.0,"key":"Weak Potion"},{"floor":39.0,"key":"LiquidBronze"}],"is_trial":false,"path_per_floor":["M","?","M","?","M","R","E","M","T","R","E","M","M","M","R","B",null,"M","M","?","?","?","E","R","T","T","M","M","R","M","?","R","B",null,"M","M","$","M","M","R","E","$","T","E"],"character_chosen":"THE_SILENT","items_purchased":["Bag of Preparation","Footwork","Footwork","After Image","Lee\u0027s Waffle","Frozen Eye","SkillPotion","PowerPotion"],"campfire_rested":2,"item_purchase_floors":[37,37,37,37,37,42,42,42],"current_hp_per_floor":[59,48,47,47,47,47,41,27,27,46,29,27,25,27,27,9,52,44,44,44,23,23,21,21,21,21,23,30,30,37,37,56,38,59,58,46,73,49,47,47,16,16,16,8,8],"gold":159,"neow_bonus":"TRANSFORM_CARD","is_daily":false,"chose_seed":false,"campfire_upgraded":5,"win_rate":0.0,"timestamp":1612075255,"path_taken":["M","?","M","?","M","R","E","M","T","R","E","M","?","M","R","BOSS","M","M","?","?","?","E","R","?","T","?","M","R","M","?","R","BOSS","M","M","$","M","M","R","E","$","T","E"],"items_purchased_type":["Relic","Card","Card","Card","Relic","Relic","Potion","Potion"],"build_version":"2020-12-22","purchased_purges":2,"victory":false,"max_hp_per_floor":[66,66,66,66,66,66,66,66,66,66,66,66,66,66,66,66,66,66,66,66,66,66,66,66,66,66,66,66,66,66,66,66,66,66,66,66,73,73,73,73,73,73,73,73,73],"card_choices":[{"not_picked":["Finisher","Flechettes"],"picked":"Acrobatics","floor":1.0},{"not_picked":["Backstab","Terror"],"picked":"Poisoned Stab","floor":3.0},{"not_picked":["Endless Agony","Concentrate"],"picked":"Dagger Throw","floor":5.0},{"not_picked":["Burst","Backstab+1"],"picked":"Dagger Spray+1","floor":7.0},{"not_picked":["Sucker Punch+1","Prepared"],"picked":"Underhanded Strike+1","floor":8.0},{"not_picked":["Infinite Blades","Poisoned Stab+1"],"picked":"Noxious Fumes","floor":11.0},{"not_picked":["Slice+1","Backflip"],"picked":"Footwork","floor":12.0},{"not_picked":["Outmaneuver","PiercingWail"],"picked":"Backflip","floor":13.0},{"not_picked":["Flying Knee+1","Prepared"],"picked":"Tactician","floor":14.0},{"not_picked":["Bullet Time","Envenom"],"picked":"Adrenaline","floor":16.0},{"not_picked":["Dagger Throw+1","Flying Knee+1","Predator+1"],"picked":"SKIP","floor":18.0},{"not_picked":["All Out Attack+1","Infinite Blades+1"],"picked":"Reflex+1","floor":19.0},{"not_picked":["Dagger Spray+1","Venomology","Poisoned Stab+1"],"picked":"SKIP","floor":23.0},{"not_picked":["Sucker Punch+1","Outmaneuver","Poisoned Stab+1"],"picked":"SKIP","floor":27.0},{"not_picked":["Cloak And Dagger","Dodge and Roll"],"picked":"Prepared","floor":28.0},{"not_picked":["Choke+1","Caltrops","Sucker Punch+1"],"picked":"SKIP","floor":30.0},{"not_picked":["Tools of the Trade","Wraith Form v2"],"picked":"Corpse Explosion","floor":33.0},{"not_picked":["Backflip","Dagger Throw+1","Outmaneuver"],"picked":"SKIP","floor":35.0},{"not_picked":["Dagger Spray+1","Deadly Poison","Deflect"],"picked":"SKIP","floor":36.0},{"not_picked":["Sucker Punch+1","Deadly Poison"],"picked":"Escape Plan","floor":38.0},{"not_picked":["Accuracy","Deadly Poison","Dagger Spray+1"],"picked":"SKIP","floor":39.0},{"not_picked":["Flechettes+1","Footwork","All Out Attack+1"],"picked":"SKIP","floor":41.0},{"not_picked":["Flechettes+1","Footwork","All Out Attack+1"],"picked":"SKIP","floor":41.0}],"player_experience":603959,"relics_obtained":[{"floor":7.0,"key":"Molten Egg 2"},{"floor":9.0,"key":"CeramicFish"},{"floor":11.0,"key":"Blood Vial"},{"floor":21.0,"key":"Nilry\u0027s Codex"},{"floor":23.0,"key":"Toy Ornithopter"},{"floor":25.0,"key":"Potion Belt"},{"floor":26.0,"key":"The Courier"},{"floor":41.0,"key":"Anchor"}],"event_choices":[{"damage_healed":0.0,"max_hp_gain":0.0,"max_hp_loss":0.0,"gold_gain":75.0,"event_name":"World of Goop","player_choice":"Gather Gold","floor":2.0,"gold_loss":0.0,"damage_taken":11.0},{"damage_healed":0.0,"max_hp_gain":0.0,"max_hp_loss":0.0,"gold_gain":0.0,"cards_transformed":["Strike_G"],"event_name":"Transmorgrifier","player_choice":"Transformed","floor":4.0,"gold_loss":0.0,"damage_taken":0.0,"cards_obtained":["Choke"]},{"cards_removed":["Choke"],"damage_healed":0.0,"max_hp_gain":0.0,"max_hp_loss":0.0,"gold_gain":0.0,"event_name":"Beggar","player_choice":"Gave Gold","floor":20.0,"gold_loss":75.0,"damage_taken":0.0},{"damage_healed":0.0,"max_hp_gain":0.0,"max_hp_loss":0.0,"gold_gain":0.0,"event_name":"Cursed Tome","player_choice":"Obtained Book","floor":21.0,"gold_loss":0.0,"damage_taken":21.0},{"damage_healed":0.0,"max_hp_gain":0.0,"max_hp_loss":0.0,"gold_gain":0.0,"cards_transformed":["Noxious Fumes","Poisoned Stab"],"event_name":"Drug Dealer","player_choice":"Became Test Subject","floor":22.0,"gold_loss":0.0,"damage_taken":0.0,"cards_obtained":["Adrenaline","Predator"]},{"damage_healed":0.0,"max_hp_gain":0.0,"max_hp_loss":0.0,"gold_gain":50.0,"event_name":"Nest","player_choice":"Stole From Cult","floor":31.0,"gold_loss":0.0,"damage_taken":0.0}],"is_beta":false,"boss_relics":[{"not_picked":["SlaversCollar","Runic Pyramid"],"picked":"Pandora\u0027s Box"},{"not_picked":["Black Star","Philosopher\u0027s Stone"],"picked":"SacredBark"}],"items_purged_floors":[37,42],"is_endless":false,"potions_floor_spawned":[1,5,11,12,13,16,19,27,28,35,36,39],"killed_by":"Nemesis","ascension_level":20}}