{"host":"9kcqr6gvt9348rwr","time":1612108601,"event":{"mods":["Act Like it!","Alarm Clock","BaseMod","Better Third Choice","Better Vampires","BetterRewards","Colored Map","Colored Powertips","Conspire","Curses Come First","Highlight Path","Ironclad Rager","Minty Spire (QoL Compilation)","Pale of the Ancients","Rare Cards Sparkle","Relic Sorter","Reliquary","Shop Mod","Spicy Shops","StSLib","[功能]功能增强和修复MOD"],"gold_per_floor":[561,123,550,927,162,162,622,622,693,720,720,671,699,1214,1214,2983,2483,2829,3160,1989,2317,1265,1265,1265,1265,1289,1314,1781,1781,758,1213,1213,2964,2964,3431,3481,3989,2711,2727,2752,1617,1628,1628,1655,1675,1675,1694,1708,1708,1708,1708,1708,698,726,726],"floor_reached":56,"language":"ZHS","playtime":5905,"items_purged":["Strike_P","Strike_P","Defend_P","Defend_P","Defend_P","Defend_P","Strike_P","Strike_P","Eruption","EmptyFist","EmptyMind","PathToVictory","Prostrate","FollowUp+1"],"score":1814,"play_id":"5712361a-85ff-4a2f-9aff-fe4e6ba264dc","local_time":"20210131235641","is_ascension_mode":false,"campfire_choices":[{"data":"Scrawl","floor":6.0,"key":"SMITH"},{"floor":8.0,"key":"RECALL"},{"data":"Tantrum","floor":11.0,"key":"SMITH"},{"data":"DevaForm","floor":15.0,"key":"SMITH"},{"data":"LessonLearned","floor":23.0,"key":"SMITH"},{"data":"DeusExMachina","floor":25.0,"key":"SMITH"},{"data":"Vault","floor":29.0,"key":"SMITH"},{"data":"Omniscience","floor":32.0,"key":"SMITH"},{"data":"LessonLearned","floor":46,"key":"SMITH"},{"data":"EmptyBody","floor":49,"key":"SMITH"},{"data":"Prostrate","floor":52,"key":"SMITH"}],"circlet_count":0,"master_deck":["Vigilance+1","EmptyBody+1","Tantrum+1","ReachHeaven","Scrawl+1","FlurryOfBlows+1","DevaForm+1","PathToVictory+1","Worship+1","DeusExMachina+1","Devotion+1","Scrawl+1","Vault+1","Conclude+1","Perseverance+1","Master of Strategy+1","Pray","LessonLearned+1","Prostrate+1","Prostrate+1","CarveReality+1","PathToVictory+1","Adaptation+1","Omniscience+1","Wallop+1","FlurryOfBlows+1","Brilliance","LessonLearned+1","Brilliance","Devotion+1","LessonLearned+1","Swivel+1","Wallop+1","EmptyMind+1","DeusExMachina+1","Master of Strategy+1","Perseverance","DeceiveReality+1","EmptyMind+1","FlurryOfBlows","Perseverance","Prostrate+1","EmptyBody+1"],"relics":["PureWater","Vajra","Question Card","reliquary:SilkGlove","reliquary:PartyBalloon","Blood Vial","reliquary:Knoch","conspire:TreasureMap","MerchantsRug","reliquary:TridentHead","reliquary:RosewoodLute","reliquary:JackalopeAntler","Du-Vu Doll","Thread and Needle","TungstenRod","EctoplasmExtend","HandDrill","Omamori","reliquary:MudwinsCradle","Bottled Lightning","conspire:DeflatedDodgeball","Calipers","PreservedInsect","HornCleat","OrangePellets","Sling","Damaru","conspire:InfiniteJournal","Lizard Tail","Torii","Empty Cage","conspire:GiftBox","reliquary:QuartzCube","DollysMirror","Prayer Wheel","Juzu Bracelet","Pen Nib","reliquary:BoilingFlask","conspire:TopHat","reliquary:SharkskinSheath","InkBottle","reliquary:TuningFork","Gremlin Horn","Membership Card","reliquary:RosewoodLute","reliquary:ExpiredCoupon"],"acts_visited":["Exordium","TheCity","TheBeyond","TheEnding"],"potions_floor_usage":[42,42,42,47,54,55,55],"damage_taken":[{"damage":0.0,"enemies":"Small Slimes","floor":1.0,"turns":2.0},{"damage":0.0,"enemies":"2 Louse","floor":3.0,"turns":1.0},{"damage":0.0,"enemies":"Cultist","floor":4.0,"turns":2.0},{"damage":0.0,"enemies":"Red Slaver","floor":7.0,"turns":3.0},{"damage":0.0,"enemies":"3 Sentries","floor":10.0,"turns":2.0},{"damage":0.0,"enemies":"Lagavulin","floor":13.0,"turns":3.0},{"damage":0.0,"enemies":"2 Fungi Beasts","floor":14.0,"turns":2.0},{"damage":0.0,"enemies":"Slime Boss","floor":16.0,"turns":4.0},{"damage":0.0,"enemies":"Chosen","floor":18.0,"turns":5.0},{"damage":0.0,"enemies":"2 Thieves","floor":19.0,"turns":2.0},{"damage":5.0,"enemies":"Chosen and Byrds","floor":21.0,"turns":3.0},{"damage":0.0,"enemies":"Book of Stabbing","floor":27.0,"turns":3.0},{"damage":0.0,"enemies":"Snake Plant","floor":28.0,"turns":2.0},{"damage":0.0,"enemies":"3 Cultists","floor":31.0,"turns":3.0},{"damage":0.0,"enemies":"conspire:MysteriousRune","floor":33.0,"turns":4.0},{"damage":0.0,"enemies":"Orb Walker","floor":35.0,"turns":3.0},{"damage":12.0,"enemies":"Mind Bloom Boss Battle","floor":36.0,"turns":4.0},{"damage":18.0,"enemies":"3 Shapes","floor":37.0,"turns":2.0},{"damage":0,"enemies":"Spire Growth","floor":39,"turns":4},{"damage":19,"enemies":"Nemesis","floor":40,"turns":3},{"damage":0,"enemies":"Transient","floor":42,"turns":4},{"damage":0,"enemies":"Reptomancer","floor":44,"turns":3},{"damage":0,"enemies":"Jaw Worm Horde","floor":45,"turns":5},{"damage":0,"enemies":"Writhing Mass","floor":47,"turns":2},{"damage":7,"enemies":"Spire Growth","floor":48,"turns":3},{"damage":20,"enemies":"Time Eater","floor":50,"turns":4},{"damage":9,"enemies":"Shield and Spear","floor":54,"turns":4},{"damage":50,"enemies":"The Heart","floor":55,"turns":8}],"seed_played":"-1493780035474608812","potions_obtained":[{"floor":1.0,"key":"SpeedPotion"},{"floor":3.0,"key":"Fruit Juice"},{"floor":3.0,"key":"ColorlessPotion"},{"floor":4.0,"key":"Swift Potion"},{"floor":7.0,"key":"BottledMiracle"},{"floor":10.0,"key":"SneckoOil"},{"floor":10.0,"key":"ColorlessPotion"},{"floor":14.0,"key":"FearPotion"},{"floor":16.0,"key":"BlessingOfTheForge"},{"floor":19.0,"key":"Block Potion"},{"floor":21.0,"key":"AttackPotion"},{"floor":21.0,"key":"Weak Potion"},{"floor":27.0,"key":"conspire:TimeTravelPotion"},{"floor":28.0,"key":"Regen Potion"},{"floor":31.0,"key":"Block Potion"},{"floor":35.0,"key":"BlessingOfTheForge"},{"floor":37.0,"key":"SpeedPotion"},{"floor":39,"key":"Block Potion"},{"floor":40,"key":"BottledMiracle"},{"floor":40,"key":"Regen Potion"},{"floor":42,"key":"Fire Potion"},{"floor":44,"key":"Strength Potion"},{"floor":45,"key":"SneckoOil"},{"floor":48,"key":"Ancient Potion"}],"is_trial":false,"path_per_floor":["M","$","M","M","$","R","M","R","T","E","R","?","E","M","R","B",null,"M","M","$","M","$","R","?","R","T","E","M","R","$","M","R","B",null,"M","?","M","$","M","E","$","M","T","E","M","R","M","M","R","B",null,"R","$","E","B",null],"character_chosen":"WATCHER","items_purchased":["Question Card","reliquary:SilkGlove","reliquary:PartyBalloon","Blood Vial","reliquary:Knoch","Scrawl","Strawberry","conspire:TreasureMap","MerchantsRug","PathToVictory","Master of Strategy","HandDrill","Omamori","reliquary:MudwinsCradle","Bottled Lightning","Pray","EmptyMind","conspire:DeflatedDodgeball","Prostrate","PreservedInsect","HornCleat","OrangePellets","Sling","Damaru","Omniscience","reliquary:QuartzCube","DollysMirror","Prayer Wheel","Master of Strategy","PowerPotion","StancePotion","Perseverance","Pen Nib","reliquary:BoilingFlask","conspire:TopHat","FlurryOfBlows","Perseverance","reliquary:TuningFork","Gremlin Horn","Membership Card","reliquary:SculptingSteel","FairyPotion","Regen Potion"],"campfire_rested":0,"item_purchase_floors":[2,2,2,5,5,5,5,5,5,5,20,20,20,20,20,20,20,22,22,30,30,30,30,30,30,38,38,38,38,38,38,38,41,41,41,41,41,53,53,53,53,53,53],"current_hp_per_floor":[72,72,77,77,84,84,84,84,84,84,84,84,84,84,84,84,84,84,84,84,79,79,79,79,79,79,81,83,83,83,84,84,84,84,84,84,66,66,68,51,51,71,71,73,75,75,77,72,72,54,84,84,84,75,42],"gold":726,"neow_bonus":"","is_daily":false,"chose_seed":false,"campfire_upgraded":10,"win_rate":0.0,"timestamp":1612108601,"path_taken":["M","$","M","M","$","R","M","R","T","E","R","?","E","M","R","BOSS","M","M","$","M","$","R","?","R","T","E","?","R","?","M","R","BOSS","M","?","M","$","M","E","$","M","T","E","M","R","M","M","R","BOSS","R","$","E","BOSS"],"items_purchased_type":["Relic","Relic","Relic","Relic","Relic","Card","Relic","Relic","Relic","Card","Card","Relic","Relic","Relic","Relic","Card","Card","Relic","Card","Relic","Relic","Relic","Relic","Relic","Card","Relic","Relic","Relic","Card","Potion","Potion","Card","Relic","Relic","Relic","Card","Card","Relic","Relic","Relic","Relic","Potion","Potion"],"build_version":"2020-12-22","purchased_purges":14,"victory":true,"max_hp_per_floor":[72,72,77,77,84,84,84,84,84,84,84,84,84,84,84,84,84,84,84,84,84,84,84,84,84,84,84,84,84,84,84,84,84,84,84,84,84,84,84,84,84,84,84,84,84,84,84,84,84,84,84,84,84,84,84],"card_choices":[{"not_picked":["CutThroughFate","InnerPeace"],"picked":"EmptyFist","floor":1.0},{"not_picked":["PathToVictory","Omniscience"],"picked":"EmptyBody","floor":1.0},{"not_picked":["BowlingBash","FollowUp","MasterReality"],"picked":"EmptyFist","floor":3.0},{"not_picked":["PathToVictory","Wallop","Swivel"],"picked":"Tantrum","floor":3.0},{"not_picked":["FlyingSleeves","Collect","LikeWater"],"picked":"FollowUp","floor":4.0},{"not_picked":["LikeWater","Worship","CutThroughFate"],"picked":"ReachHeaven","floor":4.0},{"not_picked":["EmptyMind","Evaluate","CutThroughFate"],"picked":"FlurryOfBlows","floor":7.0},{"not_picked":["ThirdEye","Protect","FlyingSleeves","ClearTheMind"],"picked":"SKIP","floor":7.0},{"not_picked":["Establishment","Evaluate","ThirdEye"],"picked":"Prostrate","floor":10.0},{"not_picked":["EmptyBody","Study","Indignation"],"picked":"DevaForm","floor":13.0},{"not_picked":["Crescendo","EmptyFist","FlyingSleeves"],"picked":"PathToVictory","floor":14.0},{"not_picked":["Study","EmptyFist","CutThroughFate"],"picked":"Worship","floor":14.0},{"not_picked":["MasterReality","Blasphemy","DevaForm"],"picked":"DeusExMachina","floor":16.0},{"not_picked":["Omniscience","DevaForm","DeusExMachina"],"picked":"Devotion","floor":16.0},{"not_picked":["Brilliance","MasterReality","Vault"],"picked":"Scrawl","floor":16.0},{"not_picked":["MasterReality","Brilliance","ConjureBlade"],"picked":"Vault","floor":16.0},{"not_picked":["InnerPeace","CrushJoints","BowlingBash"],"picked":"Conclude+1","floor":18.0},{"not_picked":["Indignation+1","ClearTheMind","Sanctity+1"],"picked":"Perseverance","floor":18.0},{"not_picked":["Sanctity","Consecrate","CutThroughFate","SignatureMove"],"picked":"SKIP","floor":19.0},{"not_picked":["CarveReality","WreathOfFlame+1","WheelKick","Collect"],"picked":"SKIP","floor":19.0},{"not_picked":["EmptyBody","Perseverance","Pray"],"picked":"LessonLearned","floor":21.0},{"not_picked":["BowlingBash","FlyingSleeves","EmptyFist+1"],"picked":"Prostrate","floor":21.0},{"not_picked":["FollowUp","SashWhip","InnerPeace+1"],"picked":"CarveReality+1","floor":27.0},{"not_picked":["BattleHymn","WheelKick+1","Protect"],"picked":"PathToVictory+1","floor":28.0},{"not_picked":["FollowUp","ClearTheMind+1","JustLucky"],"picked":"Adaptation","floor":28.0},{"not_picked":["Prostrate","WindmillStrike","FollowUp+1"],"picked":"Wallop+1","floor":31.0},{"not_picked":["DeceiveReality","Indignation","Blasphemy"],"picked":"FlurryOfBlows","floor":31.0},{"not_picked":["Establishment","Vault","Devotion"],"picked":"Brilliance","floor":33.0},{"not_picked":["Omniscience","MasterReality","Blasphemy"],"picked":"LessonLearned","floor":33.0},{"not_picked":["Establishment","DevaForm","Scrawl"],"picked":"Brilliance","floor":33.0},{"not_picked":["Vault","ConjureBlade","MasterReality"],"picked":"Devotion","floor":33.0},{"not_picked":["ThirdEye","Crescendo","InnerPeace","EmptyBody"],"picked":"SKIP","floor":35.0},{"not_picked":["CutThroughFate+1","BowlingBash","EmptyFist","FlyingSleeves"],"picked":"SKIP","floor":35.0},{"not_picked":["ConjureBlade","Judgement","DeusExMachina"],"picked":"LessonLearned","floor":36.0},{"not_picked":["Consecrate","FollowUp+1","ThirdEye"],"picked":"Swivel+1","floor":36.0},{"not_picked":["Adaptation","Halt+1","Sanctity+1"],"picked":"Wallop+1","floor":37.0},{"not_picked":["FlurryOfBlows+1","PathToVictory+1","Devotion"],"picked":"EmptyMind+1","floor":37.0},{"not_picked":["Worship","FlyingSleeves","TalkToTheHand"],"picked":"DeceiveReality+1","floor":39},{"not_picked":["Swivel","LikeWater","ClearTheMind+1"],"picked":"EmptyMind+1","floor":39},{"not_picked":["WheelKick","FollowUp","Consecrate","CrushJoints+1"],"picked":"SKIP","floor":40},{"not_picked":["ClearTheMind+1","Evaluate+1","Protect+1"],"picked":"Prostrate+1","floor":42},{"not_picked":["CrushJoints","Vengeance","FearNoEvil","LikeWater"],"picked":"SKIP","floor":42},{"not_picked":["ClearTheMind+1","LikeWater","EmptyFist"],"picked":"FollowUp+1","floor":44},{"not_picked":["Vengeance","SashWhip","Collect+1","JustLucky+1"],"picked":"SKIP","floor":45},{"not_picked":["CutThroughFate+1","Meditate+1","FlyingSleeves+1","ConjureBlade"],"picked":"SKIP","floor":45},{"not_picked":["Crescendo+1","BowlingBash+1","SashWhip","Indignation"],"picked":"SKIP","floor":47},{"not_picked":["JustLucky+1","SandsOfTime","CutThroughFate+1","Evaluate+1"],"picked":"SKIP","floor":47},{"not_picked":["CutThroughFate","MasterReality","Halt+1"],"picked":"EmptyBody","floor":48},{"not_picked":["Protect+1","CrushJoints","FollowUp+1","WindmillStrike+1"],"picked":"SKIP","floor":48},{"not_picked":["Evaluate","EmptyFist+1","Weave","Consecrate+1"],"picked":"SKIP","floor":54}],"player_experience":26097,"relics_obtained":[{"floor":9.0,"key":"reliquary:TridentHead"},{"floor":10.0,"key":"reliquary:RosewoodLute"},{"floor":13.0,"key":"reliquary:JackalopeAntler"},{"floor":16.0,"key":"Du-Vu Doll"},{"floor":16.0,"key":"Thread and Needle"},{"floor":16.0,"key":"TungstenRod"},{"floor":27.0,"key":"Calipers"},{"floor":33.0,"key":"conspire:InfiniteJournal"},{"floor":33.0,"key":"Lizard Tail"},{"floor":33.0,"key":"Torii"},{"floor":36.0,"key":"conspire:GiftBox"},{"floor":40,"key":"Juzu Bracelet"},{"floor":43,"key":"reliquary:SharkskinSheath"},{"floor":44,"key":"InkBottle"},{"floor":54,"key":"reliquary:ExpiredCoupon"}],"event_choices":[{"damage_healed":0.0,"max_hp_gain":0.0,"max_hp_loss":0.0,"gold_gain":0.0,"event_name":"betterThird:BetterGoop","player_choice":"Left","floor":12.0,"gold_loss":49.0,"damage_taken":0.0},{"damage_healed":0.0,"max_hp_gain":0.0,"max_hp_loss":0.0,"gold_gain":0.0,"event_name":"Accursed Blacksmith","player_choice":"Forge","floor":24.0,"gold_loss":0.0,"damage_taken":0.0,"cards_upgraded":["Devotion"]},{"damage_healed":0.0,"max_hp_gain":0.0,"max_hp_loss":0.0,"gold_gain":0.0,"event_name":"MindBloom","player_choice":"Fight","floor":36.0,"gold_loss":0.0,"damage_taken":0.0}],"is_beta":false,"boss_relics":[{"not_picked":["Runic Pyramid","reliquary:RedCape"],"picked":"EctoplasmExtend"},{"not_picked":["conspire:SeveredTorchhead","Runic Dome"],"picked":"Empty Cage"}],"items_purged_floors":[5,5,20,20,22,22,22,22,30,38,41,41,53,53],"is_endless":false,"potions_floor_spawned":[1,3,3,4,4,7,7,7,10,10,13,14,16,18,18,19,21,21,21,27,28,31,31,35,35,37,39,39,40,40,42,44,45,48],"ascension_level":0}}