{"host":"ih7ofq2zpufcoifs","time":1612103692,"event":{"mods":["BaseMod","Colored Map","Minty Spire (QoL Compilation)"],"gold_per_floor":[118,128,147,161,5,30,30,45,114,125,135,135,135,135,135,211,211,224,139,157,171,171,171,206,206,254,254,285,285,305,321,321,396,396,406,83,83,83,2,27,47,47,47,73,92,121,121,121,121,121,121,121,121,40,70,70,70],"floor_reached":56,"language":"ENG","playtime":6226,"items_purged":["Strike_G","Strike_G"],"score":2075,"play_id":"4c6b6fc6-fa06-4d9e-a0f3-ce052db1fa57","local_time":"20210201003452","is_ascension_mode":true,"campfire_choices":[{"data":"Crippling Poison","floor":7.0,"key":"SMITH"},{"data":"Catalyst","floor":12.0,"key":"SMITH"},{"floor":15.0,"key":"REST"},{"floor":23.0,"key":"REST"},{"floor":25.0,"key":"REST"},{"floor":27.0,"key":"REST"},{"floor":32.0,"key":"RECALL"},{"floor":42.0,"key":"REST"},{"floor":47.0,"key":"REST"},{"floor":49.0,"key":"REST"},{"floor":53.0,"key":"REST"}],"circlet_count":0,"master_deck":["AscendersBane","Strike_G","Strike_G","Defend_G","Defend_G","Defend_G","Defend_G","Survivor","Neutralize","Crippling Poison+1","Poisoned Stab","Dagger Throw","Night Terror","Deadly Poison","Bane","Catalyst+1","PiercingWail","Malaise","Acrobatics","Crippling Poison","Venomology","Adrenaline","Ghostly","Ghostly","Ghostly","Acrobatics+1","Dagger Throw","Venomology","Bouncing Flask+1","Dagger Throw","Calculated Gamble","PiercingWail+1","Calculated Gamble","After Image","Footwork"],"relics":["Ring of the Snake","StoneCalendar","Pocketwatch","Singing Bowl","Fusion Hammer","Torii","MealTicket","Bag of Preparation","Juzu Bracelet","SacredBark","Orrery","Shuriken","InkBottle","Calipers","FossilizedHelix","Strawberry"],"acts_visited":["Exordium","TheCity","TheBeyond","TheEnding"],"potions_floor_usage":[56,56,56],"damage_taken":[{"damage":13.0,"enemies":"Cultist","floor":1.0,"turns":6.0},{"damage":12.0,"enemies":"Jaw Worm","floor":2.0,"turns":6.0},{"damage":0.0,"enemies":"2 Louse","floor":3.0,"turns":2.0},{"damage":1.0,"enemies":"Blue Slaver","floor":4.0,"turns":6.0},{"damage":8.0,"enemies":"Gremlin Nob","floor":6.0,"turns":3.0},{"damage":1.0,"enemies":"2 Fungi Beasts","floor":8.0,"turns":3.0},{"damage":1.0,"enemies":"Exordium Thugs","floor":10.0,"turns":4.0},{"damage":6.0,"enemies":"Red Slaver","floor":11.0,"turns":3.0},{"damage":5.0,"enemies":"Hexaghost","floor":16.0,"turns":7.0},{"damage":18.0,"enemies":"2 Thieves","floor":18.0,"turns":4.0},{"damage":0.0,"enemies":"Spheric Guardian","floor":20.0,"turns":3.0},{"damage":16.0,"enemies":"Centurion and Healer","floor":21.0,"turns":6.0},{"damage":15.0,"enemies":"Gremlin Leader","floor":24.0,"turns":7.0},{"damage":19.0,"enemies":"Slavers","floor":28.0,"turns":5.0},{"damage":1.0,"enemies":"Snecko","floor":30.0,"turns":4.0},{"damage":3.0,"enemies":"Snake Plant","floor":31.0,"turns":3.0},{"damage":3.0,"enemies":"Collector","floor":33.0,"turns":8.0},{"damage":0.0,"enemies":"Orb Walker","floor":35.0,"turns":5.0},{"damage":18.0,"enemies":"Reptomancer","floor":40.0,"turns":6.0},{"damage":1.0,"enemies":"3 Shapes","floor":41.0,"turns":6.0},{"damage":1.0,"enemies":"Nemesis","floor":44.0,"turns":7.0},{"damage":2.0,"enemies":"Transient","floor":45.0,"turns":6.0},{"damage":9.0,"enemies":"Giant Head","floor":46.0,"turns":6.0},{"damage":21.0,"enemies":"Donu and Deca","floor":50.0,"turns":13.0},{"damage":0.0,"enemies":"Time Eater","floor":51.0,"turns":17.0},{"damage":31.0,"enemies":"Shield and Spear","floor":55.0,"turns":8.0},{"damage":31,"enemies":"The Heart","floor":56,"turns":9}],"seed_played":"6980181858508980386","potions_obtained":[{"floor":1.0,"key":"LiquidMemories"},{"floor":2.0,"key":"LiquidMemories"},{"floor":4.0,"key":"FearPotion"},{"floor":10.0,"key":"ColorlessPotion"},{"floor":16.0,"key":"ColorlessPotion"},{"floor":24.0,"key":"FearPotion"},{"floor":28.0,"key":"BlessingOfTheForge"},{"floor":31.0,"key":"CunningPotion"},{"floor":33.0,"key":"Swift Potion"}],"is_trial":false,"path_per_floor":["M","M","M","M","$","E","R","M","T","M","M","R","?","?","R","B",null,"M","?","M","M","?","R","E","R","T","R","E","?","M","M","R","B",null,"M","$","?","?","$","E","M","R","T","E","M","E","R","?","R","B","B",null,"R","$","E","B"],"character_chosen":"THE_SILENT","items_purchased":["Deadly Poison","Bane","Orrery","PowerPotion","Calculated Gamble","LiquidBronze"],"campfire_rested":8,"item_purchase_floors":[5,5,36,36,39,54],"current_hp_per_floor":[46,34,34,33,33,25,25,24,24,23,17,17,10,10,28,23,51,33,33,33,17,1,20,7,27,27,47,28,28,27,24,24,21,30,32,41,41,41,41,23,24,36,36,35,33,26,39,39,43,22,22,38,43,43,19,0,0],"gold":70,"neow_bonus":"ONE_RARE_RELIC","is_daily":false,"chose_seed":false,"campfire_upgraded":2,"win_rate":0.0,"timestamp":1612103692,"path_taken":["M","M","M","M","$","E","R","M","T","?","M","R","?","?","R","BOSS","M","?","M","M","?","R","E","R","T","R","E","?","M","M","R","BOSS","M","$","?","?","?","E","M","R","T","E","M","E","R","?","R","BOSS","BOSS","R","$","E","BOSS"],"items_purchased_type":["Card","Card","Relic","Potion","Card","Potion"],"build_version":"2020-12-22","purchased_purges":2,"victory":false,"max_hp_per_floor":[60,60,60,60,60,60,60,60,60,60,60,60,60,60,60,60,60,60,60,60,60,65,65,67,67,67,67,67,33,33,33,33,33,33,35,41,41,41,41,41,43,43,43,43,43,45,45,43,43,43,43,43,43,43,50,50,50],"card_choices":[{"not_picked":["Cloak And Dagger","Masterful Stab"],"picked":"Crippling Poison","floor":1.0},{"not_picked":["Acrobatics","Riddle With Holes"],"picked":"Poisoned Stab","floor":2.0},{"not_picked":["Flying Knee","Outmaneuver"],"picked":"Dagger Throw","floor":3.0},{"not_picked":["Flying Knee","Flechettes"],"picked":"Night Terror","floor":4.0},{"not_picked":["Prepared","Choke","Terror"],"picked":"SKIP","floor":6.0},{"not_picked":["Dagger Spray","Backstab","Acrobatics"],"picked":"SKIP","floor":8.0},{"not_picked":["Crippling Poison","Deflect"],"picked":"Catalyst","floor":10.0},{"not_picked":["Noxious Fumes","Backstab"],"picked":"PiercingWail","floor":11.0},{"not_picked":["Tools of the Trade","Die Die Die"],"picked":"Malaise","floor":16.0},{"not_picked":["Bane","Blur"],"picked":"Acrobatics","floor":18.0},{"not_picked":["Poisoned Stab","Quick Slash"],"picked":"Crippling Poison","floor":20.0},{"not_picked":["Acrobatics","Dodge and Roll"],"picked":"Venomology","floor":21.0},{"not_picked":["Doppelganger","Cloak And Dagger","Masterful Stab+1"],"picked":"Singing Bowl","floor":24.0},{"not_picked":["Poisoned Stab","Cloak And Dagger"],"picked":"Adrenaline","floor":28.0},{"not_picked":["Heel Hook","Outmaneuver+1"],"picked":"Acrobatics+1","floor":30.0},{"not_picked":["Blade Dance","Backstab+1"],"picked":"Dagger Throw","floor":31.0},{"not_picked":["Die Die Die","Malaise"],"picked":"Venomology","floor":33.0},{"not_picked":["Poisoned Stab","Setup","Riddle With Holes"],"picked":"Singing Bowl","floor":35.0},{"not_picked":["Bane","Slice+1","Terror"],"picked":"Singing Bowl","floor":36.0},{"not_picked":["Backflip+1","Endless Agony"],"picked":"Bouncing Flask+1","floor":36.0},{"not_picked":["Prepared","Backflip","Predator"],"picked":"Singing Bowl","floor":36.0},{"not_picked":["Deadly Poison","Blur"],"picked":"Dagger Throw","floor":36.0},{"not_picked":["Outmaneuver","Bane","Infinite Blades"],"picked":"Singing Bowl","floor":36.0},{"not_picked":["Bane","A Thousand Cuts"],"picked":"PiercingWail+1","floor":40.0},{"not_picked":["Deadly Poison","Dagger Throw","Sucker Punch"],"picked":"Singing Bowl","floor":41.0},{"not_picked":["Prepared","Accuracy"],"picked":"Calculated Gamble","floor":44.0},{"not_picked":["Outmaneuver","Well Laid Plans+1"],"picked":"After Image","floor":45.0},{"not_picked":["Bane","Acrobatics","Dagger Throw"],"picked":"Singing Bowl","floor":46.0},{"not_picked":["Bane+1","Poisoned Stab+1"],"picked":"Footwork","floor":55.0}],"player_experience":484475,"relics_obtained":[{"floor":6.0,"key":"Pocketwatch"},{"floor":9.0,"key":"Singing Bowl"},{"floor":24.0,"key":"MealTicket"},{"floor":26.0,"key":"Bag of Preparation"},{"floor":28.0,"key":"Juzu Bracelet"},{"floor":40.0,"key":"InkBottle"},{"floor":44.0,"key":"Calipers"},{"floor":46.0,"key":"FossilizedHelix"},{"floor":55.0,"key":"Strawberry"}],"event_choices":[{"cards_removed":["Strike_G"],"damage_healed":0.0,"max_hp_gain":0.0,"max_hp_loss":0.0,"gold_gain":0.0,"event_name":"Golden Wing","player_choice":"Card Removal","floor":13.0,"gold_loss":0.0,"damage_taken":7.0},{"cards_removed":["Defend_G"],"damage_healed":0.0,"max_hp_gain":0.0,"max_hp_loss":0.0,"gold_gain":0.0,"event_name":"Living Wall","player_choice":"Forget","floor":14.0,"gold_loss":0.0,"damage_taken":0.0},{"damage_healed":0.0,"max_hp_gain":0.0,"max_hp_loss":0.0,"gold_gain":0.0,"event_name":"Addict","player_choice":"Obtained Relic","floor":19.0,"gold_loss":85.0,"damage_taken":0.0,"relics_obtained":["Torii"]},{"damage_healed":0.0,"max_hp_gain":5.0,"max_hp_loss":0.0,"gold_gain":0.0,"event_name":"Forgotten Altar","player_choice":"Shed Blood","floor":22.0,"gold_loss":0.0,"damage_taken":21.0},{"damage_healed":0.0,"max_hp_gain":0.0,"max_hp_loss":34.0,"gold_gain":0.0,"event_name":"Ghosts","player_choice":"Became a Ghost","floor":29.0,"gold_loss":0.0,"damage_taken":0.0,"cards_obtained":["Ghostly","Ghostly","Ghostly"]},{"damage_healed":0.0,"max_hp_gain":0.0,"max_hp_loss":0.0,"gold_gain":0.0,"event_name":"Match and Keep!","player_choice":"0 cards matched","floor":37.0,"gold_loss":0.0,"damage_taken":0.0,"cards_obtained":[]},{"damage_healed":0.0,"max_hp_gain":0.0,"max_hp_loss":0.0,"gold_gain":0.0,"event_name":"WeMeetAgain","player_choice":"Gave Potion","floor":38.0,"gold_loss":0.0,"damage_taken":0.0,"relics_obtained":["Shuriken"]},{"damage_healed":0.0,"max_hp_gain":0.0,"max_hp_loss":2.0,"gold_gain":0.0,"event_name":"Winding Halls","player_choice":"Max HP","floor":48.0,"gold_loss":0.0,"damage_taken":0.0}],"is_beta":false,"boss_relics":[{"not_picked":["Tiny House","Calling Bell"],"picked":"Fusion Hammer"},{"not_picked":["Snecko Eye","Ring of the Serpent"],"picked":"SacredBark"}],"items_purged_floors":[5,36],"is_endless":false,"potions_floor_spawned":[1,2,4,10,16,24,28,31,33,41,45],"killed_by":"The Heart","ascension_level":20}}