{"host":"b9id4afcchnn1rfb","time":1612117217,"event":{"mods":["Act Like it!","BaseMod","Better Note","Colored Map","Colored Powertips","Hallownest","Hermit","Infinite Spire","Minty Spire (QoL Compilation)","StSLib","SuperFastMode","The Death Knight","The Necromancer"],"gold_per_floor":[116,116,135,149,16,16,56,56,126,150,150,181,181,221,221,221,221],"floor_reached":16,"language":"ENG","playtime":333,"items_purged":[],"score":177,"play_id":"3833eb35-f29d-468b-a894-28fcdf80935c","local_time":"20210131192017","is_ascension_mode":true,"campfire_choices":[{"data":"Sunder","floor":6,"key":"SMITH"},{"floor":8,"key":"REST"},{"data":"Double Energy","floor":11,"key":"SMITH"},{"floor":13,"key":"REST"},{"floor":15,"key":"REST"}],"circlet_count":0,"master_deck":["AscendersBane","Strike_B","Strike_B","Strike_B","Strike_B","Defend_B","Defend_B","Defend_B","Defend_B","Zap","Dualcast","Sunder+1","Sweeping Beam","Double Energy+1","Conserve Battery","Storm","FTL","Static Discharge"],"relics":["Cracked Core","Golden Idol","Nunchaku","Singing Bowl","Peace Pipe","infinitespire:Lucky Rock"],"acts_visited":["Exordium"],"potions_floor_usage":[14,16],"damage_taken":[{"damage":6,"enemies":"Small Slimes","floor":1,"turns":3},{"damage":2,"enemies":"2 Louse","floor":3,"turns":2},{"damage":7,"enemies":"Jaw Worm","floor":4,"turns":3},{"damage":23,"enemies":"3 Sentries","floor":7,"turns":5},{"damage":0,"enemies":"Large Slime","floor":10,"turns":5},{"damage":33,"enemies":"Lagavulin","floor":12,"turns":6},{"damage":18,"enemies":"Gremlin Nob","floor":14,"turns":4},{"damage":45,"enemies":"Hexaghost","floor":16,"turns":9}],"seed_played":"-3356180333224262368","potions_obtained":[{"floor":1,"key":"SteroidPotion"},{"floor":10,"key":"SteroidPotion"},{"floor":14,"key":"SteroidPotion"}],"is_trial":false,"path_per_floor":["M","?","M","M","$","R","E","R","T","M","R","E","R","E","R","B"],"character_chosen":"DEFECT","items_purchased":["Conserve Battery","Storm"],"campfire_rested":3,"item_purchase_floors":[5,5],"current_hp_per_floor":[69,49,47,40,40,40,17,41,41,43,43,10,35,19,44,0,0],"gold":221,"neow_bonus":"TEN_PERCENT_HP_BONUS","is_daily":false,"chose_seed":false,"campfire_upgraded":2,"win_rate":0.0,"timestamp":1612117217,"path_taken":["M","?","M","M","$","R","E","R","T","M","R","E","R","E","R","BOSS"],"items_purchased_type":["Card","Card"],"build_version":"2020-12-22","purchased_purges":0,"victory":false,"max_hp_per_floor":[82,82,82,82,82,82,82,82,82,84,84,84,84,86,86,86,86],"card_choices":[{"not_picked":["Gash","Go for the Eyes"],"picked":"Sunder","floor":1},{"not_picked":["Undo","Reprogram"],"picked":"Sweeping Beam","floor":3},{"not_picked":["Redo","Rip and Tear"],"picked":"Double Energy","floor":4},{"not_picked":["Steam","Fusion"],"picked":"FTL","floor":7},{"not_picked":["Undo","Tempest","Reprogram"],"picked":"Singing Bowl","floor":10},{"not_picked":["FTL","Go for the Eyes"],"picked":"Static Discharge","floor":12},{"not_picked":["Fusion","Gash","Redo"],"picked":"Singing Bowl","floor":14}],"player_experience":482037,"relics_obtained":[{"floor":7,"key":"Nunchaku"},{"floor":9,"key":"Singing Bowl"},{"floor":12,"key":"Peace Pipe"},{"floor":14,"key":"infinitespire:Lucky Rock"}],"event_choices":[{"damage_healed":0,"gold_gain":0,"player_choice":"Take Damage","damage_taken":20,"relics_obtained":["Golden Idol"],"max_hp_gain":0,"max_hp_loss":0,"event_name":"Golden Idol","floor":2,"gold_loss":0}],"is_beta":false,"boss_relics":[],"items_purged_floors":[],"is_endless":false,"potions_floor_spawned":[1,10,14],"killed_by":"Hexaghost","ascension_level":10}}