{"host":"dcj2yvrgcvh5dl2s","time":1612089478,"event":{"mods":["BaseMod","Bestiary","Better Note","Block Reminder","Colored Powertips","Curses Come First","DeckTracker","Minty Spire (QoL Compilation)","Quick Restart","Rare Cards Sparkle","Relic Stats","StSLib"],"gold_per_floor":[110,125,50,68,18,18,49,7,87,87,87,121,139,159,159,237,237,256,20,70,80,80,80],"floor_reached":22,"language":"ENG","playtime":549,"items_purged":["Strike_R"],"score":413,"play_id":"2d6f3422-f22b-4627-a404-650226055bd7","local_time":"20210131203758","is_ascension_mode":true,"campfire_choices":[{"data":"Pommel Strike","floor":6,"key":"SMITH"},{"data":"Bash","floor":11,"key":"SMITH"},{"floor":15,"key":"REST"}],"circlet_count":0,"master_deck":["AscendersBane","Strike_R","Strike_R","Strike_R","Defend_R","Defend_R","Defend_R","Defend_R","Bash+1","Cleave","Shrug It Off","Thunderclap","Pommel Strike+1","Shrug It Off","Body Slam","Sword Boomerang","Bludgeon","Limit Break","Shrug It Off","Good Instincts","Shrug It Off"],"relics":["Burning Blood","NeowsBlessing","Tiny Chest","Frozen Egg 2","FossilizedHelix","Busted Crown"],"acts_visited":["Exordium","TheCity"],"potions_floor_usage":[7,16],"damage_taken":[{"damage":0,"enemies":"Cultist","floor":1,"turns":1},{"damage":0,"enemies":"2 Louse","floor":2,"turns":1},{"damage":0,"enemies":"Jaw Worm","floor":4,"turns":1},{"damage":27,"enemies":"Lagavulin","floor":7,"turns":6},{"damage":56,"enemies":"Gremlin Nob","floor":12,"turns":5},{"damage":9,"enemies":"3 Louse","floor":13,"turns":4},{"damage":0,"enemies":"Blue Slaver","floor":14,"turns":3},{"damage":26,"enemies":"Slime Boss","floor":16,"turns":11},{"damage":16,"enemies":"Spheric Guardian","floor":18,"turns":4},{"damage":35,"enemies":"3 Byrds","floor":21,"turns":6},{"damage":22,"enemies":"Snecko","floor":22,"turns":4}],"seed_played":"-5502571902803181775","potions_obtained":[{"floor":1,"key":"Ancient Potion"},{"floor":4,"key":"Energy Potion"},{"floor":7,"key":"BlessingOfTheForge"}],"is_trial":false,"path_per_floor":["M","M","?","M","$","R","E","$","T","?","R","E","M","M","R","B",null,"M","$","?","M","M"],"character_chosen":"IRONCLAD","items_purchased":["Pommel Strike","Fire Breathing","Shrug It Off","Good Instincts"],"campfire_rested":1,"item_purchase_floors":[5,8,19,19],"current_hp_per_floor":[74,75,75,75,75,75,54,54,54,75,75,25,22,28,50,30,64,54,54,47,18,0,0],"gold":80,"neow_bonus":"THREE_ENEMY_KILL","is_daily":false,"chose_seed":false,"campfire_upgraded":2,"win_rate":0.0,"timestamp":1612089478,"path_taken":["M","?","?","M","$","R","E","$","T","?","R","E","M","M","R","BOSS","M","$","?","M","M"],"items_purchased_type":["Card","Card","Card","Card"],"build_version":"2020-12-22","purchased_purges":1,"victory":false,"max_hp_per_floor":[75,75,75,75,75,75,75,75,75,75,75,75,75,75,75,75,75,75,75,75,75,75,75],"relic_stats":{"Busted Crown":4,"counters":[11,46],"Tiny Chest":0,"obtain_stats":[{"Busted Crown":17,"NeowsBlessing":0,"Tiny Chest":7,"Frozen Egg 2":9,"Burning Blood":0,"FossilizedHelix":12},{"Busted Crown":8,"NeowsBlessing":0,"Tiny Chest":4,"Frozen Egg 2":4,"Burning Blood":0,"FossilizedHelix":5},{"Busted Crown":32,"NeowsBlessing":0,"Tiny Chest":9,"Frozen Egg 2":9,"Burning Blood":0,"FossilizedHelix":14}],"Burning Blood":49},"card_choices":[{"not_picked":["Rage","Clothesline"],"picked":"Cleave","floor":1},{"not_picked":["Cleave","Feel No Pain"],"picked":"Shrug It Off","floor":2},{"not_picked":["Havoc","Evolve"],"picked":"Thunderclap","floor":4},{"not_picked":["Anger","Headbutt"],"picked":"Shrug It Off","floor":7},{"not_picked":["Clothesline","Iron Wave"],"picked":"Body Slam","floor":12},{"not_picked":["Anger","Evolve+1"],"picked":"Sword Boomerang","floor":13},{"not_picked":["Bloodletting","Spot Weakness"],"picked":"Bludgeon","floor":14},{"not_picked":["Corruption+1","Berserk+1"],"picked":"Limit Break","floor":16},{"not_picked":["Clash"],"picked":"SKIP","floor":18},{"not_picked":[],"picked":"Shrug It Off","floor":21}],"player_experience":2314815,"relics_obtained":[{"floor":7,"key":"Tiny Chest"},{"floor":9,"key":"Frozen Egg 2"},{"floor":12,"key":"FossilizedHelix"}],"event_choices":[{"cards_removed":["Strike_R"],"damage_healed":0,"gold_gain":0,"player_choice":"Card Removal","damage_taken":0,"max_hp_gain":0,"max_hp_loss":0,"event_name":"The Cleric","floor":3,"gold_loss":75},{"cards_removed":["Fire Breathing"],"damage_healed":21,"gold_gain":0,"player_choice":"Offered Uncommon","damage_taken":0,"max_hp_gain":0,"max_hp_loss":0,"event_name":"Bonfire Elementals","floor":10,"gold_loss":0},{"damage_healed":0,"gold_gain":50,"player_choice":"Touch","damage_taken":7,"max_hp_gain":0,"max_hp_loss":0,"event_name":"FaceTrader","floor":20,"gold_loss":0}],"is_beta":false,"boss_relics":[{"not_picked":["Coffee Dripper","Pandora\u0027s Box"],"picked":"Busted Crown"}],"items_purged_floors":[19],"is_endless":false,"potions_floor_spawned":[1,4,7,13],"killed_by":"Snecko","ascension_level":20}}