{"host":"zw3x6hwkln2702ol","time":1612099848,"event":{"mods":["AchievementEnabler","BaseMod","Card Forge","Colored Map","Default Mod","Minty Spire (QoL Compilation)","StSLib","TestMod"],"gold_per_floor":[416,479,219,275,275,275,448,448,448,505,678,678,678,791,791,1124,1124,1234,1159,1190,1590,1590,1590,1789,1789,1789,1995,2095,2266,2504,263,263,766,766,875,875,875,1311,1515,1786,1786,2333,2384,2614,3630,4083,172,721,721,2105,2105,2105,223,560,1359],"floor_reached":56,"language":"ZHS","playtime":2391,"items_purged":["Strike_G","Defend_G","Normality","Strike_G"],"score":3355,"play_id":"fd88ccae-27e2-440d-946b-56dd51bc0906","local_time":"20210131213048","is_ascension_mode":true,"campfire_choices":[{"data":"testmod-Reflect","floor":6,"key":"SMITH"},{"data":"Calculated Gamble","floor":8,"key":"SMITH"},{"data":"A Thousand Cuts","floor":13,"key":"SMITH"},{"floor":15,"key":"RECALL"},{"data":"Blade Dance","floor":23,"key":"SMITH"},{"data":"Eviscerate","floor":25,"key":"SMITH"},{"data":"Acrobatics","floor":32,"key":"SMITH"},{"data":"Reflex","floor":41,"key":"SMITH"},{"floor":49,"key":"DIG"},{"floor":52,"key":"DIG"}],"circlet_count":0,"master_deck":["AscendersBane","Strike_G+1","Strike_G+1","Defend_G","Defend_G","Defend_G","Defend_G+1","Survivor+1","Neutralize","Calculated Gamble+1","Blade Dance+1","testmod-Reflect+1","Escape Plan","Acrobatics+1","A Thousand Cuts+1","Corpse Explosion","testmod-Reflect+1","Eviscerate+1","After Image","Reflex+1","Catalyst+1","Adrenaline+1","Master of Strategy+1","testmod-EternalityOfKhronos+1","Setup+1","Prepared+1","Parasite","Shame","testmod-AssimilatedRune+1"],"relics":["Ring of the Snake","Hammer of Thor","Seething Fire","Anvil of the Gods","zzy:PlaceholderRelic","testmod-TheFather","testmod-Hope","testmod-InfectionSource","Nunchaku","Sundial","testmod-Prudence","Pantograph","The Courier","Regal Pillow","Toxic Egg 2","Bronze Scales","Turnip","Bag of Marbles","testmod-RealStoneCalender","Bottled Tornado","StrikeDummy","testmod-Antiphasic","Bottled Flame","PreservedInsect","Centennial Puzzle","Potion Belt","Blue Candle","testmod-Charity","testmod-IncinerationGenerator","White Beast Statue","Paper Crane","MealTicket","testmod-Laevatain","Oddly Smooth Stone","ClockworkSouvenir","Akabeko","Bottled Lightning","Happy Flower","Mummified Hand","Kunai","Lantern","testmod-InjuryResistance","Bag of Preparation","Molten Egg 2","Ninja Scroll","Juzu Bracelet","Shuriken","Whetstone","Ancient Tea Set","testmod-LifeArmor","Singing Bowl","Shovel","Snake Skull","Vajra","War Paint","testmod-AssaultLearning","testmod-ArcanaOfDestiny","Letter Opener","InkBottle","Anchor","Art of War","TheAbacus","HornCleat","testmod-OneHitWonder","Mercury Hourglass","Boot","Orichalcum","StoneCalendar","Ornamental Fan","testmod-IndustrialRevolution"],"acts_visited":["Exordium","TheCity","TheBeyond","TheEnding"],"potions_floor_usage":[47,55,55],"damage_taken":[{"damage":0,"enemies":"Cultist","floor":1,"turns":2},{"damage":0,"enemies":"Small Slimes","floor":2,"turns":2},{"damage":0,"enemies":"Jaw Worm","floor":4,"turns":1},{"damage":0,"enemies":"Lagavulin","floor":7,"turns":4},{"damage":0,"enemies":"3 Louse","floor":10,"turns":2},{"damage":0,"enemies":"3 Sentries","floor":11,"turns":3},{"damage":21,"enemies":"Gremlin Nob","floor":14,"turns":4},{"damage":0,"enemies":"The Guardian","floor":16,"turns":4},{"damage":0,"enemies":"Chosen","floor":18,"turns":4},{"damage":0,"enemies":"Spheric Guardian","floor":20,"turns":3},{"damage":0,"enemies":"Book of Stabbing","floor":24,"turns":4},{"damage":0,"enemies":"Slavers","floor":27,"turns":2},{"damage":0,"enemies":"Snake Plant","floor":28,"turns":3},{"damage":0,"enemies":"Cultist and Chosen","floor":29,"turns":3},{"damage":0,"enemies":"Gremlin Leader","floor":30,"turns":3},{"damage":2,"enemies":"Automaton","floor":33,"turns":3},{"damage":0,"enemies":"3 Shapes","floor":35,"turns":2},{"damage":1,"enemies":"3 Darklings","floor":38,"turns":1},{"damage":0,"enemies":"Spire Growth","floor":39,"turns":2},{"damage":0,"enemies":"Reptomancer","floor":40,"turns":2},{"damage":0,"enemies":"Giant Head","floor":42,"turns":3},{"damage":0,"enemies":"Nemesis","floor":44,"turns":3},{"damage":0,"enemies":"Transient","floor":45,"turns":4},{"damage":3,"enemies":"3 Darklings","floor":46,"turns":2},{"damage":0,"enemies":"Giant Head","floor":48,"turns":1},{"damage":1,"enemies":"Awakened One","floor":50,"turns":3},{"damage":0,"enemies":"Shield and Spear","floor":54,"turns":1},{"damage":0,"enemies":"The Heart","floor":55,"turns":2}],"seed_played":"3087701518204352905","potions_obtained":[{"floor":4,"key":"Strength Potion"},{"floor":11,"key":"SteroidPotion"},{"floor":16,"key":"Weak Potion"},{"floor":33,"key":"Explosive Potion"},{"floor":35,"key":"Energy Potion"},{"floor":45,"key":"ColorlessPotion"},{"floor":46,"key":"EntropicBrew"},{"floor":48,"key":"ColorlessPotion"},{"floor":54,"key":"FearPotion"}],"is_trial":false,"path_per_floor":["M","M","$","M","?","R","E","R","T","M","E","?","R","E","R","B",null,"M","?","M","?","?","R","E","R","T","E","M","M","E","$","R","B",null,"M","?","?","M","M","E","R","E","T","E","M","M","$","E","R","B",null,"R","$","E","B",null],"character_chosen":"THE_SILENT","items_purchased":["testmod-Reflect","Bronze Scales","Turnip","Bag of Marbles","testmod-RealStoneCalender","Bottled Tornado","StrikeDummy","testmod-Antiphasic","Bottled Flame","PreservedInsect","Centennial Puzzle","Potion Belt","Blue Candle","testmod-Charity","Oddly Smooth Stone","ClockworkSouvenir","Akabeko","Bottled Lightning","Happy Flower","Mummified Hand","Kunai","Lantern","testmod-InjuryResistance","Bag of Preparation","Molten Egg 2","Ninja Scroll","Juzu Bracelet","Shuriken","Whetstone","Ancient Tea Set","testmod-LifeArmor","Singing Bowl","Shovel","Snake Skull","Vajra","War Paint","testmod-AssaultLearning","testmod-ArcanaOfDestiny","testmod-SpacePotion","Anchor","Art of War","TheAbacus","HornCleat","testmod-OneHitWonder","Mercury Hourglass","Boot","Orichalcum","StoneCalendar","Ornamental Fan","testmod-AssimilatedRune+1"],"campfire_rested":0,"item_purchase_floors":[3,31,31,31,31,31,31,31,31,31,31,31,31,31,47,47,47,47,47,47,47,47,47,47,47,47,47,47,47,47,47,47,47,47,47,47,47,47,47,53,53,53,53,53,53,53,53,53,53,53],"current_hp_per_floor":[59,59,59,59,64,64,64,64,64,64,64,61,61,46,46,46,62,62,62,62,62,62,62,62,62,62,62,62,62,62,62,62,89,91,102,102,93,109,116,132,132,136,137,140,156,177,191,195,195,236,237,237,237,251,252],"gold":1359,"neow_bonus":"TWO_FIFTY_GOLD","is_daily":false,"chose_seed":false,"campfire_upgraded":7,"win_rate":0.0,"timestamp":1612099848,"path_taken":["M","?","$","M","?","R","E","R","T","M","E","?","R","E","R","BOSS","M","?","M","?","?","R","E","R","T","E","M","M","E","$","R","BOSS","M","?","?","M","M","E","R","E","T","E","M","M","$","E","R","BOSS","R","$","E","BOSS"],"items_purchased_type":["Card","Relic","Relic","Relic","Relic","Relic","Relic","Relic","Relic","Relic","Relic","Relic","Relic","Relic","Relic","Relic","Relic","Relic","Relic","Relic","Relic","Relic","Relic","Relic","Relic","Relic","Relic","Relic","Relic","Relic","Relic","Relic","Relic","Relic","Relic","Relic","Relic","Relic","Potion","Relic","Relic","Relic","Relic","Relic","Relic","Relic","Relic","Relic","Relic","Card"],"build_version":"2020-12-22","purchased_purges":4,"victory":true,"max_hp_per_floor":[60,60,60,60,65,65,65,65,65,65,65,66,66,67,67,67,67,67,67,67,67,67,67,67,67,67,67,67,67,67,67,67,91,91,102,102,103,120,127,143,143,147,148,151,167,191,191,195,195,237,237,237,237,251,252],"card_choices":[{"not_picked":["Dagger Throw","PiercingWail"],"picked":"Calculated Gamble","floor":1},{"not_picked":["Slice","Dodge and Roll"],"picked":"Blade Dance","floor":2},{"not_picked":["PiercingWail","Slice"],"picked":"Escape Plan","floor":4},{"not_picked":["Underhanded Strike","Choke","Dagger Throw"],"picked":"SKIP","floor":7},{"not_picked":["Deflect","Flying Knee"],"picked":"Acrobatics","floor":10},{"not_picked":["Masterful Stab","Sucker Punch"],"picked":"A Thousand Cuts","floor":11},{"not_picked":["PiercingWail","Blade Dance","Riddle With Holes"],"picked":"SKIP","floor":14},{"not_picked":["Burst","Wraith Form v2"],"picked":"Corpse Explosion","floor":16},{"not_picked":["Backstab","Quick Slash","Distraction"],"picked":"SKIP","floor":18},{"not_picked":["Blade Dance","Caltrops","Crippling Poison"],"picked":"SKIP","floor":20},{"not_picked":["Footwork","Prepared"],"picked":"Eviscerate","floor":24},{"not_picked":["Distraction","Catalyst"],"picked":"After Image","floor":27},{"not_picked":["Blade Dance","Prepared"],"picked":"Reflex","floor":28},{"not_picked":["Escape Plan","All Out Attack+1","Dagger Throw"],"picked":"SKIP","floor":29},{"not_picked":["Cloak And Dagger+1","Poisoned Stab"],"picked":"Catalyst+1","floor":30},{"not_picked":["A Thousand Cuts","Phantasmal Killer+1"],"picked":"Adrenaline+1","floor":33},{"not_picked":["Blur+1","Accuracy","Expertise+1"],"picked":"SKIP","floor":35},{"not_picked":["PanicButton+1","Sadistic Nature"],"picked":"Master of Strategy+1","floor":37},{"not_picked":["testmod-ComboMaster","Discovery+1"],"picked":"testmod-EternalityOfKhronos+1","floor":37},{"not_picked":["Backflip+1","Outmaneuver+1"],"picked":"Setup+1","floor":38},{"not_picked":["Prepared+1","Deadly Poison+1","Bane"],"picked":"SKIP","floor":39},{"not_picked":["Deadly Poison+1","Bane"],"picked":"Prepared+1","floor":39},{"not_picked":["Deadly Poison+1","Sucker Punch","Bane"],"picked":"SKIP","floor":40},{"not_picked":["Cloak And Dagger+1","Deflect+1","Blade Dance+1"],"picked":"SKIP","floor":42},{"not_picked":["Prepared+1","Underhanded Strike","Tools of the Trade"],"picked":"SKIP","floor":44},{"not_picked":["Acrobatics+1","Quick Slash","Reflex+1"],"picked":"SKIP","floor":45},{"not_picked":["Cloak And Dagger+1","Infinite Blades","Sucker Punch"],"picked":"SKIP","floor":46},{"not_picked":["Sucker Punch+1","Deflect+1","Outmaneuver+1"],"picked":"Singing Bowl","floor":48},{"not_picked":["Dodge and Roll+1","Deflect+1","Poisoned Stab+1"],"picked":"Singing Bowl","floor":54}],"player_experience":370534,"relics_obtained":[{"floor":7,"key":"testmod-Hope"},{"floor":11,"key":"testmod-InfectionSource"},{"floor":14,"key":"Sundial"},{"floor":24,"key":"Pantograph"},{"floor":26,"key":"The Courier"},{"floor":27,"key":"Regal Pillow"},{"floor":30,"key":"Toxic Egg 2"},{"floor":40,"key":"White Beast Statue"},{"floor":42,"key":"Paper Crane"},{"floor":43,"key":"MealTicket"},{"floor":44,"key":"testmod-Laevatain"},{"floor":48,"key":"Letter Opener"},{"floor":49,"key":"InkBottle"},{"floor":54,"key":"testmod-IndustrialRevolution"}],"event_choices":[{"damage_healed":0,"gold_gain":0,"player_choice":"Donut","damage_taken":0,"max_hp_gain":5,"max_hp_loss":0,"event_name":"Big Fish","floor":5,"gold_loss":0},{"damage_healed":0,"gold_gain":0,"player_choice":"Success","damage_taken":5,"relics_obtained":["Nunchaku"],"max_hp_gain":0,"max_hp_loss":0,"event_name":"Scrap Ooze","floor":12,"gold_loss":0},{"cards_removed":["Strike_G"],"damage_healed":0,"gold_gain":0,"player_choice":"Gave Gold","damage_taken":0,"max_hp_gain":0,"max_hp_loss":0,"event_name":"Beggar","floor":19,"gold_loss":75},{"damage_healed":0,"gold_gain":400,"player_choice":"Sell","damage_taken":0,"max_hp_gain":0,"max_hp_loss":0,"event_name":"¶÷ÂåË¹µÄÅÌ×Ó","floor":21,"relics_lost":["testmod-TestBox"],"gold_loss":0},{"damage_healed":0,"gold_gain":0,"player_choice":"Copied","damage_taken":0,"max_hp_gain":0,"max_hp_loss":0,"event_name":"Duplicator","floor":22,"gold_loss":0,"cards_obtained":["testmod-Reflect"]},{"damage_healed":0,"gold_gain":0,"player_choice":"Ignored","damage_taken":0,"max_hp_gain":0,"max_hp_loss":0,"event_name":"Tomb of Lord Red Mask","floor":36,"gold_loss":0},{"damage_healed":0,"gold_gain":0,"player_choice":"Memory 3","damage_taken":10,"max_hp_gain":0,"max_hp_loss":0,"event_name":"SensoryStone","floor":37,"gold_loss":0}],"is_beta":false,"boss_relics":[{"not_picked":["Astrolabe","Tiny House"],"picked":"testmod-Prudence"},{"not_picked":["Sozu","testmod-EnergyCheck"],"picked":"testmod-IncinerationGenerator"}],"items_purged_floors":[3,31,47,53],"is_endless":false,"potions_floor_spawned":[4,11,16,18,20,29,33,35,38,42,44,45,46,48,54],"ascension_level":18}}