{"host":"p445zcfxld9bg8mp","time":1612113363,"event":{"mods":["2.2 Compatiblity","AchievementEnabler","BaseMod","BetterRewards","Colored Map","Colored Powertips","DeckTracker","Highlight Path","Minty Spire (QoL Compilation)","Quick Restart","Random Character Button","Rare Cards Sparkle"],"gold_per_floor":[110,110,110,121,121,149,149,149,149,149,181,24,24,35,35,139,139,152,77,92,92,118,143,143,156,156,12,12,46,46,59,59,157,157,175,28,28,28,46,74,74,349,372,422,422,439,466,486,486,486,486],"floor_reached":50,"language":"POL","playtime":2897,"items_purged":[],"score":662,"play_id":"867033c3-a9a2-41bd-803f-7c4bdb503dac","local_time":"20210131181603","is_ascension_mode":false,"campfire_choices":[{"data":"Armaments","floor":7,"key":"SMITH"},{"data":"Uppercut","floor":10,"key":"SMITH"},{"data":"Cleave","floor":15,"key":"SMITH"},{"data":"Feed","floor":24,"key":"SMITH"},{"floor":28,"key":"REST"},{"floor":30,"key":"REST"},{"data":"Iron Wave","floor":32,"key":"SMITH"},{"floor":49,"key":"REST"}],"circlet_count":0,"master_deck":["Strike_R","Strike_R","Strike_R","Strike_R","Strike_R","Defend_R+1","Defend_R+1","Defend_R","Bash","Armaments+1","Anger+1","Uppercut+1","Dual Wield","Cleave+1","Feed+1","Sword Boomerang+1","Body Slam","Iron Wave+1","Heavy Blade","Anger+1","Flame Barrier+1","Double Tap","CurseOfTheBell","Clothesline+1","Anger+1","Regret","Shockwave+1","Power Through+1"],"relics":["Burning Blood","NeowsBlessing","Tiny Chest","Mercury Hourglass","Incense Burner","Juzu Bracelet","PreservedInsect","Pen Nib","Black Star","MutagenicStrength","Oddly Smooth Stone","Centennial Puzzle","Ancient Tea Set","Molten Egg 2","Nunchaku","War Paint","Smiling Mask","Calling Bell","Strawberry","Toxic Egg 2","FossilizedHelix","Lantern","Happy Flower","Paper Frog","HornCleat","Bag of Preparation","Mango","Bronze Scales"],"acts_visited":["Exordium","TheCity","TheBeyond"],"potions_floor_usage":[6,14,16,23,33,39,44,46,50],"damage_taken":[{"damage":0,"enemies":"2 Louse","floor":1,"turns":1},{"damage":0,"enemies":"Cultist","floor":4,"turns":1},{"damage":0,"enemies":"3 Sentries","floor":6,"turns":1},{"damage":19,"enemies":"Gremlin Nob","floor":11,"turns":4},{"damage":0,"enemies":"Jaw Worm","floor":14,"turns":2},{"damage":56,"enemies":"The Guardian","floor":16,"turns":9},{"damage":8,"enemies":"Shell Parasite","floor":18,"turns":6},{"damage":10,"enemies":"Spheric Guardian","floor":20,"turns":4},{"damage":20,"enemies":"Slavers","floor":23,"turns":4},{"damage":28,"enemies":"Snecko","floor":25,"turns":5},{"damage":8,"enemies":"Gremlin Leader","floor":29,"turns":2},{"damage":12,"enemies":"3 Cultists","floor":31,"turns":4},{"damage":59,"enemies":"Champ","floor":33,"turns":13},{"damage":19,"enemies":"3 Darklings","floor":35,"turns":4},{"damage":13,"enemies":"3 Shapes","floor":39,"turns":4},{"damage":35,"enemies":"Reptomancer","floor":40,"turns":5},{"damage":18,"enemies":"Mind Bloom Boss Battle","floor":44,"turns":8},{"damage":14,"enemies":"Spire Growth","floor":46,"turns":4},{"damage":23,"enemies":"Writhing Mass","floor":48,"turns":5},{"damage":77,"enemies":"Donu and Deca","floor":50,"turns":8}],"seed_played":"9068383056936354849","potions_obtained":[{"floor":6,"key":"Fruit Juice"},{"floor":11,"key":"Block Potion"},{"floor":14,"key":"Block Potion"},{"floor":20,"key":"Energy Potion"},{"floor":25,"key":"Explosive Potion"},{"floor":31,"key":"Dexterity Potion"},{"floor":35,"key":"Fire Potion"},{"floor":39,"key":"CultistPotion"},{"floor":48,"key":"PowerPotion"}],"is_trial":false,"path_per_floor":["M","?","?","M","?","E","R","T","T","R","E","$","?","M","R","B",null,"M","?","M","?","T","E","R","M","T","$","R","E","R","M","R","B",null,"M","$","?","?","M","E","T","?","T","?","?","M","T","M","R","B"],"character_chosen":"IRONCLAD","items_purchased":["Pen Nib","Nunchaku","Lantern"],"campfire_rested":3,"item_purchase_floors":[12,27,36],"current_hp_per_floor":[80,80,80,80,73,84,84,84,84,84,71,71,71,77,77,27,85,86,86,86,86,86,72,72,50,50,50,77,75,92,90,90,37,103,90,90,90,90,83,54,54,54,54,60,60,52,52,35,71,0,0],"gold":486,"neow_bonus":"THREE_ENEMY_KILL","is_daily":false,"chose_seed":false,"campfire_upgraded":5,"win_rate":0.0,"timestamp":1612113363,"path_taken":["M","?","?","?","?","E","R","?","T","R","E","$","?","M","R","BOSS","M","?","M","?","?","E","R","M","T","?","R","E","R","M","R","BOSS","M","$","?","?","M","E","?","?","T","?","?","M","?","M","R","BOSS"],"items_purchased_type":["Relic","Relic","Relic"],"build_version":"2020-12-22","purchased_purges":0,"victory":false,"max_hp_per_floor":[80,80,80,80,80,85,85,85,85,85,85,85,85,85,85,85,85,88,88,92,92,92,92,92,92,92,92,92,92,92,96,96,96,103,103,103,103,103,103,103,103,103,103,121,121,121,121,121,121,121,121],"card_choices":[{"not_picked":["Body Slam","Rupture"],"picked":"Armaments","floor":1},{"not_picked":["Hemokinesis","Clash"],"picked":"Anger","floor":4},{"not_picked":["Searing Blow","Havoc"],"picked":"Uppercut","floor":6},{"not_picked":["Metallicize","Clash"],"picked":"Dual Wield","floor":11},{"not_picked":["Havoc","Rupture"],"picked":"Cleave","floor":14},{"not_picked":["Barricade","Limit Break"],"picked":"Feed","floor":16},{"not_picked":["Infernal Blade","Body Slam"],"picked":"Sword Boomerang+1","floor":18},{"not_picked":["Clash","Sword Boomerang+1"],"picked":"Body Slam","floor":20},{"not_picked":["Battle Trance","Blood for Blood"],"picked":"Iron Wave","floor":23},{"not_picked":["Havoc","Iron Wave+1"],"picked":"Heavy Blade","floor":25},{"not_picked":["Exhume","Combust"],"picked":"Anger+1","floor":29},{"not_picked":["Wild Strike+1","Heavy Blade+1"],"picked":"Flame Barrier+1","floor":31},{"not_picked":["Offering","Fiend Fire+1"],"picked":"Double Tap","floor":33},{"not_picked":["Burning Pact+1","Rupture","Havoc+1"],"picked":"SKIP","floor":35},{"not_picked":["Dark Shackles+1","Magnetism"],"picked":"Metamorphosis+1","floor":37},{"not_picked":["Armaments+1","Flex+1"],"picked":"Clothesline+1","floor":39},{"not_picked":["Offering+1","Clothesline+1"],"picked":"Anger+1","floor":40},{"not_picked":["Anger+1","Bloodletting+1"],"picked":"Shockwave+1","floor":44},{"not_picked":["Wild Strike+1","Heavy Blade+1"],"picked":"Power Through+1","floor":46},{"not_picked":["Power Through+1","Anger+1","Warcry+1"],"picked":"SKIP","floor":48}],"player_experience":40310,"relics_obtained":[{"floor":6,"key":"Mercury Hourglass"},{"floor":8,"key":"Incense Burner"},{"floor":9,"key":"Juzu Bracelet"},{"floor":11,"key":"PreservedInsect"},{"floor":22,"key":"Oddly Smooth Stone"},{"floor":23,"key":"Centennial Puzzle"},{"floor":23,"key":"Ancient Tea Set"},{"floor":26,"key":"Molten Egg 2"},{"floor":29,"key":"War Paint"},{"floor":29,"key":"Smiling Mask"},{"floor":34,"key":"Strawberry"},{"floor":34,"key":"Toxic Egg 2"},{"floor":34,"key":"FossilizedHelix"},{"floor":40,"key":"Happy Flower"},{"floor":40,"key":"Paper Frog"},{"floor":41,"key":"HornCleat"},{"floor":43,"key":"Bag of Preparation"},{"floor":44,"key":"Mango"},{"floor":47,"key":"Bronze Scales"}],"event_choices":[{"damage_healed":0,"gold_gain":0,"player_choice":"Box","damage_taken":0,"relics_obtained":["Tiny Chest"],"max_hp_gain":0,"max_hp_loss":0,"event_name":"Big Fish","floor":2,"gold_loss":0,"cards_obtained":["Regret"]},{"damage_healed":0,"gold_gain":0,"player_choice":"Full Heal","damage_taken":0,"max_hp_gain":0,"max_hp_loss":0,"event_name":"Wheel of Change","floor":3,"gold_loss":0},{"cards_removed":["Regret"],"damage_healed":0,"gold_gain":0,"player_choice":"Card Removal","damage_taken":7,"max_hp_gain":0,"max_hp_loss":0,"event_name":"Golden Wing","floor":5,"gold_loss":0},{"damage_healed":0,"gold_gain":0,"player_choice":"Grow","damage_taken":0,"max_hp_gain":0,"max_hp_loss":0,"event_name":"Living Wall","floor":13,"gold_loss":0,"cards_upgraded":["Anger"]},{"cards_removed":["Defend_R"],"damage_healed":0,"gold_gain":0,"player_choice":"Gave Gold","damage_taken":0,"max_hp_gain":0,"max_hp_loss":0,"event_name":"Beggar","floor":19,"gold_loss":75},{"damage_healed":0,"gold_gain":0,"player_choice":"Inject Mutagens","damage_taken":0,"relics_obtained":["MutagenicStrength"],"max_hp_gain":0,"max_hp_loss":0,"event_name":"Drug Dealer","floor":21,"gold_loss":0},{"damage_healed":0,"gold_gain":0,"player_choice":"Memory 1","damage_taken":0,"max_hp_gain":0,"max_hp_loss":0,"event_name":"SensoryStone","floor":37,"gold_loss":0},{"cards_removed":["Metamorphosis"],"damage_healed":0,"gold_gain":0,"player_choice":"Removed Skill","damage_taken":0,"max_hp_gain":0,"max_hp_loss":0,"event_name":"Falling","floor":38,"gold_loss":0},{"damage_healed":0,"gold_gain":275,"player_choice":"Desecrate","damage_taken":0,"max_hp_gain":0,"max_hp_loss":0,"event_name":"Golden Shrine","floor":42,"gold_loss":0,"cards_obtained":["Regret"]},{"damage_healed":0,"gold_gain":0,"player_choice":"Fight","damage_taken":0,"max_hp_gain":0,"max_hp_loss":0,"event_name":"MindBloom","floor":44,"gold_loss":0},{"damage_healed":0,"gold_gain":0,"player_choice":"Ignored","damage_taken":0,"max_hp_gain":0,"max_hp_loss":0,"event_name":"Tomb of Lord Red Mask","floor":45,"gold_loss":0}],"is_beta":false,"boss_relics":[{"not_picked":["Empty Cage","Runic Dome"],"picked":"Black Star"},{"not_picked":["Runic Pyramid","Black Blood"],"picked":"Calling Bell"}],"items_purged_floors":[],"is_endless":false,"potions_floor_spawned":[6,11,14,20,25,31,35,39,48],"killed_by":"Donu and Deca","ascension_level":0}}