{"host":"350rh84kbmtekt58","time":1612093905,"event":{"mods":["AchievementEnabler","Act Like it!","BaseMod","Better Synergies","Block Reminder","CapriCore","Challenge The Spire","Colored Map","Colored Powertips","Communication Mod","Downfall","Energized Spire","Friendly Minions","GifTheSpireLib","Highlight Path","Minty Spire (QoL Compilation)","Quick Restart","Replay The Spire","Shop Mod","StSLib","The Animator","The Disciple","The Immortal","The Marked","The Runesmith","The Servant 0.9.4","The Wild Card","Transform Curses","yUi"],"gold_per_floor":[114,114,130,142,161,161,176,176,176,202,233,38,52,102,102,214,214,241,241,241,267,267,267,292,5,5,54,83,83,132,179,179,289,289,324,355,382,0,0,41,41,85,85,121,148,370,458,484,484,402,402,402,20,73,103],"floor_reached":56,"language":"ENG","playtime":7211,"items_purged":["downfall:Aged","downfall:Malfunctioning"],"score":1700,"play_id":"2e51b8fb-9d1e-4a92-82c8-c400acbcfe46","local_time":"20210131055145","is_ascension_mode":false,"campfire_choices":[{"data":"theWildCard:PaleRider","floor":6.0,"key":"SMITH"},{"floor":15.0,"key":"REST"},{"data":"ReplayUltimateDefense","floor":23.0,"key":"SMITH"},{"floor":29.0,"key":"REST"},{"floor":32.0,"key":"REST"},{"data":"MurderousAura","floor":41.0,"key":"SMITH"},{"floor":49.0,"key":"RECALL"},{"data":"Mayhem","floor":52.0,"key":"SMITH"}],"circlet_count":0,"master_deck":["KidneyShot","Exchange","Voices","Embodiment","Defy","theWildCard:PaleRider+1","InstantArmor","SilverBlades+1","Rearm","ShiftingGears","StarChef","Rewind","ReplayUltimateDefense+1","Alleviate","animator:Curse_GriefSeed","Duplication","animator:Curse_Dizziness","BottledTime","RealityMarble+1","RitualDagger","FanOfKnives+1","MoonPhase+1","BestPractice","downfall:Icky","FlawlessForm","downfall:Malfunctioning","Initiator","BottledTime","Dilation","StarChef","Hightail","Revamp","Rewind","MurderousAura+1","Defy","ReplayTheSpireMod:Restless Dread","ShatteredReality","Mayhem+1","ShatteredReality+1","Sabotage","Collapse+1","SwitchThreat","ReplayTheSpireMod:Splinters","Pot Of Greed","Pot Of Greed","Pot Of Greed","Pot Of Greed","Replay:Hysterical Blindness","SilverBlades+1","InstantArmor","FloweringNight","Pot Of Greed","Dilation","Replay:Parry","Alleviate+1","Parasite"],"relics":["Uniform","Odd Mushroom","Boot","Ring of Misfortune","Ring of Greed","Replay:Bandana","Membership Card","Replay:Ancient Bell","Blue Doll","Shuriken","Replay:Towering Pillar of Hats","Enchiridion","PreservedInsect","Whetstone","Frozen Eye","InkBottle","Singing Bowl","Strawberry","Red Mask","Pandora\u0027s Box","Turnip","OrangePellets","Replay:Ringing Soul","Calipers","Gremlin Horn","Onion Ring","Grinning Jar","Quantum Egg","Cauldron","Bronze Scales"],"acts_visited":["Exordium","TheCity","TheBeyond","TheEnding"],"potions_floor_usage":[54,55,55,55],"damage_taken":[{"damage":10.0,"enemies":"Small Slimes","floor":1.0,"turns":5.0},{"damage":3.0,"enemies":"Jaw Worm","floor":3.0,"turns":5.0},{"damage":0.0,"enemies":"2 Louse","floor":4.0,"turns":2.0},{"damage":9.0,"enemies":"Large Slime","floor":5.0,"turns":7.0},{"damage":4.0,"enemies":"2 Fungi Beasts","floor":7.0,"turns":3.0},{"damage":10.0,"enemies":"The Mushroom Lair","floor":10.0,"turns":3.0},{"damage":19.0,"enemies":"Gremlin Nob","floor":11.0,"turns":5.0},{"damage":12.0,"enemies":"Exordium Thugs","floor":13.0,"turns":6.0},{"damage":0.0,"enemies":"Fading Forest","floor":16.0,"turns":11.0},{"damage":0.0,"enemies":"3 Byrds","floor":18.0,"turns":8.0},{"damage":1.0,"enemies":"Spheric Guardian","floor":21.0,"turns":8.0},{"damage":14.0,"enemies":"Snake Plant","floor":24.0,"turns":6.0},{"damage":12.0,"enemies":"Slavers","floor":27.0,"turns":3.0},{"damage":0.0,"enemies":"Chosen and Byrds","floor":28.0,"turns":4.0},{"damage":0.0,"enemies":"Replay:Snechameleon","floor":30.0,"turns":9.0},{"damage":16.0,"enemies":"Masked Bandits","floor":31.0,"turns":4.0},{"damage":0.0,"enemies":"Champ","floor":33.0,"turns":9.0},{"damage":0.0,"enemies":"Orb Walker","floor":35.0,"turns":4.0},{"damage":0.0,"enemies":"3 Shapes","floor":36.0,"turns":3.0},{"damage":25.0,"enemies":"Spire Growth","floor":37.0,"turns":5.0},{"damage":0.0,"enemies":"R_Hoarder","floor":40.0,"turns":8.0},{"damage":0.0,"enemies":"Reptomancer","floor":42.0,"turns":6.0},{"damage":5.0,"enemies":"3 Darklings","floor":44.0,"turns":3.0},{"damage":0.0,"enemies":"R_Hoarder","floor":45.0,"turns":11.0},{"damage":0.0,"enemies":"Maw","floor":48.0,"turns":6.0},{"damage":62.0,"enemies":"Donu and Deca","floor":50.0,"turns":8.0},{"damage":16,"enemies":"Shield and Spear","floor":54,"turns":6},{"damage":37,"enemies":"The Heart","floor":55,"turns":7}],"seed_played":"-3685897108795500194","potions_obtained":[{"floor":1.0,"key":"Regen Potion"},{"floor":5.0,"key":"DuplicationPotion"},{"floor":10.0,"key":"Venom Potion"},{"floor":13.0,"key":"Guardian:BlockOnCardUsePotion"},{"floor":21.0,"key":"Weak Potion"},{"floor":24.0,"key":"Energy Potion"},{"floor":28.0,"key":"SmokeBomb"},{"floor":30.0,"key":"Venom Potion"},{"floor":36.0,"key":"champ:CounterPotion"},{"floor":40.0,"key":"Cursed Concoction"},{"floor":42.0,"key":"Dexterity Potion"},{"floor":45.0,"key":"Energy Potion"},{"floor":47.0,"key":"Flashbang"},{"floor":53.0,"key":"Slimebound:ThreeZeroPotion"},{"floor":53.0,"key":"Death Potion"},{"floor":53.0,"key":"LifebloodPotion"},{"floor":54,"key":"SkillPotion"}],"is_trial":false,"path_per_floor":["M","?","M","M","M","R","M","?","T","?","E","$","M","?","R","B",null,"M","?","?","M","?","R","M","$","T","E","M","R","E","?","R","B",null,"M","M","M","$","?","E","R","E","T","M","E","?","?","M","R_BF","B",null,"R","$","E","B",null],"character_chosen":"THE_SERVANT","items_purchased":["ReplayUltimateDefense","PreservedInsect","Whetstone","Frozen Eye","MoonPhase+1","Turnip","Mayhem","ShatteredReality+1","OrangePellets","Quantum Egg","Cauldron","FloweringNight","Dilation","Replay:Parry"],"campfire_rested":3,"item_purchase_floors":[12,25,25,25,25,38,38,38,38,53,53,53,53,53],"current_hp_per_floor":[55,55,52,52,43,43,39,39,39,38,19,19,7,7,26,34,65,65,65,49,48,42,42,28,28,28,16,16,35,44,28,50,50,74,76,78,53,53,53,55,55,58,58,55,58,61,64,67,67,5,97,97,100,87,61],"gold":103,"neow_bonus":"THREE_RARE_CARDS","is_daily":false,"chose_seed":false,"campfire_upgraded":4,"win_rate":0.0,"timestamp":1612093905,"path_taken":["M","?","M","M","M","R","M","?","T","?","E","?","M","?","R","BOSS","M","?","?","M","?","R","M","$","T","E","?","R","E","?","R","BOSS","M","M","M","$","?","E","R","E","T","M","E","?","?","M","R_BF","BOSS","R","$","E","BOSS"],"items_purchased_type":["Card","Relic","Relic","Relic","Card","Relic","Card","Card","Relic","Relic","Relic","Card","Card","Card"],"build_version":"2020-12-22","purchased_purges":2,"victory":true,"max_hp_per_floor":[65,65,65,65,65,65,65,65,65,65,65,65,65,65,65,65,65,65,65,65,65,65,65,65,65,65,65,65,65,74,74,74,74,74,76,78,78,78,78,80,80,83,83,85,88,91,94,97,97,97,97,97,100,103,106],"card_choices":[{"not_picked":["FloweringNight","Sunlight"],"picked":"Embodiment","floor":0.0},{"not_picked":["WasteNot","Spin"],"picked":"Defy","floor":1.0},{"not_picked":["Rewind","Rearm"],"picked":"InstantArmor","floor":3.0},{"not_picked":["Unruled","Potential"],"picked":"SilverBlades","floor":4.0},{"not_picked":["Defy","Alleviate"],"picked":"Rearm","floor":5.0},{"not_picked":["Solidify","Revamp"],"picked":"ShiftingGears","floor":7.0},{"not_picked":["WasteNot","Shuttle"],"picked":"StarChef","floor":10.0},{"not_picked":["Potential","Spin"],"picked":"Rewind","floor":11.0},{"not_picked":["BottledTime","Manipulate"],"picked":"Alleviate","floor":13.0},{"not_picked":["Deny","Solidify"],"picked":"Duplication","floor":16.0},{"not_picked":["Decay","Shame"],"picked":"downfall:Aged","floor":17.0},{"not_picked":["downfall:Aged","Shame"],"picked":"animator:Curse_Dizziness","floor":17.0},{"not_picked":["AbeCurse","ReplayTheSpireMod:Doomed"],"picked":"ReplayTheSpireMod:Restless Dread","floor":17.0},{"not_picked":["Unruled","Replace"],"picked":"BottledTime","floor":18.0},{"not_picked":["MoonPhase","Unruled"],"picked":"RealityMarble+1","floor":21.0},{"not_picked":["SilverBlades","MoonPhase"],"picked":"FanOfKnives","floor":24.0},{"not_picked":["FanOfKnives+1","Defy"],"picked":"BestPractice","floor":27.0},{"not_picked":["Reset","Hightail+1"],"picked":"FlawlessForm","floor":28.0},{"not_picked":["Manipulate+1","FastForward","Alleviate"],"picked":"Singing Bowl","floor":30.0},{"not_picked":["TimeWarp","DoubleEdge"],"picked":"Starlight+1","floor":31.0},{"not_picked":["Sunlight","TheWorld"],"picked":"Initiator","floor":33.0},{"not_picked":["Rewind","StarChef+1","Ricochet"],"picked":"Singing Bowl","floor":35.0},{"not_picked":["TimeWarp+1","Replace+1","MoonPhase+1"],"picked":"Singing Bowl","floor":36.0},{"not_picked":["Potential","Revamp+1"],"picked":"ShatteredReality","floor":37.0},{"not_picked":["Starlight+1","Snipe","FanOfKnives+1"],"picked":"Singing Bowl","floor":40.0},{"not_picked":["TimeWarp+1","FastForward+1"],"picked":"Sabotage","floor":42.0},{"not_picked":["Potential+1","Spin","FastForward"],"picked":"Singing Bowl","floor":44.0},{"not_picked":["Spin","WasteNot"],"picked":"Collapse+1","floor":45.0},{"not_picked":["Alleviate","DoubleEdge+1"],"picked":"SilverBlades+1","floor":47.0},{"not_picked":["Unruled+1","Ricochet"],"picked":"InstantArmor","floor":48.0},{"not_picked":["Moonlight+1","Spin"],"picked":"Alleviate+1","floor":54}],"player_experience":215793,"relics_obtained":[{"floor":10.0,"key":"Odd Mushroom"},{"floor":11.0,"key":"Boot"},{"floor":14.0,"key":"Ring of Misfortune"},{"floor":14.0,"key":"Ring of Greed"},{"floor":14.0,"key":"Replay:Bandana"},{"floor":14.0,"key":"Membership Card"},{"floor":20.0,"key":"Enchiridion"},{"floor":26.0,"key":"InkBottle"},{"floor":27.0,"key":"Singing Bowl"},{"floor":30.0,"key":"Strawberry"},{"floor":31.0,"key":"Red Mask"},{"floor":40.0,"key":"Replay:Ringing Soul"},{"floor":42.0,"key":"Calipers"},{"floor":43.0,"key":"Gremlin Horn"},{"floor":45.0,"key":"Onion Ring"},{"floor":47.0,"key":"Grinning Jar"},{"floor":54,"key":"Bronze Scales"}],"event_choices":[{"damage_healed":0.0,"max_hp_gain":0.0,"max_hp_loss":0.0,"gold_gain":0.0,"event_name":"Mushrooms","player_choice":"Fought Mushrooms","floor":10.0,"gold_loss":0.0,"damage_taken":0.0},{"cards_removed":["ReplayTheSpireMod:Restless Dread"],"damage_healed":0.0,"max_hp_gain":0.0,"max_hp_loss":0.0,"gold_gain":0.0,"event_name":"Back to Basics","player_choice":"Elegance","floor":19.0,"gold_loss":0.0,"damage_taken":0.0},{"damage_healed":0.0,"max_hp_gain":0.0,"max_hp_loss":0.0,"gold_gain":0.0,"event_name":"Cursed Tome","player_choice":"Obtained Book","floor":20.0,"gold_loss":0.0,"damage_taken":16.0},{"damage_healed":0.0,"max_hp_gain":0.0,"max_hp_loss":0.0,"gold_gain":0.0,"event_name":"Nest","player_choice":"Joined the Cult","floor":22.0,"gold_loss":0.0,"damage_taken":6.0,"cards_obtained":["RitualDagger"]},{"damage_healed":0.0,"max_hp_gain":0.0,"max_hp_loss":0.0,"gold_gain":0.0,"event_name":"Masked Bandits","player_choice":"Fought Bandits","floor":31.0,"gold_loss":0.0,"damage_taken":0.0},{"cards_removed":["Starlight"],"damage_healed":0.0,"max_hp_gain":0.0,"max_hp_loss":0.0,"gold_gain":0.0,"event_name":"Falling","player_choice":"Removed Attack","floor":39.0,"gold_loss":0.0,"damage_taken":0.0},{"damage_healed":0.0,"max_hp_gain":0.0,"max_hp_loss":0.0,"gold_gain":222.0,"event_name":"Tomb of Lord Red Mask","player_choice":"Wore Mask","floor":46.0,"gold_loss":0.0,"damage_taken":0.0}],"is_beta":false,"boss_relics":[{"not_picked":["Snecko Eye","Coffee Dripper"],"picked":"Replay:Ancient Bell"},{"not_picked":["Pet Ghost","Oddly Smooth Stone"],"picked":"Blue Doll"},{"not_picked":["Snack Pack","Ornamental Fan"],"picked":"Shuriken"},{"not_picked":["CaptainsWheel","Prayer Wheel"],"picked":"Replay:Towering Pillar of Hats"},{"not_picked":["Replay:Bronze Core","SlaversCollar"],"picked":"Pandora\u0027s Box"}],"items_purged_floors":[25,38],"is_endless":false,"potions_floor_spawned":[1,5,10,13,21,24,28,30,36,40,42,45,54],"ascension_level":0}}