{"host":"6xsbn6ynqlzwllfm","time":1612107176,"event":{"mods":["2.2 Compatiblity","BaseMod","Bestiary","Colored Map","Colored Powertips","Curses Come First","Highlight Path","Keyboard Shortcuts","Minty Spire (QoL Compilation)","Relic Stats","Slay the Relics Exporter","StSLib","SuperFastMode"],"gold_per_floor":[114,131,131,6,6,35,35,35,35,45,380,398,433,443,443,443,443],"floor_reached":16,"language":"ENG","playtime":602,"items_purged":[],"score":290,"play_id":"1a1e3420-2c36-49e8-8d6f-ac3d64644c38","local_time":"20210131103256","is_ascension_mode":true,"campfire_choices":[{"data":"ConjureBlade","floor":7.0,"key":"SMITH"},{"floor":15,"key":"REST"}],"circlet_count":0,"master_deck":["AscendersBane","Strike_P","Strike_P","Strike_P+1","Defend_P+1","Defend_P","Defend_P","Defend_P","Eruption","Vigilance","ConjureBlade+1","EmptyFist","CrushJoints","FearNoEvil","Meditate","Prostrate","DeceiveReality","Wallop","Blasphemy"],"relics":["PureWater","Strawberry","Yang","Old Coin","Blue Candle"],"acts_visited":["Exordium"],"potions_floor_usage":[14],"damage_taken":[{"damage":10.0,"enemies":"2 Louse","floor":1.0,"turns":4.0},{"damage":3.0,"enemies":"Small Slimes","floor":2.0,"turns":2.0},{"damage":0.0,"enemies":"Lagavulin","floor":6.0,"turns":4.0},{"damage":6,"enemies":"Cultist","floor":10,"turns":3},{"damage":11,"enemies":"3 Sentries","floor":11,"turns":10},{"damage":3,"enemies":"2 Fungi Beasts","floor":12,"turns":4},{"damage":6,"enemies":"Lagavulin","floor":13,"turns":5},{"damage":15,"enemies":"Exordium Thugs","floor":14,"turns":4},{"damage":43,"enemies":"The Guardian","floor":16,"turns":15}],"seed_played":"2014515148063561435","potions_obtained":[{"floor":1.0,"key":"LiquidMemories"},{"floor":10,"key":"FairyPotion"},{"floor":11,"key":"StancePotion"}],"is_trial":false,"path_per_floor":["M","M","?","$","?","E","R","?","T","M","E","M","E","M","R","B"],"character_chosen":"WATCHER","items_purchased":["FearNoEvil","Meditate"],"campfire_rested":1,"item_purchase_floors":[4,4],"current_hp_per_floor":[51,48,28,28,21,28,28,28,28,22,11,8,2,11,33,0,0],"gold":443,"neow_bonus":"THREE_RARE_CARDS","is_daily":false,"chose_seed":false,"campfire_upgraded":1,"win_rate":0.0,"timestamp":1612107176,"path_taken":["M","M","?","$","?","E","R","?","T","M","E","M","E","M","R","BOSS"],"items_purchased_type":["Card","Card"],"build_version":"2020-12-22","purchased_purges":0,"victory":false,"max_hp_per_floor":[68,68,68,68,68,75,75,75,75,75,75,75,75,75,75,75,75],"relic_stats":{"counters":[9,51],"Blue Candle":[0],"Yang":[52],"obtain_stats":[{"Strawberry":6,"Blue Candle":13,"Yang":9,"PureWater":0,"Old Coin":11},{"Strawberry":3,"Blue Candle":7,"Yang":3,"PureWater":0,"Old Coin":5},{"Strawberry":10,"Blue Candle":32,"Yang":10,"PureWater":0,"Old Coin":23}]},"card_choices":[{"not_picked":["SpiritShield","Vault"],"picked":"ConjureBlade","floor":0.0},{"not_picked":["Protect","LikeWater"],"picked":"EmptyFist","floor":1.0},{"not_picked":["EmptyBody","ThirdEye"],"picked":"CrushJoints","floor":2.0},{"not_picked":["Protect","FlyingSleeves"],"picked":"Prostrate","floor":6.0},{"not_picked":["SashWhip","EmptyFist"],"picked":"DeceiveReality","floor":10},{"not_picked":["ThirdEye","SandsOfTime"],"picked":"Wallop","floor":11},{"not_picked":["Evaluate","LikeWater"],"picked":"Blasphemy","floor":12}],"player_experience":1354649,"relics_obtained":[{"floor":6.0,"key":"Strawberry"},{"floor":9.0,"key":"Yang"},{"floor":11,"key":"Old Coin"},{"floor":13,"key":"Blue Candle"}],"event_choices":[{"damage_healed":0.0,"max_hp_gain":0.0,"max_hp_loss":0.0,"gold_gain":0.0,"event_name":"Shining Light","player_choice":"Entered Light","floor":3.0,"gold_loss":0.0,"damage_taken":20.0,"cards_upgraded":["Strike_P","Defend_P"]},{"cards_removed":["Decay"],"damage_healed":0.0,"max_hp_gain":0.0,"max_hp_loss":0.0,"gold_gain":0.0,"event_name":"Golden Wing","player_choice":"Card Removal","floor":5.0,"gold_loss":0.0,"damage_taken":7.0},{"cards_removed":["Strike_P"],"damage_healed":0.0,"max_hp_gain":0.0,"max_hp_loss":0.0,"gold_gain":0.0,"event_name":"Bonfire Elementals","player_choice":"Offered Basic","floor":8.0,"gold_loss":0.0,"damage_taken":0.0}],"is_beta":false,"boss_relics":[],"items_purged_floors":[],"is_endless":false,"potions_floor_spawned":[1,10,11,13],"killed_by":"The Guardian","ascension_level":20}}