{"host":"v2nniiiz7kpx7fwo","time":1612109855,"event":{"mods":["2.2 Compatiblity","AchievementEnabler","BaseMod","Colored Map","Colored Powertips","DeckTracker","Highlight Path","KOR Keyword Fix","Minty Spire (QoL Compilation)","Permanent Neow","Quick Restart","Rare Cards Sparkle","SuperFastMode"],"gold_per_floor":[16,34,44,44,44,73,73,106,131,160,170,197,213,231,231,332,332,342,267,294,393,407,407,434,434,434,434,534,534,534,51,51,147,147,163,163,177,77,77,77,91,117,117,136,136,169,169,189,189,189,189,189,64,96,96],"floor_reached":56,"language":"KOR","playtime":3091,"items_purged":["Strike_R","Strike_R","Strike_R"],"score":1837,"play_id":"2c02f2db-5bf0-4890-8552-dce358ab37d8","local_time":"20210201011735","is_ascension_mode":true,"campfire_choices":[{"data":"Whirlwind","floor":7.0,"key":"SMITH"},{"floor":15.0,"key":"REST"},{"data":"Barricade","floor":23.0,"key":"SMITH"},{"data":"Body Slam","floor":25.0,"key":"SMITH"},{"data":"Entrench","floor":32.0,"key":"SMITH"},{"floor":40.0,"key":"RECALL"},{"data":"Flex","floor":45.0,"key":"SMITH"},{"data":"Battle Trance","floor":47.0,"key":"SMITH"},{"data":"Bash","floor":49.0,"key":"SMITH"},{"data":"Pommel Strike","floor":52.0,"key":"SMITH"}],"circlet_count":0,"master_deck":["AscendersBane","Strike_R","Strike_R","Defend_R","Defend_R","Defend_R+1","Defend_R+1","Bash+1","Thunderclap","Whirlwind+1","Iron Wave","Ghostly Armor","Pommel Strike+1","True Grit+1","Spot Weakness","Flex+1","Barricade+1","Body Slam+1","Reaper","Battle Trance+1","Entrench+1","Juggernaut","Second Wind+1","Body Slam+1","Dark Embrace+1","Body Slam+1"],"relics":["Burning Blood","Incense Burner","Pen Nib","War Paint","Juzu Bracelet","Ornamental Fan","Orichalcum","Sozu","Anchor","Calipers","Happy Flower","Champion Belt","Meat on the Bone","Enchiridion","Eternal Feather","Chemical X","Mummified Hand","Busted Crown","Self Forming Clay","Prayer Wheel","Oddly Smooth Stone"],"acts_visited":["Exordium","TheCity","TheBeyond","TheEnding"],"potions_floor_usage":[],"damage_taken":[{"damage":7.0,"enemies":"Jaw Worm","floor":1.0,"turns":3.0},{"damage":1.0,"enemies":"Cultist","floor":2.0,"turns":3.0},{"damage":0.0,"enemies":"Small Slimes","floor":3.0,"turns":2.0},{"damage":16.0,"enemies":"Gremlin Nob","floor":6.0,"turns":5.0},{"damage":30.0,"enemies":"3 Sentries","floor":8.0,"turns":5.0},{"damage":26.0,"enemies":"Gremlin Nob","floor":10.0,"turns":5.0},{"damage":0.0,"enemies":"2 Fungi Beasts","floor":11.0,"turns":1.0},{"damage":28.0,"enemies":"Lagavulin","floor":12.0,"turns":8.0},{"damage":0.0,"enemies":"Lots of Slimes","floor":13.0,"turns":1.0},{"damage":0.0,"enemies":"Looter","floor":14.0,"turns":3.0},{"damage":18.0,"enemies":"Hexaghost","floor":16.0,"turns":11.0},{"damage":19.0,"enemies":"Shell Parasite","floor":18.0,"turns":6.0},{"damage":0.0,"enemies":"Chosen","floor":22.0,"turns":5.0},{"damage":30.0,"enemies":"Book of Stabbing","floor":24.0,"turns":6.0},{"damage":2.0,"enemies":"Colosseum Slavers","floor":28.0,"turns":3.0},{"damage":0.0,"enemies":"Colosseum Nobs","floor":28.0,"turns":3.0},{"damage":63.0,"enemies":"Collector","floor":33.0,"turns":8.0},{"damage":0.0,"enemies":"Orb Walker","floor":35.0,"turns":3.0},{"damage":0.0,"enemies":"3 Shapes","floor":37.0,"turns":2.0},{"damage":0.0,"enemies":"Jaw Worm Horde","floor":41.0,"turns":4.0},{"damage":0.0,"enemies":"Giant Head","floor":42.0,"turns":6.0},{"damage":3.0,"enemies":"Writhing Mass","floor":44.0,"turns":4.0},{"damage":51.0,"enemies":"Reptomancer","floor":46.0,"turns":6.0},{"damage":3.0,"enemies":"Spire Growth","floor":48.0,"turns":4.0},{"damage":36.0,"enemies":"Awakened One","floor":50.0,"turns":8.0},{"damage":32.0,"enemies":"Shield and Spear","floor":54.0,"turns":6.0},{"damage":49,"enemies":"The Heart","floor":55,"turns":8}],"seed_played":"-1944260152951242511","potions_obtained":[{"floor":1.0,"key":"FearPotion"},{"floor":8.0,"key":"SkillPotion"},{"floor":12.0,"key":"Dexterity Potion"},{"floor":14.0,"key":"LiquidBronze"},{"floor":16.0,"key":"Weak Potion"}],"is_trial":false,"path_per_floor":["M","M","M","?","$","E","R","E","T","E","M","E","M","M","R","B",null,"M","$","T","?","M","R","E","R","T","?","?","?","T","$","R","B",null,"M","?","M","$","?","R","M","E","T","M","R","E","R","M","R","B",null,"R","$","E","B",null],"character_chosen":"IRONCLAD","items_purchased":["Chemical X","Mummified Hand","Entrench"],"campfire_rested":1,"item_purchase_floors":[31,31,31],"current_hp_per_floor":[71,76,80,80,80,70,70,46,46,26,32,10,16,22,46,34,69,63,63,63,63,69,69,58,58,58,58,68,52,52,52,64,36,69,80,80,80,80,80,80,80,80,80,80,80,47,62,73,80,50,73,80,80,66,45],"gold":96,"neow_bonus":"ONE_RARE_RELIC","is_daily":false,"chose_seed":false,"campfire_upgraded":8,"win_rate":0.0,"timestamp":1612109855,"path_taken":["M","M","M","?","$","E","R","E","T","E","M","E","M","M","R","BOSS","M","$","?","?","M","R","E","R","T","?","?","?","?","$","R","BOSS","M","?","M","?","?","R","M","E","T","M","R","E","R","M","R","BOSS","R","$","E","BOSS"],"items_purchased_type":["Relic","Relic","Card"],"build_version":"2020-12-22","purchased_purges":3,"victory":true,"max_hp_per_floor":[80,80,80,80,80,80,80,80,80,80,80,80,80,80,80,80,80,80,80,80,80,80,80,80,80,80,80,80,80,80,80,80,80,80,80,80,80,80,80,80,80,80,80,80,80,80,80,80,80,80,80,80,80,80,80],"card_choices":[{"not_picked":["Burning Pact","Anger"],"picked":"Thunderclap","floor":1.0},{"not_picked":["Flex","Clothesline"],"picked":"Whirlwind","floor":2.0},{"not_picked":["Headbutt","Havoc"],"picked":"Iron Wave","floor":3.0},{"not_picked":["Havoc","Twin Strike"],"picked":"Pommel Strike","floor":6.0},{"not_picked":["Wild Strike","Juggernaut"],"picked":"True Grit","floor":8.0},{"not_picked":["Headbutt","Metallicize"],"picked":"Spot Weakness","floor":10.0},{"not_picked":["Infernal Blade","Blood for Blood"],"picked":"Flex","floor":11.0},{"not_picked":["Metallicize","Shockwave"],"picked":"Barricade","floor":12.0},{"not_picked":["Thunderclap","Burning Pact","Pommel Strike"],"picked":"SKIP","floor":13.0},{"not_picked":["Flame Barrier","Heavy Blade"],"picked":"Body Slam","floor":14.0},{"not_picked":["Juggernaut","Double Tap"],"picked":"Reaper","floor":16.0},{"not_picked":["Iron Wave","Wild Strike","Rampage"],"picked":"SKIP","floor":18.0},{"not_picked":["Iron Wave+1","Carnage"],"picked":"Battle Trance","floor":22.0},{"not_picked":["Havoc","Body Slam","Clothesline"],"picked":"SKIP","floor":24.0},{"not_picked":["Exhume","Fiend Fire"],"picked":"Juggernaut","floor":33.0},{"not_picked":[],"picked":"Second Wind+1","floor":35.0},{"not_picked":["Iron Wave"],"picked":"SKIP","floor":37.0},{"not_picked":["Perfected Strike"],"picked":"SKIP","floor":41.0},{"not_picked":["Body Slam"],"picked":"SKIP","floor":42.0},{"not_picked":["Rage"],"picked":"SKIP","floor":44.0},{"not_picked":[],"picked":"Dark Embrace+1","floor":46.0},{"not_picked":[],"picked":"Body Slam+1","floor":48.0},{"not_picked":["Rage"],"picked":"SKIP","floor":48.0},{"not_picked":["Carnage"],"picked":"SKIP","floor":54.0}],"player_experience":470958,"relics_obtained":[{"floor":6.0,"key":"Pen Nib"},{"floor":8.0,"key":"War Paint"},{"floor":9.0,"key":"Juzu Bracelet"},{"floor":10.0,"key":"Ornamental Fan"},{"floor":12.0,"key":"Orichalcum"},{"floor":20.0,"key":"Anchor"},{"floor":24.0,"key":"Calipers"},{"floor":26.0,"key":"Happy Flower"},{"floor":28.0,"key":"Champion Belt"},{"floor":28.0,"key":"Meat on the Bone"},{"floor":29.0,"key":"Enchiridion"},{"floor":30.0,"key":"Eternal Feather"},{"floor":42.0,"key":"Self Forming Clay"},{"floor":46.0,"key":"Prayer Wheel"},{"floor":54.0,"key":"Oddly Smooth Stone"}],"event_choices":[{"damage_healed":0.0,"max_hp_gain":0.0,"max_hp_loss":0.0,"gold_gain":0.0,"event_name":"Match and Keep!","player_choice":"1 cards matched","floor":4.0,"gold_loss":0.0,"damage_taken":0.0,"cards_obtained":["Ghostly Armor"]},{"damage_healed":0.0,"max_hp_gain":0.0,"max_hp_loss":0.0,"gold_gain":0.0,"event_name":"Match and Keep!","player_choice":"1 cards matched","floor":4.0,"gold_loss":0.0,"damage_taken":0.0,"cards_obtained":["Ghostly Armor"]},{"damage_healed":0.0,"max_hp_gain":0.0,"max_hp_loss":0.0,"gold_gain":99.0,"event_name":"Nest","player_choice":"Stole From Cult","floor":21.0,"gold_loss":0.0,"damage_taken":0.0},{"damage_healed":0.0,"max_hp_gain":0.0,"max_hp_loss":0.0,"gold_gain":0.0,"event_name":"The Woman in Blue","player_choice":"Bought 0 Potions","floor":27.0,"gold_loss":0.0,"damage_taken":0.0},{"damage_healed":0.0,"max_hp_gain":0.0,"max_hp_loss":0.0,"gold_gain":0.0,"event_name":"Colosseum","player_choice":"Fight","floor":28.0,"gold_loss":0.0,"damage_taken":0.0},{"damage_healed":0.0,"max_hp_gain":0.0,"max_hp_loss":0.0,"gold_gain":0.0,"event_name":"Colosseum","player_choice":"Fought Nobs","floor":28.0,"gold_loss":0.0,"damage_taken":0.0},{"damage_healed":0.0,"max_hp_gain":0.0,"max_hp_loss":0.0,"gold_gain":0.0,"event_name":"Cursed Tome","player_choice":"Obtained Book","floor":29.0,"gold_loss":0.0,"damage_taken":16.0},{"damage_healed":0.0,"max_hp_gain":0.0,"max_hp_loss":0.0,"gold_gain":0.0,"event_name":"Duplicator","player_choice":"Copied","floor":36.0,"gold_loss":0.0,"damage_taken":0.0,"cards_obtained":["Body Slam"]},{"damage_healed":0.0,"max_hp_gain":0.0,"max_hp_loss":0.0,"gold_gain":0.0,"event_name":"Accursed Blacksmith","player_choice":"Forge","floor":39.0,"gold_loss":0.0,"damage_taken":0.0,"cards_upgraded":["True Grit"]}],"is_beta":false,"boss_relics":[{"not_picked":["Runic Dome","Empty Cage"],"picked":"Sozu"},{"not_picked":["Mark of Pain","Coffee Dripper"],"picked":"Busted Crown"}],"items_purged_floors":[19,38,53],"is_endless":false,"potions_floor_spawned":[1,8,12,14,16,22,24,28,35,41,42,44],"ascension_level":12}}