{"host":"5jyeqch4fosnsiz2","time":1612129764,"event":{"mods":["BaseMod","Bestiary","Colored Map","Colored Powertips","Filter the Spire","Minty Spire (QoL Compilation)","Relic Stats","StSLib","Waifu the Spire","ojb\u0027s Better Paths Mod","ojb\u0027s Info Mod"],"gold_per_floor":[109,109,284,284,17,49,49,84,111,121,137,154,171,171,171,266,266,279,296,313,333,333,365,365,397,397,312,312,347,347,359,359,359,359],"floor_reached":33,"language":"ENG","playtime":1155,"items_purged":["Doubt"],"score":295,"play_id":"8bc79b9e-b5ad-4f3b-a6ad-c017e37ec401","local_time":"20210131164924","is_ascension_mode":false,"campfire_choices":[{"data":"Vault","floor":7,"key":"SMITH"},{"data":"TalkToTheHand","floor":15,"key":"SMITH"},{"floor":24,"key":"REST"},{"data":"MentalFortress","floor":30,"key":"SMITH"},{"data":"Tantrum","floor":32,"key":"SMITH"}],"circlet_count":0,"master_deck":["Strike_P","Strike_P","Strike_P","Strike_P","Defend_P+1","Defend_P","Defend_P","Eruption+1","Vigilance+1","FearNoEvil","Tantrum+1","Halt","Vault+1","CrushJoints","FlurryOfBlows","EmptyFist","TalkToTheHand+1","BowlingBash","Wallop","CutThroughFate+1","Indignation+1","Adaptation","InnerPeace+1","FearNoEvil","FollowUp","MentalFortress+1","ThirdEye+1"],"relics":["Runic Dome","Blue Candle","HornCleat","Lantern","Black Star","Nloth\u0027s Gift","Juzu Bracelet","Tiny Chest","Centennial Puzzle","War Paint","Toxic Egg 2","Potion Belt","Red Mask"],"acts_visited":["Exordium","TheCity"],"potions_floor_usage":[16,16,20,23,33],"damage_taken":[{"damage":2,"enemies":"2 Louse","floor":1,"turns":3},{"damage":18,"enemies":"3 Sentries","floor":6,"turns":3},{"damage":3,"enemies":"Gremlin Nob","floor":8,"turns":3},{"damage":0,"enemies":"Jaw Worm","floor":10,"turns":2},{"damage":0,"enemies":"Cultist","floor":11,"turns":3},{"damage":7,"enemies":"Gremlin Gang","floor":12,"turns":4},{"damage":0,"enemies":"2 Fungi Beasts","floor":13,"turns":2},{"damage":31,"enemies":"Hexaghost","floor":16,"turns":5},{"damage":0,"enemies":"Chosen","floor":18,"turns":3},{"damage":11,"enemies":"2 Thieves","floor":19,"turns":3},{"damage":4,"enemies":"Shelled Parasite and Fungi","floor":20,"turns":3},{"damage":0,"enemies":"Chosen and Byrds","floor":21,"turns":3},{"damage":19,"enemies":"Slavers","floor":23,"turns":3},{"damage":4,"enemies":"Book of Stabbing","floor":25,"turns":3},{"damage":1,"enemies":"Masked Bandits","floor":29,"turns":4},{"damage":0,"enemies":"Cultist and Chosen","floor":31,"turns":4},{"damage":88,"enemies":"Automaton","floor":33,"turns":7}],"seed_played":"-1638794490786939174","potions_obtained":[{"floor":8,"key":"SpeedPotion"},{"floor":12,"key":"Swift Potion"},{"floor":13,"key":"AttackPotion"},{"floor":19,"key":"Fire Potion"},{"floor":20,"key":"LiquidBronze"},{"floor":29,"key":"BottledMiracle"}],"is_trial":false,"path_per_floor":["M","?","?","?","$","E","R","E","T","M","M","M","M","?","R","B",null,"M","M","M","M","?","E","R","E","T","?","?","?","R","M","R","B"],"character_chosen":"WATCHER","items_purchased":["Orrery","CrushJoints"],"campfire_rested":1,"item_purchase_floors":[5,5],"current_hp_per_floor":[70,63,63,63,63,45,45,42,42,42,42,35,35,35,35,4,72,72,61,57,57,57,38,59,55,55,55,55,54,54,54,54,0,0],"gold":359,"neow_bonus":"BOSS_RELIC","is_daily":false,"chose_seed":false,"campfire_upgraded":4,"win_rate":0.0,"timestamp":1612129764,"path_taken":["M","?","?","?","$","E","R","E","T","M","?","?","M","?","R","BOSS","M","M","M","M","?","E","R","E","T","?","?","?","R","M","R","BOSS"],"items_purchased_type":["Relic","Card"],"build_version":"2020-12-22","purchased_purges":1,"victory":false,"max_hp_per_floor":[72,72,72,72,72,72,72,72,72,72,72,72,72,72,72,72,72,72,72,72,72,72,72,72,72,72,72,72,72,72,72,72,72,72],"relic_stats":{"Centennial Puzzle":[6],"counters":[17,58],"Blue Candle":[0],"Tiny Chest":0,"Black Star":2,"Nloth\u0027s Gift":2,"Juzu Bracelet":1,"War Paint":["Defend_P","Vigilance"],"obtain_stats":[{"Potion Belt":27,"Lantern":9,"Blue Candle":6,"Juzu Bracelet":23,"War Paint":25,"Runic Dome":0,"Centennial Puzzle":25,"HornCleat":8,"Orrery":5,"Tiny Chest":23,"Black Star":17,"Nloth\u0027s Gift":22,"Red Mask":29,"PureWater":0,"Toxic Egg 2":26},{"Potion Belt":14,"Lantern":3,"Blue Candle":2,"Juzu Bracelet":13,"War Paint":14,"Runic Dome":0,"Centennial Puzzle":14,"HornCleat":3,"Orrery":1,"Tiny Chest":13,"Black Star":8,"Nloth\u0027s Gift":12,"Red Mask":15,"PureWater":0,"Toxic Egg 2":14},{"Potion Belt":43,"Lantern":9,"Blue Candle":6,"Juzu Bracelet":40,"War Paint":43,"Runic Dome":0,"Centennial Puzzle":43,"HornCleat":9,"Orrery":3,"Tiny Chest":40,"Black Star":25,"Nloth\u0027s Gift":37,"Red Mask":47,"PureWater":0,"Toxic Egg 2":43}]},"card_choices":[{"not_picked":["CrushJoints","Crescendo"],"picked":"FearNoEvil","floor":1},{"not_picked":["CutThroughFate","WreathOfFlame"],"picked":"Tantrum","floor":5},{"not_picked":["Pray","JustLucky"],"picked":"Halt","floor":5},{"not_picked":["CrushJoints","Conclude"],"picked":"Vault","floor":5},{"not_picked":["JustLucky","PathToVictory"],"picked":"FlurryOfBlows","floor":6},{"not_picked":["WreathOfFlame","Evaluate"],"picked":"EmptyFist","floor":8},{"not_picked":["ThirdEye","EmptyBody"],"picked":"TalkToTheHand","floor":10},{"not_picked":["ThirdEye","CutThroughFate"],"picked":"BowlingBash","floor":11},{"not_picked":["ClearTheMind","FollowUp"],"picked":"Wallop","floor":12},{"not_picked":["CarveReality","ReachHeaven","WindmillStrike"],"picked":"SKIP","floor":13},{"not_picked":["LikeWater","EmptyBody"],"picked":"CutThroughFate+1","floor":18},{"not_picked":["CrushJoints+1","Protect"],"picked":"Indignation+1","floor":19},{"not_picked":["SignatureMove","ClearTheMind+1"],"picked":"Adaptation","floor":20},{"not_picked":["SashWhip+1","Evaluate"],"picked":"InnerPeace+1","floor":21},{"not_picked":["Nirvana","Judgement"],"picked":"FearNoEvil","floor":23},{"not_picked":["Blasphemy","EmptyBody"],"picked":"FollowUp","floor":25},{"not_picked":["BattleHymn+1","FollowUp"],"picked":"ThirdEye+1","floor":31}],"player_experience":348257,"relics_obtained":[{"floor":6,"key":"Blue Candle"},{"floor":8,"key":"HornCleat"},{"floor":9,"key":"Lantern"},{"floor":23,"key":"Juzu Bracelet"},{"floor":23,"key":"Tiny Chest"},{"floor":25,"key":"Centennial Puzzle"},{"floor":25,"key":"War Paint"},{"floor":26,"key":"Toxic Egg 2"},{"floor":29,"key":"Red Mask"}],"event_choices":[{"cards_removed":["Defend_P"],"damage_healed":0,"gold_gain":0,"player_choice":"Card Removal","damage_taken":7,"max_hp_gain":0,"max_hp_loss":0,"event_name":"Golden Wing","floor":2,"gold_loss":0},{"damage_healed":0,"gold_gain":175,"player_choice":"AGREE","damage_taken":0,"max_hp_gain":0,"max_hp_loss":0,"event_name":"Liars Game","floor":3,"gold_loss":0,"cards_obtained":["Doubt"]},{"damage_healed":0,"gold_gain":0,"player_choice":"Upgraded","damage_taken":0,"max_hp_gain":0,"max_hp_loss":0,"event_name":"Upgrade Shrine","floor":4,"gold_loss":0,"cards_upgraded":["Eruption"]},{"damage_healed":0,"gold_gain":0,"player_choice":"Bought 0 Potions","damage_taken":0,"max_hp_gain":0,"max_hp_loss":0,"event_name":"The Woman in Blue","floor":14,"gold_loss":0},{"damage_healed":0,"gold_gain":0,"player_choice":"Traded Relic","damage_taken":0,"relics_obtained":["Nloth\u0027s Gift"],"max_hp_gain":0,"max_hp_loss":0,"event_name":"N\u0027loth","floor":22,"relics_lost":["Orrery"],"gold_loss":0},{"damage_healed":0,"gold_gain":0,"player_choice":"Obtained Relic","damage_taken":0,"relics_obtained":["Potion Belt"],"max_hp_gain":0,"max_hp_loss":0,"event_name":"Addict","floor":27,"gold_loss":85},{"damage_healed":0,"gold_gain":0,"player_choice":"Read","damage_taken":0,"max_hp_gain":0,"max_hp_loss":0,"event_name":"The Library","floor":28,"gold_loss":0,"cards_obtained":["MentalFortress"]},{"damage_healed":0,"gold_gain":0,"player_choice":"Fought Bandits","damage_taken":0,"max_hp_gain":0,"max_hp_loss":0,"event_name":"Masked Bandits","floor":29,"gold_loss":0}],"is_beta":false,"boss_relics":[{"not_picked":["SlaversCollar","VioletLotus"],"picked":"Black Star"}],"items_purged_floors":[5],"is_endless":false,"potions_floor_spawned":[8,12,13,19,20,29],"killed_by":"Automaton","ascension_level":0}}