{"host":"6q94iy5iz6612v89","time":1612105885,"event":{"mods":["2.2 Compatiblity","AchievementEnabler","BaseMod","Colored Map","DeckTracker","Keyboard Shortcuts","Minty Spire (QoL Compilation)","Permanent Neow","StSLib","SuperFastMode"],"gold_per_floor":[109,122,122,122,34,34,49,83,162,175,194,210,210,223,223,296,296,316,335,363,288,288,288,92,92,117,217,237,252,284,299,299,377,377,397,408,419,294,319,349,364,392,419,433,193,205,252,270,270,270,270,270,270,42,75,75,75],"floor_reached":56,"language":"KOR","playtime":1795,"items_purged":["Strike_R","Strike_R","Bash","Double Tap+1","Second Wind"],"score":2066,"play_id":"519f7d1b-a491-4c57-b352-afc030560d7d","local_time":"20210201001125","is_ascension_mode":true,"campfire_choices":[{"data":"Whirlwind","floor":6.0,"key":"SMITH"},{"data":"Inflame","floor":13.0,"key":"SMITH"},{"data":"Inflame","floor":15.0,"key":"SMITH"},{"data":"Limit Break","floor":23.0,"key":"SMITH"},{"data":"Heavy Blade","floor":25.0,"key":"SMITH"},{"data":"Power Through","floor":32.0,"key":"SMITH"},{"floor":49.0,"key":"RECALL"},{"data":"Barricade","floor":53.0,"key":"SMITH"}],"circlet_count":0,"master_deck":["AscendersBane","Defend_R","Defend_R","Defend_R","Defend_R+1","Sword Boomerang","Whirlwind+1","Inflame+1","Shrug It Off","Inflame+1","Shrug It Off","Heavy Blade+1","Limit Break+1","Flash of Steel","Power Through+1","Offering+1","Barricade+1","Entrench+1","Second Wind+1","Burning Pact","Body Slam"],"relics":["Burning Blood","Bag of Preparation","MealTicket","Velvet Choker","Red Mask","Juzu Bracelet","InkBottle","Bird Faced Urn","Ancient Tea Set","Astrolabe","Ice Cream","War Paint","Singing Bowl","Boot","Membership Card","Torii","Chemical X","Toy Ornithopter"],"acts_visited":["Exordium","TheCity","TheBeyond","TheEnding"],"potions_floor_usage":[56,56],"damage_taken":[{"damage":21.0,"enemies":"Jaw Worm","floor":1.0,"turns":6.0},{"damage":16.0,"enemies":"Small Slimes","floor":2.0,"turns":5.0},{"damage":6.0,"enemies":"Cultist","floor":7.0,"turns":3.0},{"damage":10.0,"enemies":"3 Sentries","floor":8.0,"turns":2.0},{"damage":6.0,"enemies":"Looter","floor":10.0,"turns":4.0},{"damage":6.0,"enemies":"Blue Slaver","floor":11.0,"turns":4.0},{"damage":10.0,"enemies":"Lots of Slimes","floor":12.0,"turns":2.0},{"damage":7.0,"enemies":"Looter","floor":14.0,"turns":4.0},{"damage":27.0,"enemies":"The Guardian","floor":16.0,"turns":11.0},{"damage":0.0,"enemies":"Chosen","floor":18.0,"turns":2.0},{"damage":0.0,"enemies":"3 Byrds","floor":19.0,"turns":3.0},{"damage":12.0,"enemies":"Masked Bandits","floor":20.0,"turns":2.0},{"damage":12.0,"enemies":"Colosseum Slavers","floor":27.0,"turns":3.0},{"damage":13.0,"enemies":"Colosseum Nobs","floor":27.0,"turns":3.0},{"damage":26.0,"enemies":"Shelled Parasite and Fungi","floor":28.0,"turns":4.0},{"damage":26.0,"enemies":"Centurion and Healer","floor":29.0,"turns":6.0},{"damage":58.0,"enemies":"Book of Stabbing","floor":30.0,"turns":5.0},{"damage":2.0,"enemies":"3 Cultists","floor":31.0,"turns":3.0},{"damage":25.0,"enemies":"Automaton","floor":33.0,"turns":5.0},{"damage":6.0,"enemies":"Orb Walker","floor":35.0,"turns":3.0},{"damage":9.0,"enemies":"3 Shapes","floor":36.0,"turns":6.0},{"damage":6.0,"enemies":"Jaw Worm Horde","floor":37.0,"turns":1.0},{"damage":6.0,"enemies":"Mind Bloom Boss Battle","floor":39.0,"turns":8.0},{"damage":6.0,"enemies":"Nemesis","floor":40.0,"turns":7.0},{"damage":6.0,"enemies":"Maw","floor":41.0,"turns":7.0},{"damage":12.0,"enemies":"Reptomancer","floor":42.0,"turns":2.0},{"damage":6.0,"enemies":"Sphere and 2 Shapes","floor":44.0,"turns":8.0},{"damage":6.0,"enemies":"Spire Growth","floor":46.0,"turns":5.0},{"damage":25.0,"enemies":"2 Orb Walkers","floor":47.0,"turns":3.0},{"damage":6.0,"enemies":"Jaw Worm Horde","floor":48.0,"turns":2.0},{"damage":6.0,"enemies":"Time Eater","floor":50.0,"turns":7.0},{"damage":79.0,"enemies":"Awakened One","floor":51.0,"turns":11.0},{"damage":7.0,"enemies":"Shield and Spear","floor":55.0,"turns":10.0},{"damage":111,"enemies":"The Heart","floor":56,"turns":11}],"seed_played":"1188439182302071106","potions_obtained":[{"floor":1.0,"key":"SteroidPotion"},{"floor":7.0,"key":"CultistPotion"},{"floor":11.0,"key":"DuplicationPotion"},{"floor":14.0,"key":"Fruit Juice"},{"floor":18.0,"key":"Weak Potion"},{"floor":20.0,"key":"BloodPotion"},{"floor":29.0,"key":"ElixirPotion"},{"floor":31.0,"key":"LiquidMemories"},{"floor":33.0,"key":"Fire Potion"},{"floor":36.0,"key":"PowerPotion"},{"floor":37.0,"key":"Fire Potion"},{"floor":41.0,"key":"Dexterity Potion"},{"floor":42.0,"key":"SpeedPotion"}],"is_trial":false,"path_per_floor":["M","M","?","?","$","R","M","E","T","M","M","M","R","M","R","B",null,"M","M","?","$","?","R","$","R","T","?","M","M","E","M","R","B",null,"M","M","M","$","?","E","M","E","T","M","$","M","?","M","R","B","B",null,"R","$","E","B"],"character_chosen":"IRONCLAD","items_purchased":["Inflame","Flash of Steel","Membership Card","Weak Potion","Body Slam","Chemical X"],"campfire_rested":0,"item_purchase_floors":[5,24,45,54,54,54],"current_hp_per_floor":[60,50,55,37,37,37,37,33,33,33,33,29,29,28,28,12,72,78,84,78,92,92,92,92,92,92,79,63,65,17,25,25,10,72,76,79,81,92,92,92,92,90,90,96,96,98,81,87,87,93,26,83,83,98,104,0,0],"gold":75,"neow_bonus":"TEN_PERCENT_HP_BONUS","is_daily":false,"chose_seed":false,"campfire_upgraded":7,"win_rate":0.0,"timestamp":1612105885,"path_taken":["M","M","?","?","?","R","M","E","T","M","M","M","R","M","R","BOSS","M","M","?","$","?","R","$","R","T","?","M","M","E","M","R","BOSS","M","M","M","$","?","E","M","E","T","M","$","M","?","M","R","BOSS","BOSS","R","$","E","BOSS"],"items_purchased_type":["Card","Card","Relic","Potion","Card","Relic"],"build_version":"2020-12-22","purchased_purges":5,"victory":false,"max_hp_per_floor":[82,82,87,87,87,87,87,87,87,87,87,87,87,87,87,92,92,92,92,92,92,92,92,92,92,92,92,92,92,92,92,92,92,92,92,92,92,92,92,92,92,94,94,96,96,98,100,102,102,102,102,102,102,102,104,104,104],"card_choices":[{"not_picked":["Reckless Charge","Rage"],"picked":"Sword Boomerang","floor":1.0},{"not_picked":["Iron Wave","Anger"],"picked":"Whirlwind","floor":2.0},{"not_picked":["Perfected Strike","Inflame"],"picked":"Shrug It Off","floor":7.0},{"not_picked":["Shockwave","Perfected Strike"],"picked":"Inflame","floor":8.0},{"not_picked":["Warcry","Iron Wave","Dark Embrace"],"picked":"SKIP","floor":10.0},{"not_picked":["Metallicize","Wild Strike","Headbutt"],"picked":"SKIP","floor":11.0},{"not_picked":["Havoc","Headbutt"],"picked":"Shrug It Off","floor":12.0},{"not_picked":["Shrug It Off","Rage","Heavy Blade"],"picked":"SKIP","floor":14.0},{"not_picked":["Shrug It Off","Rage"],"picked":"Heavy Blade","floor":14.0},{"not_picked":["Fiend Fire","Immolate"],"picked":"Limit Break","floor":16.0},{"not_picked":["Body Slam","Thunderclap","Dropkick"],"picked":"SKIP","floor":18.0},{"not_picked":["Armaments","Anger","True Grit"],"picked":"SKIP","floor":19.0},{"not_picked":["Flex","Dark Embrace"],"picked":"Second Wind","floor":20.0},{"not_picked":["Flame Barrier","Headbutt"],"picked":"Power Through","floor":27.0},{"not_picked":["Sentinel","Second Wind","Cleave"],"picked":"SKIP","floor":28.0},{"not_picked":["Second Wind","Sentinel","Inflame"],"picked":"SKIP","floor":29.0},{"not_picked":["Disarm","Spot Weakness","Clothesline"],"picked":"SKIP","floor":30.0},{"not_picked":["Spot Weakness","Disarm"],"picked":"Offering","floor":31.0},{"not_picked":["Immolate","Berserk"],"picked":"Barricade","floor":33.0},{"not_picked":["Carnage+1","Warcry","Thunderclap+1"],"picked":"SKIP","floor":35.0},{"not_picked":["Flex","Havoc+1","Sword Boomerang"],"picked":"SKIP","floor":36.0},{"not_picked":["Headbutt","Perfected Strike"],"picked":"Burning Pact","floor":37.0},{"not_picked":["Twin Strike","Limit Break","Sword Boomerang"],"picked":"SKIP","floor":40.0},{"not_picked":["Sword Boomerang+1","Clash","Flex+1"],"picked":"SKIP","floor":41.0},{"not_picked":["Headbutt+1","Dark Embrace","Battle Trance"],"picked":"Singing Bowl","floor":42.0},{"not_picked":["Flame Barrier","Whirlwind","Rampage"],"picked":"Singing Bowl","floor":44.0},{"not_picked":["Sword Boomerang","Flame Barrier","Intimidate"],"picked":"Singing Bowl","floor":46.0},{"not_picked":["Clash","Flex+1","Combust"],"picked":"Singing Bowl","floor":47.0},{"not_picked":["Limit Break","Perfected Strike","Carnage"],"picked":"Singing Bowl","floor":48.0},{"not_picked":["Whirlwind+1","Sword Boomerang+1","True Grit"],"picked":"Singing Bowl","floor":55.0}],"player_experience":1443232,"relics_obtained":[{"floor":8.0,"key":"MealTicket"},{"floor":20.0,"key":"Red Mask"},{"floor":26.0,"key":"Juzu Bracelet"},{"floor":27.0,"key":"InkBottle"},{"floor":27.0,"key":"Bird Faced Urn"},{"floor":30.0,"key":"Ancient Tea Set"},{"floor":39.0,"key":"Ice Cream"},{"floor":40.0,"key":"War Paint"},{"floor":42.0,"key":"Singing Bowl"},{"floor":43.0,"key":"Boot"},{"floor":47.0,"key":"Torii"},{"floor":55.0,"key":"Toy Ornithopter"}],"event_choices":[{"damage_healed":0.0,"max_hp_gain":5.0,"max_hp_loss":0.0,"gold_gain":0.0,"event_name":"Big Fish","player_choice":"Donut","floor":3.0,"gold_loss":0.0,"damage_taken":0.0},{"damage_healed":0.0,"max_hp_gain":0.0,"max_hp_loss":0.0,"gold_gain":0.0,"event_name":"Scrap Ooze","player_choice":"Success","floor":4.0,"gold_loss":0.0,"damage_taken":18.0,"relics_obtained":["Bag of Preparation"]},{"damage_healed":0.0,"max_hp_gain":0.0,"max_hp_loss":0.0,"gold_gain":0.0,"event_name":"Masked Bandits","player_choice":"Fought Bandits","floor":20.0,"gold_loss":0.0,"damage_taken":0.0},{"damage_healed":0.0,"max_hp_gain":0.0,"max_hp_loss":0.0,"gold_gain":0.0,"event_name":"The Mausoleum","player_choice":"Ignored","floor":22.0,"gold_loss":0.0,"damage_taken":0.0},{"damage_healed":0.0,"max_hp_gain":0.0,"max_hp_loss":0.0,"gold_gain":0.0,"event_name":"Colosseum","player_choice":"Fight","floor":27.0,"gold_loss":0.0,"damage_taken":0.0},{"damage_healed":0.0,"max_hp_gain":0.0,"max_hp_loss":0.0,"gold_gain":0.0,"event_name":"Colosseum","player_choice":"Fought Nobs","floor":27.0,"gold_loss":0.0,"damage_taken":0.0},{"damage_healed":0.0,"max_hp_gain":0.0,"max_hp_loss":0.0,"gold_gain":0.0,"event_name":"MindBloom","player_choice":"Fight","floor":39.0,"gold_loss":0.0,"damage_taken":0.0},{"damage_healed":0.0,"max_hp_gain":0.0,"max_hp_loss":0.0,"gold_gain":0.0,"event_name":"Mysterious Sphere","player_choice":"Fight","floor":47.0,"gold_loss":0.0,"damage_taken":0.0}],"is_beta":false,"boss_relics":[{"not_picked":["Runic Cube","SlaversCollar"],"picked":"Velvet Choker"},{"not_picked":["Mark of Pain","Calling Bell"],"picked":"Astrolabe"}],"items_purged_floors":[21,24,38,45,54],"is_endless":false,"potions_floor_spawned":[1,7,11,14,18,20,27,29,31,33,36,37,41,42,46,48],"killed_by":"The Heart","ascension_level":20}}