{"host":"q8mjpf3krl0t4p3x","time":1612079100,"event":{"mods":["BaseMod","Colored Map","Colored Powertips","Googly Eyes","Minty Spire (QoL Compilation)","Quick Restart","StSLib","everything is the same but u backflip on backflip","slay the spire mod where everything is the same but ironclad has a cowboy hat"],"gold_per_floor":[119,119,134,150,150,150,177,177,177,193,219,144,169,169,169,169,169],"floor_reached":16,"language":"ENG","playtime":664,"items_purged":["Strike_R"],"score":177,"play_id":"5f31695a-28f5-4313-9493-baae0f0411a2","local_time":"20210130234500","is_ascension_mode":true,"campfire_choices":[{"data":"Bash","floor":6,"key":"SMITH"},{"data":"1","floor":8,"key":"LIFT"},{"floor":15,"key":"REST"}],"circlet_count":0,"master_deck":["AscendersBane","Strike_R","Strike_R","Strike_R","Strike_R","Defend_R","Defend_R","Defend_R","Defend_R","Bash+1","True Grit","Heavy Blade","Wild Strike","Cleave+1"],"relics":["Burning Blood","Girya","Champion Belt","Oddly Smooth Stone","Torii"],"acts_visited":["Exordium"],"potions_floor_usage":[7,7,7,13,16],"damage_taken":[{"damage":13,"enemies":"Jaw Worm","floor":1,"turns":4},{"damage":8,"enemies":"Cultist","floor":3,"turns":6},{"damage":5,"enemies":"Small Slimes","floor":4,"turns":3},{"damage":9,"enemies":"3 Sentries","floor":7,"turns":9},{"damage":18,"enemies":"3 Louse","floor":10,"turns":4},{"damage":39,"enemies":"Lagavulin","floor":11,"turns":8},{"damage":12,"enemies":"3 Sentries","floor":13,"turns":11},{"damage":50,"enemies":"Slime Boss","floor":16,"turns":7}],"seed_played":"-7429800838096772009","potions_obtained":[{"floor":3,"key":"SteroidPotion"},{"floor":5,"key":"Explosive Potion"},{"floor":5,"key":"EssenceOfSteel"},{"floor":11,"key":"HeartOfIron"},{"floor":13,"key":"SpeedPotion"}],"is_trial":false,"path_per_floor":["M","?","M","M","?","R","E","R","T","M","E","$","E","?","R","B"],"character_chosen":"IRONCLAD","items_purchased":[],"campfire_rested":1,"item_purchase_floors":[],"current_hp_per_floor":[73,73,71,72,72,72,69,69,69,57,24,24,18,18,44,0,0],"gold":169,"neow_bonus":"TEN_PERCENT_HP_BONUS","is_daily":false,"chose_seed":false,"campfire_upgraded":1,"win_rate":0.0,"timestamp":1612079100,"path_taken":["M","?","M","M","?","R","E","R","T","?","E","?","E","?","R","BOSS"],"items_purchased_type":[],"build_version":"2020-12-22","purchased_purges":1,"victory":false,"max_hp_per_floor":[88,88,88,88,88,88,88,88,88,88,88,88,88,88,88,88,88],"card_choices":[{"not_picked":["Sword Boomerang","Flame Barrier"],"picked":"True Grit","floor":1},{"not_picked":["Warcry","Havoc"],"picked":"Heavy Blade","floor":3},{"not_picked":["Iron Wave","Sentinel","Thunderclap"],"picked":"SKIP","floor":4},{"not_picked":["Offering","Power Through"],"picked":"Wild Strike","floor":7},{"not_picked":["Perfected Strike","Warcry","Heavy Blade"],"picked":"SKIP","floor":10},{"not_picked":["Entrench","Sever Soul","Clash"],"picked":"SKIP","floor":11},{"not_picked":["True Grit","Metallicize"],"picked":"Cleave","floor":13}],"player_experience":315325,"relics_obtained":[{"floor":7,"key":"Girya"},{"floor":9,"key":"Champion Belt"},{"floor":11,"key":"Oddly Smooth Stone"},{"floor":13,"key":"Torii"}],"event_choices":[{"damage_healed":0,"gold_gain":0,"player_choice":"Leave","damage_taken":0,"max_hp_gain":0,"max_hp_loss":0,"event_name":"The Cleric","floor":2,"gold_loss":0},{"damage_healed":0,"gold_gain":0,"player_choice":"Got Potions","damage_taken":0,"max_hp_gain":0,"max_hp_loss":0,"event_name":"Lab","floor":5,"gold_loss":0},{"damage_healed":0,"gold_gain":0,"player_choice":"Grow","damage_taken":0,"max_hp_gain":0,"max_hp_loss":0,"event_name":"Living Wall","floor":14,"gold_loss":0,"cards_upgraded":["Cleave"]}],"is_beta":false,"boss_relics":[],"items_purged_floors":[12],"is_endless":false,"potions_floor_spawned":[3,11,13],"killed_by":"Slime Boss","ascension_level":10}}