{"host":"jak4ncvfzor9mys0","time":1612053438,"event":{"mods":["2.2 Compatiblity","AchievementEnabler","BaseMod","Better Altar","Better Match","Better Note","Better Sensory Stone","Better Skull","Better Third Choice","BetterRewards","Block Reminder","Colored Map","Colored Powertips","Dark Map","Energized Spire","Gold Saver","Hubris","Infinite Spire","Key Reminder","Minty Spire (QoL Compilation)","Rare Cards Sparkle","Red Circlet Mod","Relic Sorter","Relic Stats","Replay The Spire","Retaliation","Spicy Shops","StSLib","SuperFastMode","The Blue Laboratory"],"gold_per_floor":[730,740,750,750,533,533,545,545,545,560,560,573,573,592,592,696,696,707,719,729,729,584,597,629,629,654,667,667,667,667],"floor_reached":29,"language":"ENG","playtime":1039,"items_purged":["Strike_G","Strike_G","Strike_G"],"score":390,"play_id":"e9bbf9cb-2d38-4d7a-bcd7-8dcb7dbd9f73","local_time":"20210130163718","is_ascension_mode":true,"campfire_choices":[{"data":"Cloak And Dagger","floor":6,"key":"SMITH"},{"data":"Accuracy","floor":8,"key":"SMITH"},{"data":"Cloak And Dagger","floor":15,"key":"SMITH"},{"floor":25,"key":"REST"},{"floor":28,"key":"REST"}],"circlet_count":0,"master_deck":["Strike_G","Defend_G","Defend_G","Defend_G","Defend_G","Defend_G","Survivor","Neutralize","Cloak And Dagger+1","ReplayTheSpireMod:Scrap Shanks","hubris:SlightOfHand+1","Accuracy+1","Calculated Gamble+1","Cloak And Dagger+1","ReplayTheSpireMod:Scrap Shanks","Tactician"],"relics":["Ring of the Snake","Membership Card","Sling","Letter Opener","infinitespire:WardingShard","SacredBark","MealTicket"],"acts_visited":["Exordium","TheCity"],"potions_floor_usage":[24],"damage_taken":[{"damage":5,"enemies":"Small Slimes","floor":1,"turns":5},{"damage":0,"enemies":"Cultist","floor":2,"turns":4},{"damage":1,"enemies":"Jaw Worm","floor":3,"turns":4},{"damage":11,"enemies":"Large Slime","floor":7,"turns":5},{"damage":0,"enemies":"Exordium Wildlife","floor":10,"turns":2},{"damage":0,"enemies":"2 Fungi Beasts","floor":12,"turns":3},{"damage":0,"enemies":"Looter","floor":14,"turns":3},{"damage":17,"enemies":"Hexaghost","floor":16,"turns":9},{"damage":14,"enemies":"Spheric Guardian","floor":18,"turns":4},{"damage":0,"enemies":"3 Byrds","floor":19,"turns":4},{"damage":13,"enemies":"Centurion and Healer","floor":20,"turns":7},{"damage":15,"enemies":"Sentry and Sphere","floor":23,"turns":4},{"damage":14,"enemies":"Slavers","floor":24,"turns":2},{"damage":17,"enemies":"Snake Plant","floor":27,"turns":5},{"damage":43,"enemies":"Nightmare","floor":29,"turns":6}],"seed_played":"6083922870191998732","potions_obtained":[{"floor":2,"key":"blueLaboratory:HorrorPotion"},{"floor":3,"key":"blueLaboratory:HummingbirdPotion"},{"floor":7,"key":"blueLaboratory:BubblePotion"},{"floor":20,"key":"blueLaboratory:EmptyBottle"}],"is_trial":false,"path_per_floor":["M","M","M","?","$","R","M","R","T","M","$","M","?","M","R","B",null,"M","M","M","?","$","M","E","R","T","M","R","NM"],"character_chosen":"THE_SILENT","items_purchased":["Membership Card","Cloak And Dagger","ReplayTheSpireMod:Scrap Shanks","Sling","Accuracy","Letter Opener","ReplayTheSpireMod:Scrap Shanks"],"campfire_rested":2,"item_purchase_floors":[0,0,0,0,5,5,22],"current_hp_per_floor":[65,65,64,64,64,64,53,53,53,53,53,53,53,53,53,36,70,56,56,43,43,43,28,14,35,35,18,39,0,0],"gold":667,"neow_bonus":"","is_daily":false,"chose_seed":false,"campfire_upgraded":3,"win_rate":0.0,"timestamp":1612053438,"path_taken":["M","M","M","?","$","R","M","R","T","M","$","?","?","?","R","BOSS","M","M","M","?","$","M","E","R","T","M","R","NM"],"items_purchased_type":["Relic","Card","Card","Relic","Card","Relic","Card"],"build_version":"2020-12-22","purchased_purges":3,"victory":false,"max_hp_per_floor":[70,70,70,70,70,70,70,70,70,70,70,70,70,70,70,70,70,70,70,70,70,70,70,70,70,70,70,70,70,70],"relic_stats":{"counters":[36,154],"MealTicket":0,"Letter Opener":[95],"obtain_stats":[{"Singing Bowl":4,"Torii":34,"SacredBark":17,"Mango":13,"hubris:SlimyHat":34,"Smiling Mask":8,"Sling":0,"ClockworkSouvenir":36,"Centennial Puzzle":19,"hubris:Backtick":19,"Strawberry":6,"MealTicket":26,"hubris:CuriousFeather":30,"energizedSpire:HugeHouse":17,"Ring of the Snake":0,"Girya":26,"NeowsBlessing":0,"Pen Nib":9,"Charon\u0027s Ashes":19,"Letter Opener":5,"infinitespire:EvilPickle":33,"Calling Bell":34,"infinitespire:WardingShard":9,"Garlic":34,"Bottled Lightning":37,"Membership Card":0},{"Singing Bowl":2,"Torii":19,"SacredBark":29,"Mango":7,"hubris:SlimyHat":19,"Smiling Mask":4,"Sling":21,"ClockworkSouvenir":19,"Centennial Puzzle":10,"hubris:Backtick":10,"Strawberry":3,"MealTicket":34,"hubris:CuriousFeather":17,"energizedSpire:HugeHouse":9,"Ring of the Snake":0,"Girya":14,"NeowsBlessing":0,"Pen Nib":4,"Charon\u0027s Ashes":10,"Letter Opener":24,"infinitespire:EvilPickle":19,"Calling Bell":19,"infinitespire:WardingShard":25,"Garlic":19,"Bottled Lightning":20,"Membership Card":21},{"Singing Bowl":2,"Torii":79,"SacredBark":122,"Mango":19,"hubris:SlimyHat":79,"Smiling Mask":7,"Sling":87,"ClockworkSouvenir":79,"Centennial Puzzle":40,"hubris:Backtick":40,"Strawberry":3,"MealTicket":143,"hubris:CuriousFeather":66,"energizedSpire:HugeHouse":33,"Ring of the Snake":0,"Girya":53,"NeowsBlessing":0,"Pen Nib":7,"Charon\u0027s Ashes":40,"Letter Opener":100,"infinitespire:EvilPickle":79,"Calling Bell":79,"infinitespire:WardingShard":105,"Garlic":79,"Bottled Lightning":85,"Membership Card":87}],"Ring of the Snake":[72]},"card_choices":[{"not_picked":["Toxin Wave","Sneak Up","Deadly Poison"],"picked":"SKIP","floor":1},{"not_picked":["Riddle With Holes","Underhanded Strike"],"picked":"hubris:SlightOfHand","floor":2},{"not_picked":["Dagger Throw","Hidden Blade","PiercingWail"],"picked":"SKIP","floor":3},{"not_picked":["Flying Knee","Envenom","Poisoned Stab"],"picked":"SKIP","floor":7},{"not_picked":["Catalyst","Flying Knee","hubris:TrickCloak"],"picked":"SKIP","floor":10},{"not_picked":["Sucker Punch","Underhanded Strike"],"picked":"Calculated Gamble","floor":12},{"not_picked":["Adrenaline","Blade Dance"],"picked":"Cloak And Dagger","floor":14},{"not_picked":["hubris:SlightOfHand","Draining Mist","Prepared"],"picked":"SKIP","floor":18},{"not_picked":["PiercingWail","Well Laid Plans","Underhanded Strike"],"picked":"SKIP","floor":19},{"not_picked":["Hidden Blade+1","Choke","Crippling Poison"],"picked":"SKIP","floor":20},{"not_picked":["Dodge and Roll+1","PiercingWail","Deadly Poison"],"picked":"SKIP","floor":23},{"not_picked":["Quick Slash","Sucker Punch"],"picked":"Tactician","floor":24},{"not_picked":["Prepared+1","Leg Sweep+1","Backflip"],"picked":"SKIP","floor":27}],"player_experience":2799286,"relics_obtained":[{"floor":9,"key":"infinitespire:WardingShard"},{"floor":26,"key":"MealTicket"}],"event_choices":[{"damage_healed":0,"gold_gain":0,"player_choice":"Forge","damage_taken":0,"max_hp_gain":0,"max_hp_loss":0,"event_name":"Accursed Blacksmith","floor":4,"gold_loss":0,"cards_upgraded":["hubris:SlightOfHand"]},{"damage_healed":0,"gold_gain":0,"player_choice":"Upgraded","damage_taken":0,"max_hp_gain":0,"max_hp_loss":0,"event_name":"Upgrade Shrine","floor":13,"gold_loss":0,"cards_upgraded":["Calculated Gamble"]},{"cards_removed":["Strike_G"],"damage_healed":0,"gold_gain":0,"player_choice":"Offered Basic","damage_taken":0,"max_hp_gain":0,"max_hp_loss":0,"event_name":"Bonfire Elementals","floor":21,"gold_loss":0}],"is_beta":false,"boss_relics":[{"not_picked":["energizedSpire:DeadBattery","Abe\u0027s Treasure"],"picked":"SacredBark"}],"items_purged_floors":[0,5,22],"is_endless":false,"potions_floor_spawned":[2,3,7,16,20,23],"killed_by":"Nightmare","ascension_level":3}}