{"host":"nwd160me4iqdtr8u","time":1612096866,"event":{"mods":["AchievementEnabler","Act Like it!","BaseMod","Colored Map","DeckTracker","Keyboard Shortcuts","Minty Spire (QoL Compilation)","Quick Restart","Rare Cards Sparkle","StSLib","SuperFastMode","everything is the same but u backflip on backflip"],"gold_per_floor":[119,83,101,101,101,142,157,157,183,183,201,214,239,289,289,384,384,402,131,145,145,70,70,90,90,90],"floor_reached":25,"language":"KOR","playtime":595,"items_purged":["Strike_G"],"score":433,"play_id":"c11de184-96b4-4a53-9d57-5ac7d1c7b378","local_time":"20210131214106","is_ascension_mode":true,"campfire_choices":[{"data":"Noxious Fumes","floor":8.0,"key":"SMITH"},{"data":"Deadly Poison","floor":10.0,"key":"SMITH"},{"data":"Bouncing Flask","floor":15.0,"key":"SMITH"},{"data":"Catalyst","floor":23.0,"key":"SMITH"}],"circlet_count":0,"master_deck":["AscendersBane","Strike_G","Strike_G","Strike_G","Defend_G","Defend_G","Defend_G","Defend_G","Defend_G","Survivor","Neutralize","Deadly Poison+1","Calculated Gamble","Endless Agony","Grand Finale","Noxious Fumes+1","Die Die Die","PiercingWail","Well Laid Plans","Bouncing Flask+1","Catalyst+1","Deep Breath","Prepared","Dagger Throw+1"],"relics":["Ring of the Snake","NeowsBlessing","Golden Idol","PreservedInsect","Potion Belt","HoveringKite","Omamori"],"acts_visited":["Exordium","TheCity"],"potions_floor_usage":[25],"damage_taken":[{"damage":0.0,"enemies":"Jaw Worm","floor":1.0,"turns":1.0},{"damage":0.0,"enemies":"Small Slimes","floor":3.0,"turns":1.0},{"damage":0.0,"enemies":"Lagavulin","floor":6.0,"turns":1.0},{"damage":1.0,"enemies":"2 Louse","floor":7.0,"turns":5.0},{"damage":1.0,"enemies":"Gremlin Gang","floor":11.0,"turns":2.0},{"damage":3.0,"enemies":"Red Slaver","floor":12.0,"turns":3.0},{"damage":17.0,"enemies":"Lots of Slimes","floor":13.0,"turns":3.0},{"damage":5.0,"enemies":"Hexaghost","floor":16.0,"turns":9.0},{"damage":0.0,"enemies":"Spheric Guardian","floor":18.0,"turns":3.0},{"damage":0.0,"enemies":"Chosen","floor":20.0,"turns":5.0},{"damage":26.0,"enemies":"Centurion and Healer","floor":24.0,"turns":4.0},{"damage":28,"enemies":"Cultist and Chosen","floor":25,"turns":3}],"seed_played":"-7753271433329796509","potions_obtained":[{"floor":3.0,"key":"Poison Potion"},{"floor":12.0,"key":"Energy Potion"},{"floor":13.0,"key":"LiquidMemories"},{"floor":16.0,"key":"Block Potion"},{"floor":18.0,"key":"CultistPotion"},{"floor":20.0,"key":"Energy Potion"},{"floor":24.0,"key":"Explosive Potion"}],"is_trial":false,"path_per_floor":["M","$","M","?","?","E","M","R","T","R","M","M","M","?","R","B",null,"M","$","M","$","$","R","M","M"],"character_chosen":"THE_SILENT","items_purchased":["Calculated Gamble","Deep Breath","Omamori"],"campfire_rested":0,"item_purchase_floors":[2,19,19],"current_hp_per_floor":[59,59,59,59,59,59,58,58,58,58,57,54,37,37,37,32,53,53,53,53,53,53,53,27,0,0],"gold":90,"neow_bonus":"THREE_ENEMY_KILL","is_daily":false,"chose_seed":false,"campfire_upgraded":4,"win_rate":0.0,"timestamp":1612096866,"path_taken":["M","$","M","?","?","E","M","R","T","R","M","M","M","?","R","BOSS","M","$","?","?","$","R","M","M"],"items_purchased_type":["Card","Card","Relic"],"build_version":"2020-12-22","purchased_purges":1,"victory":false,"max_hp_per_floor":[66,66,66,66,60,60,60,60,60,60,60,60,60,60,60,60,60,60,60,60,60,60,60,60,60,60],"card_choices":[{"not_picked":["Prepared","Well Laid Plans"],"picked":"Deadly Poison","floor":1.0},{"not_picked":["Bane","Predator"],"picked":"Endless Agony","floor":3.0},{"not_picked":["Acrobatics","PiercingWail"],"picked":"Noxious Fumes","floor":6.0},{"not_picked":["Dagger Spray","Backstab"],"picked":"Die Die Die","floor":7.0},{"not_picked":["Flying Knee","Deflect"],"picked":"PiercingWail","floor":11.0},{"not_picked":["Dodge and Roll","Tactician"],"picked":"Well Laid Plans","floor":12.0},{"not_picked":["Dodge and Roll","Flying Knee"],"picked":"Bouncing Flask","floor":13.0},{"not_picked":["Blur","Cloak And Dagger"],"picked":"Catalyst","floor":18.0},{"not_picked":["Skewer","Sucker Punch"],"picked":"Prepared","floor":20.0},{"not_picked":["Outmaneuver","Sucker Punch"],"picked":"Dagger Throw+1","floor":24.0}],"player_experience":347032,"relics_obtained":[{"floor":6.0,"key":"PreservedInsect"},{"floor":9.0,"key":"Potion Belt"}],"event_choices":[{"damage_healed":0.0,"max_hp_gain":0.0,"max_hp_loss":0.0,"gold_gain":0.0,"cards_transformed":["Strike_G"],"event_name":"Living Wall","player_choice":"Change","floor":4.0,"gold_loss":0.0,"damage_taken":0.0,"cards_obtained":["Grand Finale"]},{"damage_healed":0.0,"max_hp_gain":0.0,"max_hp_loss":6.0,"gold_gain":0.0,"event_name":"Golden Idol","player_choice":"Lose Max HP","floor":5.0,"gold_loss":0.0,"damage_taken":0.0,"relics_obtained":["Golden Idol"]},{"damage_healed":0.0,"max_hp_gain":0.0,"max_hp_loss":0.0,"gold_gain":50.0,"event_name":"Golden Shrine","player_choice":"Pray","floor":14.0,"gold_loss":0.0,"damage_taken":0.0}],"is_beta":false,"boss_relics":[{"not_picked":["Runic Dome","Sozu"],"picked":"HoveringKite"}],"items_purged_floors":[22],"is_endless":false,"potions_floor_spawned":[3,12,13,16,18,20,24],"killed_by":"Cultist and Chosen","ascension_level":18}}