{"host":"jw4qy1ihmjslahm8","time":1612133298,"event":{"mods":["2.2 Compatiblity","Act Like it!","BaseMod","BetterRewards","Colored Map","Downfall","Duelist Mod","GifTheSpireLib","Hallownest","HololiveMod","Hubris","Infinite Spire","KinomotoSakuraMod(ñÿîVñ{?)","Minty Spire (QoL Compilation)","Replay The Spire","StSLib","The Animator","WarShipGirlsR/??è≠èóR mod"],"gold_per_floor":[125,135,135,135,130,87,112,120,116,116,116,121,135,135,147,127,127],"floor_reached":16,"language":"ENG","playtime":2506,"items_purged":[],"score":94,"play_id":"49494d3d-e7c0-494d-a2b9-7417d8037cc0","local_time":"20210131144818","is_ascension_mode":false,"campfire_choices":[{"data":"theDuelist:YamataDragon","floor":1,"key":"SMITH"},{"floor":10,"key":"REST"}],"circlet_count":0,"master_deck":["theDuelist:BabyDragon","theDuelist:BloodSparks","theDuelist:CastleWalls","theDuelist:CastleWalls","theDuelist:CaveDragon","theDuelist:CaveDragon","theDuelist:LesserDragon","theDuelist:LesserDragon","theDuelist:Sparks","theDuelist:YamataDragon+1","Regret","theDuelist:SilverWing","theDuelist:CursedBill","theDuelist:MirageDragon","theDuelist:BusterDrake","theDuelist:CyberValley","theDuelist:TyrantWing","theDuelist:SoulCharge","theDuelist:RainbowOverdragon"],"relics":["theDuelist:MillenniumPuzzle","theDuelist:CardPoolRelic","theDuelist:CardPoolBasicRelic","theDuelist:BoosterPackPoolRelic","theDuelist:CardPoolAddRelic","theDuelist:CardPoolMinusRelic","theDuelist:CardPoolSaveRelic","theDuelist:CardPoolOptionsRelic","WingedGreaves","hubris:Icosahedron","theDuelist:MillenniumNecklace","Orichalcum","theDuelist:ZoneToken"],"acts_visited":["Exordium"],"potions_floor_usage":[5,16,16,16],"damage_taken":[{"damage":6,"enemies":"Small Slimes","floor":2,"turns":3},{"damage":11,"enemies":"Small Slimes","floor":5,"turns":11},{"damage":0,"enemies":"2 Louse","floor":6,"turns":2},{"damage":6,"enemies":"Jaw Worm","floor":8,"turns":2},{"damage":6,"enemies":"2 Fungi Beasts","floor":9,"turns":3},{"damage":0,"enemies":"Exordium Wildlife","floor":12,"turns":5},{"damage":7,"enemies":"Blue Slaver","floor":13,"turns":3},{"damage":8,"enemies":"Red Slaver","floor":15,"turns":3},{"damage":104,"enemies":"DF_ARCHETYPE_STREAMLINE","floor":16,"turns":15}],"seed_played":"-4681377719060570175","potions_obtained":[{"floor":6,"key":"ColorlessPotion"},{"floor":6,"key":"DistilledChaos"},{"floor":8,"key":"theDuelist:StunPotion"}],"is_trial":false,"path_per_floor":["R","M","?","?","?","M","T","M","M","R","?","M","M","?","M","B"],"character_chosen":"THE_DUELIST","items_purchased":[],"campfire_rested":1,"item_purchase_floors":[],"current_hp_per_floor":[80,78,78,78,67,71,71,65,59,85,85,85,78,72,64,0,0],"gold":127,"neow_bonus":"ONE_RARE_RELIC","is_daily":false,"chose_seed":false,"campfire_upgraded":1,"win_rate":0.0,"timestamp":1612133298,"path_taken":["R","M","?","?","?","M","T","M","M","R","?","?","M","?","M","BOSS"],"items_purchased_type":[],"build_version":"2020-12-22","purchased_purges":0,"victory":false,"max_hp_per_floor":[80,84,84,84,84,88,88,88,88,88,88,88,88,88,88,88,88],"card_choices":[{"not_picked":["theDuelist:StampingDestruction","theDuelist:AxeDespair","theDuelist:DragonRavine","theDuelist:GoldSarcophagus"],"picked":"theDuelist:SilverWing","floor":2},{"not_picked":["theDuelist:Beatraptor","theDuelist:ScrapIronScarecrow","theDuelist:BlackBrutdrago","theDuelist:Carboneddon"],"picked":"theDuelist:MirageDragon","floor":6},{"not_picked":["theDuelist:YamataDragon","theDuelist:BlackStego","theDuelist:RedRisingDragon","theDuelist:HazyFlameHydra"],"picked":"theDuelist:BusterDrake","floor":8},{"not_picked":["theDuelist:Duoterion","theDuelist:CyberDinosaur","theDuelist:Earthquake","theDuelist:BusterBlader"],"picked":"theDuelist:CyberValley","floor":9},{"not_picked":["theDuelist:SafeZone","theDuelist:FireDarts","theDuelist:DragonShield+1","theDuelist:DefenseZone+1"],"picked":"theDuelist:TyrantWing","floor":12},{"not_picked":["theDuelist:Beatraptor","theDuelist:CyberDragonCore","theDuelist:CyberLaserDragon","theDuelist:UltraEvolutionPill"],"picked":"theDuelist:SoulCharge","floor":13},{"not_picked":["theDuelist:BattleguardKing","theDuelist:BigFire","theDuelist:Hinotama","theDuelist:LightningDarts"],"picked":"theDuelist:RainbowOverdragon","floor":15}],"player_experience":49943,"relics_obtained":[{"floor":7,"key":"Orichalcum"}],"event_choices":[{"damage_healed":0,"gold_gain":0,"player_choice":"Took item - Received: Millennium Necklace","duelist":true,"damage_taken":0,"max_hp_gain":0,"max_hp_loss":0,"event_name":"Millennium Items","floor":4,"gold_loss":0},{"damage_healed":0,"gold_gain":0,"player_choice":"Fight","duelist":true,"damage_taken":0,"max_hp_gain":0,"max_hp_loss":0,"event_name":"Battle City","floor":5,"gold_loss":0},{"damage_healed":0,"gold_gain":0,"player_choice":"Leave","duelist":true,"damage_taken":0,"max_hp_gain":0,"max_hp_loss":0,"event_name":"Relic Duplicator","floor":11,"gold_loss":0},{"damage_healed":0,"gold_gain":0,"player_choice":"Dig - random Duelist relic","duelist":true,"damage_taken":0,"max_hp_gain":0,"max_hp_loss":0,"event_name":"Aknamkanon\u0027s Tomb","floor":14,"gold_loss":0}],"is_beta":false,"boss_relics":[],"items_purged_floors":[],"is_endless":false,"potions_floor_spawned":[6,9,12],"killed_by":"DF_ARCHETYPE_STREAMLINE","ascension_level":0}}