{"host":"yqkaigvm5ejtkgd3","time":1612122930,"event":{"mods":["AlwaysNeverKeys","Aspiration","BaseMod","BetterRewards","Colored Powertips","Conspire","Custom Start","Defuse TimeMaze Blight","Energized Spire","GifTheSpireLib","Minty Spire (QoL Compilation)","Permanent Neow","Reliquary","Replay The Spire","Reworked Bosses","SacredBarkPlus","Shop Mod","StSLib","The Forsaken","The IronCluck","Transform Curses"],"gold_per_floor":[368,543,543,493,511,543,556,584,584,615,628,645,645,678,678,678,678],"floor_reached":16,"language":"ENG","playtime":1112,"items_purged":[],"score":189,"play_id":"d2b664a9-a155-4468-ac19-23e65660b667","local_time":"20210131205530","is_ascension_mode":true,"campfire_choices":[{"data":"Feed","floor":15,"key":"SMITH"}],"circlet_count":0,"master_deck":["Strike_R","Strike_R","Strike_R","Strike_R","Strike_R","Defend_R","Defend_R","Defend_R","Defend_R","Bash","Strike_B","Headbutt","Doubt","Armaments","Demonic Infusion+1","Combust","Immolate","Feed+1","Uppercut","Blood for Blood","Twin Strike","Pummel"],"relics":["Burning Blood","theForsaken:PlagueMask","reliquary:PartyBalloon","Replay:Multitool","conspire:DeflatedDodgeball","Replay:PocketPolymizer","Peace Pipe"],"acts_visited":["Exordium"],"potions_floor_usage":[8,10,12,14],"damage_taken":[{"damage":8.0,"enemies":"2 Louse","floor":1.0,"turns":3.0},{"damage":10.0,"enemies":"Jaw Worm","floor":5.0,"turns":5.0},{"damage":37.0,"enemies":"Gremlin Nob","floor":6.0,"turns":6.0},{"damage":2.0,"enemies":"Small Slimes","floor":7.0,"turns":4.0},{"damage":21,"enemies":"Lagavulin","floor":8,"turns":10},{"damage":0,"enemies":"Gremlin Nob","floor":10,"turns":3},{"damage":0,"enemies":"2 Fungi Beasts","floor":11,"turns":2},{"damage":10,"enemies":"Looter","floor":12,"turns":4},{"damage":0,"enemies":"3 Sentries","floor":14,"turns":1},{"damage":68,"enemies":"The Guardian","floor":16,"turns":9}],"seed_played":"1003197782422331773","potions_obtained":[{"floor":1.0,"key":"Energy Potion"},{"floor":5.0,"key":"SmokeBomb"},{"floor":7.0,"key":"Energy Potion"},{"floor":10,"key":"DuplicationPotion"},{"floor":11,"key":"LiquidMemories"}],"is_trial":false,"path_per_floor":["M","?","?","?","M","E","M","E","T","E","M","M","R","E","R","B"],"character_chosen":"IRONCLAD","items_purchased":[],"campfire_rested":0,"item_purchase_floors":[],"current_hp_per_floor":[78,78,78,78,74,43,47,32,32,38,47,43,67,73,73,5,5],"gold":678,"neow_bonus":"TWO_FIFTY_GOLD","is_daily":false,"chose_seed":false,"campfire_upgraded":1,"win_rate":0.0,"timestamp":1612122930,"path_taken":["M","?","?","?","M","E","M","E","T","E","M","M","R","E","R","BOSS"],"items_purchased_type":[],"build_version":"2020-12-22","purchased_purges":0,"victory":false,"max_hp_per_floor":[80,80,80,80,80,80,80,80,80,80,83,83,83,83,83,83,83],"card_choices":[{"not_picked":["Defy Death","Heavy Blade"],"picked":"Headbutt","floor":1.0},{"not_picked":["Shrug It Off","Massacre"],"picked":"Armaments","floor":5.0},{"not_picked":["Cleave","Flex"],"picked":"Demonic Infusion","floor":6.0},{"not_picked":["Sever Soul","Fire Breathing"],"picked":"Combust","floor":7.0},{"not_picked":["Wild Strike","ReplayReversal"],"picked":"Immolate","floor":8},{"not_picked":["Blood for Blood","Run Through"],"picked":"Feed","floor":10},{"not_picked":["Life Link","Pommel Strike"],"picked":"Uppercut","floor":11},{"not_picked":["Dark Embrace","Hemokinesis"],"picked":"Blood for Blood","floor":12},{"not_picked":["Havoc","ReplayTheSpireMod:Strike From Hell"],"picked":"Twin Strike","floor":14}],"player_experience":318869,"relics_obtained":[{"floor":6.0,"key":"reliquary:PartyBalloon"},{"floor":8,"key":"Replay:Multitool"},{"floor":9,"key":"conspire:DeflatedDodgeball"},{"floor":10,"key":"Replay:PocketPolymizer"},{"floor":14,"key":"Peace Pipe"}],"event_choices":[{"damage_healed":0.0,"max_hp_gain":0.0,"max_hp_loss":0.0,"gold_gain":175.0,"event_name":"Liars Game","player_choice":"AGREE","floor":2.0,"gold_loss":0.0,"damage_taken":0.0,"cards_obtained":["Doubt"]},{"damage_healed":0.0,"max_hp_gain":0.0,"max_hp_loss":0.0,"gold_gain":0.0,"event_name":"Plague Doctor","player_choice":"Obtain Plague Curse","floor":3.0,"gold_loss":0.0,"damage_taken":0.0,"cards_obtained":["theForsaken:PlagueCurse"]},{"cards_removed":["theForsaken:PlagueCurse"],"damage_healed":0.0,"max_hp_gain":0.0,"max_hp_loss":0.0,"gold_gain":0.0,"event_name":"The Cleric","player_choice":"Card Removal","floor":4.0,"gold_loss":50.0,"damage_taken":0.0}],"is_beta":false,"boss_relics":[],"items_purged_floors":[],"is_endless":false,"potions_floor_spawned":[1,5,7,10,11],"killed_by":"The Guardian","ascension_level":1}}