{"host":"2htk0ftrajbcnypf","time":1612100894,"event":{"mods":["AchievementEnabler","BaseMod","Better Note","Custom Start","Grow up Mod","Minty Spire (QoL Compilation)","Permanent Neow","Rare Cards Sparkle","Relic Filter Mod","Remove Card Discount Mod","Replay The Spire","StSLib","SuperFastMode"],"gold_per_floor":[115,190,190,209,159,189,189,220,220,220,238,257,257,56,56,151,151,169,169,185,177,177,177,206,206,206,204,224,241,251,264,264,361,361,373,142,158,0,20,20,70,70,70,100,100,118,118,134,134,134],"floor_reached":51,"language":"ZHS","playtime":2041,"items_purged":["Strike_G","Strike_G","Strike_G","Defend_G","Defend_G","Prepared+1","Phantasmal Killer","Strike_G","Strike_G","Survivor","Calculated Gamble"],"score":1355,"play_id":"af198316-3944-47ef-be1a-8405afad4413","local_time":"20210131214814","is_ascension_mode":false,"campfire_choices":[{"data":"Blade Dance","floor":7,"key":"SMITH"},{"data":"Impatience","floor":10,"key":"SMITH"},{"data":"Prepared","floor":15,"key":"SMITH"},{"data":"Poisoned Strike","floor":23,"key":"SMITH"},{"data":"Endless Agony","floor":25,"key":"SMITH"},{"data":"Hidden Blade","floor":32,"key":"SMITH"},{"data":"Adrenaline","floor":40,"key":"SMITH"},{"data":"Dramatic Entrance","floor":45,"key":"SMITH"},{"floor":49,"key":"REST"}],"circlet_count":0,"master_deck":["Impatience+1","Blade Dance+1","Poisoned Strike+1","Hidden Blade+1","Endless Agony+1","Slice+1","Dramatic Entrance+1","Adrenaline+1"],"relics":["Ring of the Snake","Ornamental Fan","Pen Nib","Ancient Tea Set","Kunai","WristBlade","White Beast Statue","Gambling Chip","Black Star","PreservedInsect","Red Mask","Replay:Towering Pillar of Hats","Replay:Rubber Ducky","Pocketwatch","Basket Of Snakes"],"acts_visited":["Exordium","TheCity","TheBeyond"],"potions_floor_usage":[16,28,30,31,33,33,39,44,50],"damage_taken":[{"damage":3,"enemies":"Jaw Worm","floor":1,"turns":4},{"damage":1,"enemies":"2 Louse","floor":4,"turns":2},{"damage":33,"enemies":"Lagavulin","floor":6,"turns":7},{"damage":16,"enemies":"Gremlin Nob","floor":8,"turns":4},{"damage":0,"enemies":"Small Slimes","floor":11,"turns":2},{"damage":5,"enemies":"Blue Slaver","floor":12,"turns":3},{"damage":15,"enemies":"Fading Forest","floor":16,"turns":11},{"damage":0,"enemies":"3 Byrds","floor":18,"turns":3},{"damage":0,"enemies":"2 Thieves","floor":20,"turns":2},{"damage":0,"enemies":"Replay:Snechameleon","floor":24,"turns":1},{"damage":0,"enemies":"Cultist and Chosen","floor":28,"turns":1},{"damage":0,"enemies":"Centurion and Healer","floor":29,"turns":1},{"damage":0,"enemies":"Snake Plant","floor":30,"turns":1},{"damage":0,"enemies":"Sentry and Sphere","floor":31,"turns":1},{"damage":2,"enemies":"Pondfish","floor":33,"turns":4},{"damage":0,"enemies":"Orb Walker","floor":35,"turns":1},{"damage":0,"enemies":"3 Darklings","floor":37,"turns":1},{"damage":15,"enemies":"4 Shapes","floor":39,"turns":1},{"damage":0,"enemies":"Mind Bloom Boss Battle","floor":41,"turns":1},{"damage":0,"enemies":"R_Hoarder","floor":44,"turns":4},{"damage":0,"enemies":"Jaw Worm Horde","floor":46,"turns":1},{"damage":0,"enemies":"Sphere and 2 Shapes","floor":48,"turns":1},{"damage":0,"enemies":"Awakened One","floor":50,"turns":2}],"seed_played":"-3869421995384874308","potions_obtained":[{"floor":8,"key":"AttackPotion"},{"floor":12,"key":"LiquidBronze"},{"floor":16,"key":"Poison Potion"},{"floor":24,"key":"SpeedPotion"},{"floor":28,"key":"Energy Potion"},{"floor":30,"key":"Elixir"},{"floor":31,"key":"Block Potion"},{"floor":33,"key":"ColorlessPotion"},{"floor":35,"key":"LiquidBronze"},{"floor":39,"key":"Block Potion"},{"floor":41,"key":"FearPotion"},{"floor":44,"key":"ColorlessPotion"},{"floor":48,"key":"Adrenaline Potion"}],"is_trial":false,"path_per_floor":["M","?","T","M","?","E","R","E","T","R","M","M","?","$","R","B",null,"M","?","M","$","?","R","E","R","T","$","M","M","M","M","R","B",null,"M","$","M","?","M","R","?","?","T","E","R","M","?","M","R","B",null],"character_chosen":"THE_SILENT","items_purchased":["Poisoned Strike","PreservedInsect","Dramatic Entrance"],"campfire_rested":1,"item_purchase_floors":[14,36,36],"current_hp_per_floor":[87,86,96,105,115,92,102,96,106,116,126,131,141,151,161,166,250,260,270,280,290,300,310,320,330,340,350,360,370,380,390,400,408,420,430,440,450,460,455,465,475,500,510,520,530,540,550,560,570,580],"gold":134,"neow_bonus":"RANDOM_COLORLESS","is_daily":false,"chose_seed":false,"campfire_upgraded":8,"win_rate":0.0,"timestamp":1612100894,"path_taken":["M","?","?","M","?","E","R","E","T","R","M","M","?","$","R","BOSS","M","?","M","$","?","R","E","R","T","$","M","?","M","M","R","BOSS","M","$","M","?","M","R","?","?","T","E","R","?","?","?","R","BOSS"],"items_purchased_type":["Card","Relic","Card"],"build_version":"2020-12-22","purchased_purges":11,"victory":true,"max_hp_per_floor":[90,100,110,120,130,140,150,160,170,180,190,200,210,220,230,240,250,260,270,280,290,300,310,320,330,340,350,360,370,380,390,400,410,420,430,440,450,460,470,480,490,500,510,520,530,540,550,560,570,580],"card_choices":[{"not_picked":["Mind Blast","Replay:BasicMightCard"],"picked":"Impatience","floor":0},{"not_picked":["Sucker Punch","Flechettes"],"picked":"Blade Dance","floor":1},{"not_picked":["Deadly Poison","Sucker Punch","Slice"],"picked":"SKIP","floor":4},{"not_picked":["Underhanded Strike","ReplayTheSpireMod:Exploit Weakness"],"picked":"Calculated Gamble","floor":6},{"not_picked":["Blade Dance","Replay:Bag of Tricks","Glass Knife"],"picked":"SKIP","floor":8},{"not_picked":["Flechettes","Slice","Flying Knee"],"picked":"SKIP","floor":11},{"not_picked":["Deflect","Slice"],"picked":"Prepared","floor":12},{"not_picked":["ReplayTheSpireMod:Necrosis","Night Terror"],"picked":"Phantasmal Killer","floor":16},{"not_picked":["Prepared","Dagger Spray","Underhanded Strike+1"],"picked":"SKIP","floor":18},{"not_picked":["Dodge and Roll","Noxious Fumes"],"picked":"Hidden Blade","floor":20},{"not_picked":["Deadly Poison+1","Dagger Spray"],"picked":"Endless Agony","floor":24},{"not_picked":["Sneak Up","Blur+1","ReplayTheSpireMod:Exploit Weakness"],"picked":"SKIP","floor":28},{"not_picked":["PiercingWail","Predator"],"picked":"Slice+1","floor":29},{"not_picked":["Underhanded Strike","Sucker Punch+1","Prepared"],"picked":"SKIP","floor":30},{"not_picked":["Quick Slash+1","Heel Hook+1","Underhanded Strike"],"picked":"SKIP","floor":31},{"not_picked":["Deflect+1","Caltrops+1","Dagger Throw"],"picked":"SKIP","floor":35},{"not_picked":["Hidden Blade","Acrobatics","Quick Slash"],"picked":"SKIP","floor":37},{"not_picked":["Outmaneuver+1","Deadly Poison"],"picked":"Adrenaline","floor":39},{"not_picked":["Venomology","Poisoned Stab","Quick Slash"],"picked":"SKIP","floor":44},{"not_picked":["PiercingWail+1","Caltrops+1","Backflip+1"],"picked":"SKIP","floor":46},{"not_picked":["Prepared+1","Bouncing Flask","ReplayTheSpireMod:Speed Training+1"],"picked":"SKIP","floor":48}],"player_experience":1990,"relics_obtained":[{"floor":3,"key":"Ornamental Fan"},{"floor":6,"key":"Pen Nib"},{"floor":8,"key":"Ancient Tea Set"},{"floor":9,"key":"Kunai"},{"floor":24,"key":"White Beast Statue"},{"floor":26,"key":"Gambling Chip"},{"floor":41,"key":"Replay:Towering Pillar of Hats"},{"floor":43,"key":"Replay:Rubber Ducky"},{"floor":44,"key":"Pocketwatch"},{"floor":44,"key":"Basket Of Snakes"}],"event_choices":[{"damage_healed":0,"gold_gain":75,"player_choice":"Gather Gold","damage_taken":11,"max_hp_gain":0,"max_hp_loss":0,"event_name":"World of Goop","floor":2,"gold_loss":0},{"cards_removed":["Defend_G"],"damage_healed":0,"gold_gain":0,"player_choice":"Card Removal","damage_taken":0,"max_hp_gain":0,"max_hp_loss":0,"event_name":"The Cleric","floor":5,"gold_loss":50},{"cards_removed":["Impatience"],"damage_healed":0,"gold_gain":0,"player_choice":"Give","damage_taken":0,"max_hp_gain":0,"max_hp_loss":0,"event_name":"betterNote:BetterNote","floor":19,"gold_loss":0,"cards_obtained":["None"]},{"cards_removed":["Defend_G"],"damage_healed":0,"gold_gain":0,"player_choice":"Purged","damage_taken":0,"max_hp_gain":0,"max_hp_loss":0,"event_name":"Purifier","floor":22,"gold_loss":0},{"damage_healed":0,"gold_gain":0,"player_choice":"Paid","damage_taken":0,"relics_obtained":["Red Mask"],"max_hp_gain":0,"max_hp_loss":0,"event_name":"Tomb of Lord Red Mask","floor":38,"gold_loss":158},{"damage_healed":0,"gold_gain":0,"player_choice":"Fight","damage_taken":0,"max_hp_gain":0,"max_hp_loss":0,"event_name":"MindBloom","floor":41,"gold_loss":0},{"damage_healed":15,"gold_gain":0,"player_choice":"Full Heal","damage_taken":0,"max_hp_gain":0,"max_hp_loss":0,"event_name":"Wheel of Change","floor":42,"gold_loss":0},{"cards_removed":["Neutralize"],"damage_healed":0,"gold_gain":0,"player_choice":"Offered Basic","damage_taken":0,"max_hp_gain":0,"max_hp_loss":0,"event_name":"Bonfire Elementals","floor":47,"gold_loss":0}],"is_beta":false,"boss_relics":[{"not_picked":["Runic Pyramid","Replay:Ancient Bell"],"picked":"WristBlade"},{"not_picked":["Replay:Bronze Core","Empty Cage"],"picked":"Black Star"}],"items_purged_floors":[14,14,14,14,14,21,21,21,21,27,36],"is_endless":false,"potions_floor_spawned":[8,12,16,24,28,29,30,31,33,35,37,39,41,44,46,48],"ascension_level":0}}