{"host":"aas8f8jvicx6tcxp","time":1612112774,"event":{"mods":["BaseMod","Better Third Choice","BetterRewards","Clockwork Mod","Downfall","Minty Spire (QoL Compilation)","Shop Mod","StSLib","The Cursed"],"gold_per_floor":[116,129,141,21,38,38,103,118,118,132,152,168,168,181,181,277,277,294,37,57,57,57,57,77,0,23,36,63,63,77,77,77],"floor_reached":31,"language":"ENG","playtime":2217,"items_purged":[],"score":278,"play_id":"61a5d621-67e9-413e-9553-aaa64b6b1420","local_time":"20210131110614","is_ascension_mode":false,"campfire_choices":[{"floor":6,"key":"REST"},{"floor":15,"key":"RECALL"},{"floor":23,"key":"REST"},{"floor":29,"key":"REST"}],"circlet_count":0,"master_deck":["Defend_B","Defend_B","Defend_B","Defend_B","Zap","Dualcast","Gash","Self Repair","Loop","Conserve Battery","Chill","Lockon","Gash","Cold Snap","Barrage","Gash","Redo","All For One","Cold Snap+1","Consume+1","White Noise+1","Rebound","FTL","Electrodynamics","Chaos","Slimebound:Tackle+1","Slimebound:Tackle+1","Slimebound:Tackle+1","Melter","Gash","Hello World","Ball Lightning+1"],"relics":["Fusion Hammer","Ornamental Fan","Astrolabe","Membership Card","Nloth\u0027s Gift","Letter Opener"],"acts_visited":["Exordium","TheCity"],"potions_floor_usage":[12,16,20,20,28,28,28,28,28],"damage_taken":[{"damage":5,"enemies":"2 Louse","floor":1,"turns":3},{"damage":6,"enemies":"Jaw Worm","floor":2,"turns":4},{"damage":3,"enemies":"Small Slimes","floor":3,"turns":3},{"damage":14,"enemies":"Red Slaver","floor":5,"turns":4},{"damage":42,"enemies":"Lagavulin Event","floor":7,"turns":8},{"damage":0,"enemies":"Large Slime","floor":8,"turns":2},{"damage":11,"enemies":"Exordium Thugs","floor":10,"turns":5},{"damage":0,"enemies":"Red Slaver","floor":11,"turns":2},{"damage":12,"enemies":"Exordium Wildlife","floor":12,"turns":4},{"damage":0,"enemies":"3 Louse","floor":14,"turns":3},{"damage":25,"enemies":"Slime Boss","floor":16,"turns":5},{"damage":0,"enemies":"Spheric Guardian","floor":18,"turns":3},{"damage":10,"enemies":"2 Thieves","floor":20,"turns":2},{"damage":22,"enemies":"Centurion and Healer","floor":24,"turns":6},{"damage":3,"enemies":"Cultist and Chosen","floor":27,"turns":5},{"damage":58,"enemies":"Book of Stabbing","floor":28,"turns":6},{"damage":21,"enemies":"Snecko","floor":30,"turns":5},{"damage":24,"enemies":"Snake Plant","floor":31,"turns":4}],"seed_played":"5764264206740724129","potions_obtained":[{"floor":2,"key":"sneckomod:MuddlingPotion"},{"floor":7,"key":"DuplicationPotion"},{"floor":11,"key":"sneckomod:MuddlingPotion"},{"floor":14,"key":"bronze:BurnAndBuffPotion"},{"floor":16,"key":"Fire Potion"},{"floor":18,"key":"Strength Potion"},{"floor":27,"key":"EntropicBrew"},{"floor":28,"key":"FocusPotion"}],"is_trial":false,"path_per_floor":["M","M","M","$","M","R","?","M","T","M","M","M","?","M","R","B",null,"M","$","M","?","?","R","M","$","T","M","E","R","M","M"],"character_chosen":"DEFECT","items_purchased":["Loop","Conserve Battery","Membership Card","FTL","Electrodynamics","Melter","PotionOfCapacity"],"campfire_rested":3,"item_purchase_floors":[4,4,19,19,19,25,25],"current_hp_per_floor":[70,64,68,68,61,75,40,47,47,43,50,38,63,70,70,52,75,75,75,65,65,65,75,60,60,60,64,13,35,21,0,0],"gold":77,"neow_bonus":"BOSS_RELIC","is_daily":false,"chose_seed":false,"campfire_upgraded":0,"win_rate":0.0,"timestamp":1612112774,"path_taken":["M","M","M","$","M","R","?","M","T","M","M","M","?","M","R","BOSS","M","$","M","?","?","R","M","$","T","M","E","R","M","M"],"items_purchased_type":["Card","Card","Relic","Card","Card","Card","Potion"],"build_version":"2020-12-22","purchased_purges":0,"victory":false,"max_hp_per_floor":[75,75,75,75,75,75,75,75,75,75,75,75,75,75,75,75,75,75,75,75,75,75,75,75,75,75,75,75,75,75,75,75],"card_choices":[{"not_picked":["Leap","Beam Cell"],"picked":"Gash","floor":1},{"not_picked":["Stack","Redo"],"picked":"Self Repair","floor":2},{"not_picked":["Streamline","Compile Driver"],"picked":"Thunder Strike","floor":3},{"not_picked":["Lockon","Auto Shields"],"picked":"Chill","floor":5},{"not_picked":["Streamline","Stack"],"picked":"Lockon","floor":7},{"not_picked":["Turbo","Barrage"],"picked":"Gash","floor":8},{"not_picked":["Recycle","Coolheaded"],"picked":"Cold Snap","floor":10},{"not_picked":["Stack","Conserve Battery"],"picked":"Barrage","floor":11},{"not_picked":["Sunder","Cold Snap"],"picked":"Gash","floor":12},{"not_picked":["Force Field","Barrage"],"picked":"Redo","floor":14},{"not_picked":["Multi-Cast","Creative AI"],"picked":"All For One","floor":16},{"not_picked":["Stack+1","Streamline"],"picked":"Rebound","floor":18},{"not_picked":["Rip and Tear","Turbo"],"picked":"Chaos","floor":20},{"not_picked":["Stack","Reboot","Redo"],"picked":"SKIP","floor":24},{"not_picked":["Redo","Rip and Tear"],"picked":"Gash","floor":27},{"not_picked":["Redo","Cold Snap"],"picked":"Hello World","floor":28},{"not_picked":["Thunder Strike","Glacier"],"picked":"Ball Lightning+1","floor":30}],"player_experience":351167,"relics_obtained":[{"floor":7,"key":"Symbiotic Virus"},{"floor":9,"key":"Ornamental Fan"},{"floor":28,"key":"Letter Opener"}],"event_choices":[{"damage_healed":0,"gold_gain":0,"player_choice":"Searched \u00272\u0027 times","damage_taken":0,"max_hp_gain":0,"max_hp_loss":0,"event_name":"Dead Adventurer","floor":7,"gold_loss":0},{"damage_healed":25,"gold_gain":0,"player_choice":"Banana","damage_taken":0,"max_hp_gain":0,"max_hp_loss":0,"event_name":"Big Fish","floor":13,"gold_loss":0},{"damage_healed":0,"gold_gain":0,"player_choice":"Traded Relic","damage_taken":0,"relics_obtained":["Nloth\u0027s Gift"],"max_hp_gain":0,"max_hp_loss":0,"event_name":"N\u0027loth","floor":22,"relics_lost":["Symbiotic Virus"],"gold_loss":0}],"is_beta":false,"boss_relics":[{"not_picked":["Sozu","Ectoplasm"],"picked":"Astrolabe"}],"items_purged_floors":[],"is_endless":false,"potions_floor_spawned":[2,7,11,14,16,18,27,28],"killed_by":"Snake Plant","ascension_level":0}}