{"host":"o67iw34xdwlyp80a","time":1612121510,"event":{"mods":["BaseMod","Colored Map","Minty Spire (QoL Compilation)","Relic Stats","StSLib"],"gold_per_floor":[211,211,286,301,318,344,344,377,377,377,404,404,417,430,430,535,535,551,551,563,40,52,52,84,84,108,8,28,28,39,138,138,236,236,253,253,253,253,272,272,297,311,338,57,57,57],"floor_reached":45,"language":"ENG","playtime":5050,"items_purged":["Strike_R","Defend_R","Burning Pact+1"],"score":649,"play_id":"a51ac873-6834-4d2b-aa46-f370e66de432","local_time":"20210131193150","is_ascension_mode":true,"campfire_choices":[{"data":"Juggernaut","floor":7.0,"key":"SMITH"},{"floor":10.0,"key":"REST"},{"floor":15.0,"key":"REST"},{"floor":23.0,"key":"REST"},{"floor":25.0,"key":"REST"},{"data":"Limit Break","floor":29.0,"key":"SMITH"},{"floor":32.0,"key":"REST"},{"data":"Fire Breathing","floor":40.0,"key":"SMITH"}],"circlet_count":0,"master_deck":["Defend_R","Defend_R","Bash","Pommel Strike","Infernal Blade","Spot Weakness","Juggernaut+1","Twin Strike","Fire Breathing+1","Clash","Limit Break+1","Whirlwind","Twin Strike","Shrug It Off","Carnage","Iron Wave+1","Bludgeon","Flame Barrier+1","Hemokinesis+1","Sword Boomerang+1","Reaper","Cleave+1"],"relics":["Burning Blood","Bag of Marbles","StrikeDummy","Kunai","Lizard Tail","Mark of Pain","Bronze Scales","Bottled Tornado","Pear","Bag of Preparation","Astrolabe","Blue Candle","PreservedInsect","MealTicket"],"acts_visited":["Exordium","TheCity","TheBeyond"],"potions_floor_usage":[42],"damage_taken":[{"damage":3.0,"enemies":"Jaw Worm","floor":1.0,"turns":5.0},{"damage":3.0,"enemies":"Small Slimes","floor":4.0,"turns":3.0},{"damage":6.0,"enemies":"2 Louse","floor":5.0,"turns":3.0},{"damage":45.0,"enemies":"3 Sentries","floor":6.0,"turns":7.0},{"damage":22.0,"enemies":"Gremlin Nob","floor":8.0,"turns":4.0},{"damage":27.0,"enemies":"3 Sentries","floor":11.0,"turns":7.0},{"damage":8.0,"enemies":"Blue Slaver","floor":13.0,"turns":2.0},{"damage":9.0,"enemies":"Lots of Slimes","floor":14.0,"turns":4.0},{"damage":22.0,"enemies":"Hexaghost","floor":16.0,"turns":9.0},{"damage":38.0,"enemies":"3 Byrds","floor":18.0,"turns":5.0},{"damage":17.0,"enemies":"Spheric Guardian","floor":20.0,"turns":4.0},{"damage":14.0,"enemies":"Chosen and Byrds","floor":22.0,"turns":4.0},{"damage":28.0,"enemies":"Slavers","floor":24.0,"turns":3.0},{"damage":17.0,"enemies":"3 Cultists","floor":28.0,"turns":4.0},{"damage":9.0,"enemies":"Snake Plant","floor":30.0,"turns":2.0},{"damage":56.0,"enemies":"Champ","floor":33.0,"turns":7.0},{"damage":30.0,"enemies":"3 Darklings","floor":35.0,"turns":5.0},{"damage":0.0,"enemies":"3 Shapes","floor":39.0,"turns":2.0},{"damage":113,"enemies":"Nemesis","floor":41,"turns":7},{"damage":35,"enemies":"Spire Growth","floor":42,"turns":5},{"damage":11,"enemies":"Jaw Worm Horde","floor":45,"turns":1}],"seed_played":"1388377461055386478","potions_obtained":[{"floor":1.0,"key":"ElixirPotion"},{"floor":5.0,"key":"DistilledChaos"},{"floor":6.0,"key":"DuplicationPotion"},{"floor":8.0,"key":"SteroidPotion"},{"floor":14.0,"key":"Dexterity Potion"},{"floor":18.0,"key":"PowerPotion"},{"floor":22.0,"key":"LiquidMemories"},{"floor":24.0,"key":"Fire Potion"},{"floor":41,"key":"SkillPotion"},{"floor":42,"key":"GamblersBrew"}],"is_trial":false,"path_per_floor":["M","?","?","M","M","E","R","E","T","R","E","?","M","M","R","B",null,"M","?","M","$","M","R","E","R","T","$","M","R","M","?","R","B",null,"M","?","?","?","M","R","E","M","T","$","M"],"character_chosen":"IRONCLAD","items_purchased":["Bronze Scales","Shrug It Off","Bottled Tornado","MealTicket"],"campfire_rested":5,"item_purchase_floors":[21,21,21,44],"current_hp_per_floor":[75,75,64,67,67,28,28,12,12,36,15,15,13,10,34,18,65,33,33,22,22,14,38,26,53,53,53,42,42,39,39,66,16,72,48,71,71,71,77,77,33,11,11,11,0,0],"gold":57,"neow_bonus":"HUNDRED_GOLD","is_daily":false,"chose_seed":false,"campfire_upgraded":3,"win_rate":0.0,"timestamp":1612121510,"path_taken":["M","?","?","M","M","E","R","E","T","R","E","?","M","M","R","BOSS","M","?","M","$","?","R","E","R","T","$","M","R","M","?","R","BOSS","M","?","?","?","M","R","E","M","T","$","?"],"items_purchased_type":["Relic","Card","Relic","Relic"],"build_version":"2020-12-22","purchased_purges":3,"victory":false,"max_hp_per_floor":[80,80,80,80,80,80,80,80,80,80,80,80,80,80,80,80,80,80,80,80,80,80,80,90,90,90,90,90,90,90,90,90,90,90,90,90,90,90,90,90,90,90,90,90,90,90],"relic_stats":{"Lizard Tail":45,"counters":[21,93],"Bronze Scales":[112],"Astrolabe":["Flame Barrier","Burning Pact","Hemokinesis"],"Blue Candle":[0],"MealTicket":0,"PreservedInsect":0,"Bag of Preparation":[16],"Kunai":[17],"obtain_stats":[{"Pear":24,"Astrolabe":34,"Blue Candle":41,"PreservedInsect":43,"Bag of Preparation":26,"Bottled Tornado":21,"Burning Blood":0,"Lizard Tail":11,"Bronze Scales":21,"MealTicket":44,"Mark of Pain":17,"Bag of Marbles":6,"Kunai":9,"StrikeDummy":8},{"Pear":13,"Astrolabe":16,"Blue Candle":19,"PreservedInsect":20,"Bag of Preparation":13,"Bottled Tornado":11,"Burning Blood":0,"Lizard Tail":6,"Bronze Scales":11,"MealTicket":20,"Mark of Pain":9,"Bag of Marbles":4,"Kunai":5,"StrikeDummy":5},{"Pear":60,"Astrolabe":73,"Blue Candle":87,"PreservedInsect":92,"Bag of Preparation":60,"Bottled Tornado":53,"Burning Blood":0,"Lizard Tail":29,"Bronze Scales":53,"MealTicket":92,"Mark of Pain":44,"Bag of Marbles":18,"Kunai":22,"StrikeDummy":22}],"Burning Blood":120},"card_choices":[{"not_picked":["Iron Wave","Wild Strike"],"picked":"Pommel Strike","floor":1.0},{"not_picked":["Anger","Sword Boomerang"],"picked":"Spot Weakness","floor":4.0},{"not_picked":["Wild Strike","Metallicize"],"picked":"Juggernaut","floor":5.0},{"not_picked":["Havoc","True Grit","Bloodletting"],"picked":"SKIP","floor":6.0},{"not_picked":["Havoc","Fiend Fire"],"picked":"Twin Strike","floor":8.0},{"not_picked":["Body Slam","Power Through"],"picked":"Fire Breathing","floor":11.0},{"not_picked":["Entrench","Warcry"],"picked":"Clash","floor":13.0},{"not_picked":["Heavy Blade","Battle Trance","Body Slam"],"picked":"SKIP","floor":14.0},{"not_picked":["Impervious","Barricade"],"picked":"Limit Break","floor":16.0},{"not_picked":["Hemokinesis","Reckless Charge","Dark Embrace"],"picked":"SKIP","floor":18.0},{"not_picked":["Body Slam","Havoc"],"picked":"Twin Strike","floor":20.0},{"not_picked":["Clothesline","Seeing Red","Perfected Strike"],"picked":"SKIP","floor":22.0},{"not_picked":["Headbutt","True Grit"],"picked":"Carnage","floor":24.0},{"not_picked":["Sever Soul","Sword Boomerang"],"picked":"Iron Wave+1","floor":28.0},{"not_picked":["Dropkick","Pommel Strike","Clothesline+1"],"picked":"SKIP","floor":30.0},{"not_picked":["Corruption","Exhume"],"picked":"Bludgeon","floor":33.0},{"not_picked":["Fire Breathing","Reckless Charge"],"picked":"Sword Boomerang+1","floor":35.0},{"not_picked":["Wild Strike+1","Anger","Combust+1"],"picked":"SKIP","floor":39.0},{"not_picked":["Pommel Strike+1","Heavy Blade"],"picked":"Reaper","floor":41},{"not_picked":["Anger+1","Armaments"],"picked":"Cleave+1","floor":42}],"player_experience":1134541,"relics_obtained":[{"floor":6.0,"key":"Bag of Marbles"},{"floor":8.0,"key":"StrikeDummy"},{"floor":9.0,"key":"Kunai"},{"floor":11.0,"key":"Lizard Tail"},{"floor":24.0,"key":"Pear"},{"floor":26.0,"key":"Bag of Preparation"},{"floor":41,"key":"Blue Candle"},{"floor":43,"key":"PreservedInsect"}],"event_choices":[{"damage_healed":0.0,"max_hp_gain":0.0,"max_hp_loss":0.0,"gold_gain":0.0,"cards_transformed":["Strike_R"],"event_name":"Living Wall","player_choice":"Change","floor":2.0,"gold_loss":0.0,"damage_taken":0.0,"cards_obtained":["Infernal Blade"]},{"damage_healed":0.0,"max_hp_gain":0.0,"max_hp_loss":0.0,"gold_gain":75.0,"event_name":"World of Goop","player_choice":"Gather Gold","floor":3.0,"gold_loss":0.0,"damage_taken":11.0},{"damage_healed":0.0,"max_hp_gain":0.0,"max_hp_loss":0.0,"gold_gain":0.0,"event_name":"Golden Idol","player_choice":"Ignored","floor":12.0,"gold_loss":0.0,"damage_taken":0.0},{"damage_healed":0.0,"max_hp_gain":0.0,"max_hp_loss":0.0,"gold_gain":0.0,"cards_transformed":["Strike_R"],"event_name":"Transmorgrifier","player_choice":"Transformed","floor":19.0,"gold_loss":0.0,"damage_taken":0.0,"cards_obtained":["Whirlwind"]},{"damage_healed":0.0,"max_hp_gain":0.0,"max_hp_loss":0.0,"gold_gain":99.0,"event_name":"Nest","player_choice":"Stole From Cult","floor":31.0,"gold_loss":0.0,"damage_taken":0.0},{"damage_healed":23.0,"max_hp_gain":0.0,"max_hp_loss":0.0,"gold_gain":0.0,"event_name":"Winding Halls","player_choice":"Writhe","floor":36.0,"gold_loss":0.0,"damage_taken":0.0,"cards_obtained":["Writhe"]},{"damage_healed":0.0,"max_hp_gain":0.0,"max_hp_loss":0.0,"gold_gain":0.0,"event_name":"Mysterious Sphere","player_choice":"Ignored","floor":37.0,"gold_loss":0.0,"damage_taken":0.0},{"cards_removed":["Writhe"],"damage_healed":0.0,"max_hp_gain":0.0,"max_hp_loss":0.0,"gold_gain":0.0,"event_name":"Fountain of Cleansing","player_choice":"Removed Curses","floor":38.0,"gold_loss":0.0,"damage_taken":0.0}],"is_beta":false,"boss_relics":[{"not_picked":["SacredBark","Black Blood"],"picked":"Mark of Pain"},{"not_picked":["Runic Dome","Snecko Eye"],"picked":"Astrolabe"}],"items_purged_floors":[21,27,44],"is_endless":false,"potions_floor_spawned":[1,5,6,8,14,18,22,24,41,42],"killed_by":"Jaw Worm Horde","ascension_level":7}}