{"host":"ysj15tgd1sneq0s0","time":1612059465,"event":{"mods":["AchievementEnabler","BaseMod","DeckTracker","Highlight Path","Minty Spire (QoL Compilation)","Permanent Neow","Quick Restart","StSLib","SuperFastMode","everything is the same but u backflip on backflip"],"gold_per_floor":[113,113,3,23,23,23,33,49,49,64,64,84,118,135,135,236,236,236,236,236,236,252,287,306,317,343,361,361,271,171,181,181,284,284,295,308,1,1,1,1,51,63,143,143,173,173,204,79,79,79],"floor_reached":51,"language":"KOR","playtime":1631,"items_purged":["Strike_G","Strike_G","Defend_G"],"score":947,"play_id":"4ea1b946-0f02-4653-8605-4610ad0f472e","local_time":"20210131111745","is_ascension_mode":true,"campfire_choices":[{"data":"Accuracy","floor":6,"key":"SMITH"},{"data":"Blade Dance","floor":11,"key":"SMITH"},{"data":"Blade Dance","floor":15,"key":"SMITH"},{"floor":32,"key":"REST"},{"data":"After Image","floor":40,"key":"SMITH"},{"data":"Cloak And Dagger","floor":44,"key":"SMITH"},{"floor":46,"key":"REST"},{"floor":49,"key":"REST"}],"circlet_count":0,"master_deck":["Strike_G","Strike_G","Defend_G","Defend_G","Survivor","Neutralize","Accuracy+1","Accuracy+1","Blade Dance+1","Finisher","Blade Dance","Blade Dance+1","PiercingWail","Blade Dance","Choke","Infinite Blades+1","PiercingWail","Cloak And Dagger+1","After Image+1","Backflip","Cloak And Dagger","Infinite Blades+1","Adrenaline+1","PiercingWail+1"],"relics":["Ring of the Snake","Snake Skull","Paper Crane","SlaversCollar","MutagenicStrength","Dream Catcher","Ancient Tea Set","Sozu","Shuriken","Toy Ornithopter","Shovel","Toxic Egg 2","Incense Burner","Bag of Marbles"],"acts_visited":["Exordium","TheCity","TheBeyond"],"potions_floor_usage":[16,16,16,33,33,35],"damage_taken":[{"damage":1,"enemies":"Jaw Worm","floor":1,"turns":6},{"damage":5,"enemies":"Cultist","floor":4,"turns":6},{"damage":1,"enemies":"Small Slimes","floor":7,"turns":5},{"damage":1,"enemies":"Exordium Wildlife","floor":8,"turns":4},{"damage":0,"enemies":"Looter","floor":10,"turns":2},{"damage":1,"enemies":"Large Slime","floor":12,"turns":2},{"damage":12,"enemies":"3 Sentries","floor":13,"turns":3},{"damage":0,"enemies":"Red Slaver","floor":14,"turns":1},{"damage":39,"enemies":"The Guardian","floor":16,"turns":5},{"damage":0,"enemies":"Spheric Guardian","floor":18,"turns":1},{"damage":0,"enemies":"2 Thieves","floor":22,"turns":1},{"damage":0,"enemies":"Gremlin Leader","floor":23,"turns":3},{"damage":3,"enemies":"Snake Plant","floor":24,"turns":2},{"damage":27,"enemies":"Centurion and Healer","floor":25,"turns":6},{"damage":10,"enemies":"Snecko","floor":27,"turns":3},{"damage":12,"enemies":"Chosen and Byrds","floor":31,"turns":2},{"damage":25,"enemies":"Automaton","floor":33,"turns":5},{"damage":13,"enemies":"3 Darklings","floor":35,"turns":4},{"damage":19,"enemies":"Orb Walker","floor":36,"turns":3},{"damage":3,"enemies":"Mind Bloom Boss Battle","floor":41,"turns":4},{"damage":14,"enemies":"Maw","floor":42,"turns":5},{"damage":0,"enemies":"Giant Head","floor":45,"turns":3},{"damage":25,"enemies":"Reptomancer","floor":47,"turns":4},{"damage":5,"enemies":"Donu and Deca","floor":50,"turns":4}],"seed_played":"-4786831778349268107","potions_obtained":[{"floor":1,"key":"Poison Potion"},{"floor":4,"key":"PowerPotion"},{"floor":13,"key":"LiquidMemories"},{"floor":22,"key":"Strength Potion"},{"floor":23,"key":"AttackPotion"},{"floor":24,"key":"Fire Potion"},{"floor":33,"key":"Fire Potion"}],"is_trial":false,"path_per_floor":["M","?","$","M","?","R","M","M","T","M","R","M","E","M","R","B",null,"M","?","?","?","M","E","M","M","T","M","?","?","$","M","R","B",null,"M","M","$","?","$","R","?","M","T","R","E","R","E","$","R","B",null],"character_chosen":"THE_SILENT","items_purchased":["Accuracy","Shuriken","Backflip"],"campfire_rested":3,"item_purchase_floors":[3,37,37],"current_hp_per_floor":[69,62,62,57,57,57,56,55,55,55,55,54,42,42,42,3,70,70,70,70,57,57,57,54,27,27,17,42,42,42,30,52,27,75,62,43,43,43,43,43,40,26,26,26,26,48,23,23,45,40],"gold":79,"neow_bonus":"REMOVE_CARD","is_daily":false,"chose_seed":false,"campfire_upgraded":5,"win_rate":0.0,"timestamp":1612059465,"path_taken":["M","?","$","M","?","R","?","M","T","M","R","?","E","M","R","BOSS","M","?","?","?","?","E","M","M","T","M","?","?","$","M","R","BOSS","M","M","$","?","?","R","?","M","T","R","E","R","E","$","R","BOSS"],"items_purchased_type":["Card","Relic","Card"],"build_version":"2020-12-22","purchased_purges":3,"victory":true,"max_hp_per_floor":[70,70,70,70,70,70,70,70,70,70,70,70,70,70,70,70,70,70,70,70,75,75,75,75,75,75,75,75,75,75,75,75,75,75,75,75,75,75,75,75,75,75,75,75,75,75,75,75,75,75],"card_choices":[{"not_picked":["Eviscerate","Outmaneuver"],"picked":"Accuracy","floor":1},{"not_picked":["Poisoned Stab","Underhanded Strike","Heel Hook"],"picked":"SKIP","floor":4},{"not_picked":["Skewer","Prepared"],"picked":"Blade Dance","floor":7},{"not_picked":["Bane","Acrobatics","Burst"],"picked":"SKIP","floor":8},{"not_picked":["Dagger Spray","Deflect"],"picked":"Finisher","floor":10},{"not_picked":["Slice","Prepared"],"picked":"Blade Dance","floor":12},{"not_picked":["Phantasmal Killer","PiercingWail"],"picked":"Blade Dance","floor":13},{"not_picked":["Skewer","Heel Hook"],"picked":"PiercingWail","floor":14},{"not_picked":["Distraction","Concentrate","Choke"],"picked":"SKIP","floor":18},{"not_picked":["Sucker Punch","Underhanded Strike"],"picked":"Blade Dance","floor":22},{"not_picked":["Distraction","Quick Slash","Dodge and Roll"],"picked":"SKIP","floor":23},{"not_picked":["Flying Knee","Acrobatics"],"picked":"Choke","floor":24},{"not_picked":["Flying Knee","All Out Attack","Acrobatics+1"],"picked":"SKIP","floor":25},{"not_picked":["Quick Slash","Skewer+1"],"picked":"Infinite Blades","floor":27},{"not_picked":["Prepared+1","Catalyst"],"picked":"PiercingWail","floor":31},{"not_picked":["Wraith Form v2","Prepared"],"picked":"Cloak And Dagger","floor":32},{"not_picked":["Wraith Form v2","Burst"],"picked":"After Image","floor":33},{"not_picked":["Endless Agony+1","Quick Slash+1","Dagger Spray"],"picked":"SKIP","floor":35},{"not_picked":["Deadly Poison","Dagger Throw","Acrobatics"],"picked":"SKIP","floor":36},{"not_picked":["Slice","PiercingWail"],"picked":"Cloak And Dagger","floor":41},{"not_picked":["Deadly Poison","Endless Agony","Prepared"],"picked":"SKIP","floor":42},{"not_picked":["Caltrops","Bane+1"],"picked":"Infinite Blades+1","floor":45},{"not_picked":["Flying Knee","Quick Slash"],"picked":"Adrenaline+1","floor":46},{"not_picked":["Riddle With Holes","Flying Knee+1"],"picked":"PiercingWail+1","floor":47}],"player_experience":67135,"relics_obtained":[{"floor":9,"key":"Snake Skull"},{"floor":13,"key":"Paper Crane"},{"floor":23,"key":"Dream Catcher"},{"floor":26,"key":"Ancient Tea Set"},{"floor":41,"key":"Shovel"},{"floor":43,"key":"Toxic Egg 2"},{"floor":45,"key":"Incense Burner"},{"floor":47,"key":"Bag of Marbles"}],"event_choices":[{"cards_removed":["Defend_G"],"damage_healed":0,"gold_gain":0,"player_choice":"Card Removal","damage_taken":7,"max_hp_gain":0,"max_hp_loss":0,"event_name":"Golden Wing","floor":2,"gold_loss":0},{"damage_healed":0,"gold_gain":0,"player_choice":"Forge","damage_taken":0,"max_hp_gain":0,"max_hp_loss":0,"event_name":"Accursed Blacksmith","floor":5,"gold_loss":0,"cards_upgraded":["Accuracy"]},{"damage_healed":0,"gold_gain":0,"player_choice":"Inject Mutagens","damage_taken":0,"relics_obtained":["MutagenicStrength"],"max_hp_gain":0,"max_hp_loss":0,"event_name":"Drug Dealer","floor":19,"gold_loss":0},{"damage_healed":0,"gold_gain":0,"player_choice":"Ignored","damage_taken":0,"max_hp_gain":0,"max_hp_loss":0,"event_name":"Vampires","floor":20,"gold_loss":0},{"damage_healed":0,"gold_gain":0,"player_choice":"Shed Blood","damage_taken":18,"max_hp_gain":5,"max_hp_loss":0,"event_name":"Forgotten Altar","floor":21,"gold_loss":0},{"damage_healed":25,"gold_gain":0,"player_choice":"Heal","damage_taken":0,"max_hp_gain":0,"max_hp_loss":0,"event_name":"The Library","floor":28,"gold_loss":0},{"cards_removed":["Defend_G"],"damage_healed":0,"gold_gain":0,"player_choice":"Upgrade and Remove","damage_taken":0,"max_hp_gain":0,"max_hp_loss":0,"event_name":"Designer","floor":29,"gold_loss":90,"cards_upgraded":["Infinite Blades"]},{"damage_healed":0,"gold_gain":0,"player_choice":"Gave Potion","damage_taken":0,"relics_obtained":["Toy Ornithopter"],"max_hp_gain":0,"max_hp_loss":0,"event_name":"WeMeetAgain","floor":38,"gold_loss":0},{"damage_healed":0,"gold_gain":0,"player_choice":"Fight","damage_taken":0,"max_hp_gain":0,"max_hp_loss":0,"event_name":"MindBloom","floor":41,"gold_loss":0}],"is_beta":false,"boss_relics":[{"not_picked":["Astrolabe","Busted Crown"],"picked":"SlaversCollar"},{"not_picked":["Calling Bell","Snecko Eye"],"picked":"Sozu"}],"items_purged_floors":[3,30,48],"is_endless":false,"potions_floor_spawned":[1,4,13,18,22,23,24,33,35,41,45,47],"ascension_level":4}}