{"host":"nx6t4q2fc0vdue7l","time":1612118891,"event":{"mods":["2.2 Compatiblity","BaseMod","Minty Spire (QoL Compilation)"],"gold_per_floor":[117,127,77,90,90,115,115,146,221,221,221,73,89,99,99,200,200,200,200,140,140,65,65,65,65,65,65,65,65,65,65,65,65,65,65,45,45,45,45,45,45,45,45,45,45,45],"floor_reached":45,"language":"ENG","playtime":1960,"items_purged":["Shame"],"score":558,"play_id":"2fa14374-c895-4f6c-938c-60676b21834a","local_time":"20210131194811","is_ascension_mode":true,"campfire_choices":[{"floor":7,"key":"REST"},{"floor":10,"key":"REST"},{"data":"Darkness","floor":15,"key":"SMITH"},{"data":"White Noise","floor":24,"key":"SMITH"},{"floor":32,"key":"REST"},{"floor":40,"key":"REST"},{"floor":44,"key":"REST"}],"circlet_count":0,"master_deck":["Strike_B+1","Strike_B+1","Strike_B+1","Defend_B+1","Defend_B+1","Defend_B+1","Defend_B+1","Zap","Dualcast","BootSequence","Heatsinks","Leap","Darkness+1","White Noise+1","Core Surge","Lockon","White Noise+1","Consume+1","Capacitor+1","Amplify","Redo","Consume+1","Ball Lightning"],"relics":["Cracked Core","NeowsBlessing","Dead Branch","DataDisk","InkBottle","Lee\u0027s Waffle","Ectoplasm","Darkstone Periapt","CeramicFish","Akabeko","Gambling Chip","Pocketwatch","Black Star","Shuriken","Potion Belt"],"acts_visited":["Exordium","TheCity","TheBeyond"],"potions_floor_usage":[23,25,28,33,38,45,45],"damage_taken":[{"damage":0,"enemies":"Cultist","floor":1,"turns":1},{"damage":0,"enemies":"Jaw Worm","floor":2,"turns":1},{"damage":0,"enemies":"2 Louse","floor":4,"turns":1},{"damage":36,"enemies":"Gremlin Nob","floor":6,"turns":5},{"damage":19,"enemies":"Lagavulin","floor":8,"turns":5},{"damage":0,"enemies":"Large Slime","floor":13,"turns":5},{"damage":4,"enemies":"Blue Slaver","floor":14,"turns":3},{"damage":33,"enemies":"Hexaghost","floor":16,"turns":7},{"damage":0,"enemies":"Chosen","floor":18,"turns":4},{"damage":13,"enemies":"2 Thieves","floor":20,"turns":3},{"damage":16,"enemies":"Slavers","floor":23,"turns":4},{"damage":17,"enemies":"Book of Stabbing","floor":25,"turns":4},{"damage":4,"enemies":"Snake Plant","floor":28,"turns":3},{"damage":2,"enemies":"3 Cultists","floor":29,"turns":4},{"damage":20,"enemies":"Gremlin Leader","floor":30,"turns":5},{"damage":15,"enemies":"Snecko","floor":31,"turns":3},{"damage":40,"enemies":"Champ","floor":33,"turns":10},{"damage":43,"enemies":"3 Darklings","floor":35,"turns":5},{"damage":0,"enemies":"Orb Walker","floor":38,"turns":4},{"damage":31,"enemies":"3 Darklings","floor":39,"turns":4},{"damage":28,"enemies":"Maw","floor":42,"turns":6},{"damage":60,"enemies":"Reptomancer","floor":45,"turns":3}],"seed_played":"2655632707970432750","potions_obtained":[{"floor":8,"key":"SmokeBomb"},{"floor":13,"key":"PowerPotion"},{"floor":14,"key":"Weak Potion"},{"floor":25,"key":"Fruit Juice"},{"floor":27,"key":"Dexterity Potion"},{"floor":28,"key":"FocusPotion"},{"floor":31,"key":"Regen Potion"},{"floor":36,"key":"Block Potion"},{"floor":38,"key":"Dexterity Potion"}],"is_trial":false,"path_per_floor":["M","M","?","M","?","E","R","E","T","R","?","$","M","M","R","B",null,"M","?","M","?","$","E","R","E","T","?","M","M","E","M","R","B",null,"M","?","$","M","M","R","T","M","T","R","E"],"character_chosen":"DEFECT","items_purchased":["Lee\u0027s Waffle"],"campfire_rested":5,"item_purchase_floors":[12],"current_hp_per_floor":[75,75,75,75,60,24,46,27,27,49,49,82,82,78,78,45,82,82,82,69,75,75,59,59,42,42,42,43,41,21,6,33,7,93,50,50,50,50,19,46,46,18,18,45,0,0],"gold":45,"neow_bonus":"THREE_ENEMY_KILL","is_daily":false,"chose_seed":false,"campfire_upgraded":2,"win_rate":0.0,"timestamp":1612118891,"path_taken":["M","?","?","M","?","E","R","E","T","R","?","?","?","M","R","BOSS","M","?","M","?","$","E","R","E","T","?","M","M","E","?","R","BOSS","M","?","?","M","M","R","?","?","T","R","E"],"items_purchased_type":["Relic"],"build_version":"2020-12-22","purchased_purges":1,"victory":false,"max_hp_per_floor":[75,75,75,75,75,75,75,75,75,75,75,82,82,82,82,82,82,82,82,82,88,88,88,88,88,88,88,93,93,93,93,93,93,93,93,93,93,93,93,93,93,93,93,93,93,93],"card_choices":[{"not_picked":["Beam Cell","Turbo"],"picked":"BootSequence","floor":1},{"not_picked":["Fusion","Doom and Gloom"],"picked":"Heatsinks","floor":2},{"not_picked":["Turbo","Compile Driver"],"picked":"Leap","floor":4},{"not_picked":["Ball Lightning","Melter"],"picked":"Darkness","floor":6},{"not_picked":["Coolheaded","Ball Lightning"],"picked":"White Noise","floor":8},{"not_picked":["Steam","Barrage","Undo"],"picked":"SKIP","floor":13},{"not_picked":["Streamline","Compile Driver","Hologram"],"picked":"SKIP","floor":14},{"not_picked":["Seek","Electrodynamics"],"picked":"Core Surge","floor":16},{"not_picked":["Stack","Storm"],"picked":"Lockon","floor":18},{"not_picked":["Compile Driver","Turbo+1","Sweeping Beam"],"picked":"SKIP","floor":20},{"not_picked":["Rebound+1","Blizzard+1"],"picked":"White Noise","floor":23},{"not_picked":["Coolheaded","Reinforced Body","Compile Driver"],"picked":"SKIP","floor":25},{"not_picked":["Stack","Scrape+1"],"picked":"Consume+1","floor":28},{"not_picked":["Fusion","Rebound+1","Coolheaded"],"picked":"SKIP","floor":29},{"not_picked":["Buffer","Chaos+1"],"picked":"Capacitor+1","floor":30},{"not_picked":["Barrage","Go for the Eyes+1","Sunder"],"picked":"SKIP","floor":31},{"not_picked":["Meteor Strike","Electrodynamics"],"picked":"Amplify","floor":33},{"not_picked":["Undo","Beam Cell+1"],"picked":"Redo","floor":35},{"not_picked":["Reinforced Body+1","BootSequence+1"],"picked":"Consume+1","floor":38},{"not_picked":["Undo","Streamline+1","Rip and Tear"],"picked":"SKIP","floor":39},{"not_picked":["Fusion+1","Rebound"],"picked":"Ball Lightning","floor":42}],"player_experience":325437,"relics_obtained":[{"floor":6,"key":"Dead Branch"},{"floor":8,"key":"DataDisk"},{"floor":9,"key":"InkBottle"},{"floor":23,"key":"CeramicFish"},{"floor":25,"key":"Akabeko"},{"floor":26,"key":"Gambling Chip"},{"floor":30,"key":"Pocketwatch"},{"floor":41,"key":"Shuriken"},{"floor":43,"key":"Potion Belt"}],"event_choices":[{"cards_removed":["Strike_B"],"damage_healed":0,"gold_gain":0,"player_choice":"Card Removal","damage_taken":0,"max_hp_gain":0,"max_hp_loss":0,"event_name":"The Cleric","floor":3,"gold_loss":50},{"damage_healed":0,"gold_gain":0,"player_choice":"Entered Light","damage_taken":15,"max_hp_gain":0,"max_hp_loss":0,"event_name":"Shining Light","floor":5,"gold_loss":0,"cards_upgraded":["Defend_B","Defend_B"]},{"damage_healed":0,"gold_gain":0,"player_choice":"Grow","damage_taken":0,"max_hp_gain":0,"max_hp_loss":0,"event_name":"Living Wall","floor":11,"gold_loss":0,"cards_upgraded":["White Noise"]},{"damage_healed":0,"gold_gain":0,"player_choice":"Simplicity","damage_taken":0,"max_hp_gain":0,"max_hp_loss":0,"event_name":"Back to Basics","floor":19,"gold_loss":0,"cards_upgraded":["Strike_B","Strike_B","Strike_B","Defend_B","Defend_B"]},{"damage_healed":0,"gold_gain":0,"player_choice":"Stole Relic","damage_taken":0,"relics_obtained":["Darkstone Periapt"],"max_hp_gain":0,"max_hp_loss":0,"event_name":"Addict","floor":21,"gold_loss":0,"cards_obtained":["Shame"]},{"damage_healed":0,"gold_gain":0,"player_choice":"Got Potions","damage_taken":0,"max_hp_gain":0,"max_hp_loss":0,"event_name":"Lab","floor":27,"gold_loss":0},{"damage_healed":0,"gold_gain":0,"player_choice":"Bought 1 Potion","damage_taken":0,"max_hp_gain":0,"max_hp_loss":0,"event_name":"The Woman in Blue","floor":36,"gold_loss":0}],"is_beta":false,"boss_relics":[{"not_picked":["Fusion Hammer","Tiny House"],"picked":"Ectoplasm"},{"not_picked":["Sozu","Calling Bell"],"picked":"Black Star"}],"items_purged_floors":[22],"is_endless":false,"potions_floor_spawned":[8,13,14,25,28,30,31,38,39],"killed_by":"Reptomancer","ascension_level":1}}