{"host":"DrTrollPool","time":1612114074,"event":{"mods":["2.2 Compatiblity","BaseMod","BetterRewards","Colored Map","DeckTracker","Downfall","Googly Eyes","Hermit","HexUI Lib","Highlight Path","Hubris","Infinite Spire","Minty Spire (QoL Compilation)","Potionbrewer","Replay The Spire","StSLib","SuperFastMode","The Construct","The Cursed","The Disciple","The Hierophant","The Jungle","The Necromancer","The Runesmith","The Servant 0.9.4"],"gold_per_floor":[99,117,127,127,138,148,224,63,63,81,101,130,42,58,73,170,170,170,180,200,200,33,33,33,18,35,54,74,74,88,88,106,106,106,106],"floor_reached":33,"language":"ENG","playtime":3576,"items_purged":["Guardian:Defend_Guardian","Guardian:Defend_Guardian"],"score":255,"play_id":"12d38949-36ed-499b-84a3-83edfef2868b","local_time":"20210131182754","is_ascension_mode":false,"campfire_choices":[{"data":"Guardian:CurlUp","floor":1,"key":"SMITH"},{"data":"Guardian:SpikerProtocol","floor":9,"key":"SMITH"},{"floor":18,"key":"DIG"},{"data":"Guardian:FloatingOrbs","floor":29,"key":"SMITH"}],"circlet_count":0,"master_deck":["Guardian:Strike_Guardian","Guardian:Defend_Guardian","Guardian:Defend_Guardian","Guardian:CurlUp+1","Guardian:TwinSlam","Guardian:Recover","Guardian:FloatingOrbs+1","Guardian:EvasiveProtocol","Guardian:SpikerProtocol+1","Guardian:Planning","Guardian:DonusPower","Guardian:WalkerClaw","Guardian:SpikerProtocol","Guardian:StasisStrike","Guardian:RevengeProtocol","Guardian:CrystalBeam+1","Guardian:Recover+1","Guardian:ArmoredProtocol+1","Guardian:Gem_Lightblue","Guardian:Gem_Green","Guardian:Emergency","Guardian:Repulse+1","Guardian:ConstructionForm","Guardian:Gem_Blue","Guardian:Gem_Purple","Guardian:Gem_Green","Guardian:Emergency","Guardian:SentryBeam","Guardian:ShieldSpikes"],"relics":["Guardian:ModeShifter","potionbrewer:MortarAndPestle","hubris:TenFootPole","Honey Jar","hubris:Reverence","Prayer Wheel"],"acts_visited":["Exordium","TheCity"],"potions_floor_usage":[10,10,16,16,19,25,30,33],"damage_taken":[{"damage":5,"enemies":"Small Slimes","floor":2,"turns":5},{"damage":0,"enemies":"Cultist","floor":3,"turns":4},{"damage":6,"enemies":"Jaw Worm","floor":5,"turns":4},{"damage":4,"enemies":"Exordium Wildlife","floor":6,"turns":5},{"damage":0,"enemies":"downfall:FleeingMerchant","floor":8,"turns":4},{"damage":7,"enemies":"Gremlin Gang","floor":10,"turns":6},{"damage":14,"enemies":"Large Slime","floor":11,"turns":12},{"damage":3,"enemies":"3 Sentries","floor":12,"turns":10},{"damage":0,"enemies":"downfall:FleeingMerchant","floor":13,"turns":4},{"damage":8,"enemies":"Lots of Slimes","floor":14,"turns":4},{"damage":3,"enemies":"Red Slaver","floor":15,"turns":5},{"damage":27,"enemies":"IC_STATUS_ARCHETYPE","floor":16,"turns":8},{"damage":5,"enemies":"3 Byrds","floor":19,"turns":5},{"damage":0,"enemies":"Snecko","floor":20,"turns":4},{"damage":10,"enemies":"downfall:FleeingMerchant","floor":22,"turns":4},{"damage":7,"enemies":"downfall:FleeingMerchant","floor":25,"turns":4},{"damage":18,"enemies":"Centurion and Healer","floor":26,"turns":9},{"damage":21,"enemies":"Snake Plant","floor":27,"turns":5},{"damage":4,"enemies":"Snecko","floor":28,"turns":6},{"damage":3,"enemies":"3 Cultists","floor":30,"turns":6},{"damage":0,"enemies":"Chosen and Byrds","floor":32,"turns":9},{"damage":32,"enemies":"WA_ARCHETYPE_CALM","floor":33,"turns":5}],"seed_played":"4557374090292480263","potions_obtained":[{"floor":5,"key":"potionbrewer:ToxicPotion"},{"floor":6,"key":"EssenceOfSteel"},{"floor":11,"key":"potionbrewer:ToxicPotion"},{"floor":14,"key":"Elixir"},{"floor":16,"key":"Energy Potion"},{"floor":20,"key":"Strength Potion"},{"floor":26,"key":"ColorlessPotion"},{"floor":30,"key":"SpeedPotion"},{"floor":32,"key":"DistilledChaos"}],"is_trial":false,"path_per_floor":["R_BF","M","M","?","M","M","T","$","R","M","M","E","$","M","M","B",null,"R_BF","M","M","?","$","?","T","$","M","M","M","R","M","?","M","B"],"character_chosen":"GUARDIAN","items_purchased":["Guardian:SpikerProtocol","Guardian:SpikerProtocol","Guardian:ArmoredProtocol+1"],"campfire_rested":0,"item_purchase_floors":[8,13,22],"current_hp_per_floor":[88,83,83,83,77,73,73,73,73,66,52,49,49,41,38,11,88,88,83,83,83,73,73,73,66,48,27,23,23,20,20,20,0,0,0],"gold":106,"neow_bonus":"TEN_PERCENT_HP_BONUS","is_daily":false,"chose_seed":false,"campfire_upgraded":3,"win_rate":0.0,"timestamp":1612114074,"path_taken":["R_BF","M","M","?","M","M","T","$","R","?","?","E","$","M","M","BOSS","R_BF","M","M","?","$","?","T","$","M","M","?","R","M","?","M","BOSS"],"items_purchased_type":["Card","Card","Card"],"build_version":"2020-12-18","purchased_purges":2,"victory":false,"max_hp_per_floor":[88,88,88,88,88,88,88,88,88,88,88,88,88,88,88,88,88,88,88,88,88,88,88,88,88,88,88,88,88,88,88,88,88,88,88],"card_choices":[{"not_picked":["Guardian:RefractedBeam","Guardian:Gem_Lightblue"],"picked":"Guardian:Recover","floor":2},{"not_picked":["Guardian:DecasProtection","Guardian:PolyBeam"],"picked":"Guardian:FloatingOrbs","floor":3},{"not_picked":["Guardian:BronzeArmor","Guardian:Gem_Lightblue"],"picked":"Guardian:Gem_Cyan","floor":5},{"not_picked":["Guardian:PrimingBeam","Guardian:Gem_Lightblue"],"picked":"Guardian:EvasiveProtocol","floor":6},{"not_picked":["Guardian:Gem_Lightblue","Guardian:TimeCapacitor","Guardian:Planning"],"picked":"SKIP","floor":8},{"not_picked":["Guardian:Gem_Cyan","Guardian:VentSteam","Guardian:Incinerate"],"picked":"SKIP","floor":10},{"not_picked":["Guardian:MultiBeam","Guardian:TimeCapacitor"],"picked":"Guardian:Planning","floor":11},{"not_picked":["Guardian:WalkerClaw","Guardian:TimeBomb"],"picked":"Guardian:DonusPower","floor":12},{"not_picked":["Guardian:BronzeOrb","Guardian:Gem_White"],"picked":"Guardian:WalkerClaw","floor":13},{"not_picked":["Guardian:Incinerate","Guardian:Planning"],"picked":"Guardian:Gem_White","floor":14},{"not_picked":["Guardian:Gem_Cyan","Guardian:Incinerate"],"picked":"Guardian:StasisStrike","floor":15},{"not_picked":["Guardian:SphericShield","Guardian:Gem_Synthetic"],"picked":"Guardian:RevengeProtocol","floor":16},{"not_picked":["Guardian:WalkerClaw","Guardian:EvasiveProtocol","Guardian:Gem_Purple"],"picked":"Guardian:CrystalBeam+1","floor":19},{"not_picked":["Guardian:RefractedBeam","Guardian:Preprogram","Guardian:Reroute"],"picked":"Guardian:Gem_Fragmented","floor":20},{"not_picked":["Guardian:Gem_Blue","Guardian:MultiBeam","Guardian:PrismaticBarrier"],"picked":"Guardian:Recover+1","floor":22},{"not_picked":["Guardian:Reroute","Guardian:VentSteam","Guardian:ArmoredProtocol"],"picked":"Guardian:Gem_Lightblue","floor":25},{"not_picked":["Guardian:StasisStrike","Guardian:Recover+1","Guardian:Reroute+1"],"picked":"Guardian:Gem_Green","floor":26},{"not_picked":["Guardian:TimeBomb","Guardian:CrystalBeam","Guardian:DonusPower"],"picked":"Guardian:Emergency","floor":26},{"not_picked":["Guardian:Gem_Lightblue","Guardian:TimeCapacitor","Guardian:BodySlam"],"picked":"Guardian:Repulse+1","floor":27},{"not_picked":["Guardian:Gem_Cyan","Guardian:BronzeArmor+1","Guardian:CrystalBeam"],"picked":"Guardian:ConstructionForm","floor":27},{"not_picked":["Guardian:TimeCapacitor","Guardian:GuardianWhirl+1","Guardian:Incinerate"],"picked":"Guardian:Gem_Blue","floor":28},{"not_picked":["Guardian:Gem_Red","Guardian:ShieldCharger","Guardian:Planning"],"picked":"Guardian:Gem_Purple","floor":28},{"not_picked":["Guardian:Clone","Guardian:StasisField","Guardian:TemporalShield"],"picked":"Guardian:Gem_Green","floor":30},{"not_picked":["Guardian:ChargeCore","Guardian:Preprogram+1","Guardian:Gem_Green"],"picked":"Guardian:Emergency","floor":30},{"not_picked":["Guardian:EvasiveProtocol","Guardian:PrismaticBarrier","Guardian:Gem_Green"],"picked":"Guardian:SentryBeam","floor":32},{"not_picked":["Guardian:Suspension","Guardian:Gem_Purple","Guardian:TemporalStrike"],"picked":"Guardian:ShieldSpikes","floor":32}],"player_experience":106259,"relics_obtained":[{"floor":7,"key":"potionbrewer:MortarAndPestle"},{"floor":12,"key":"hubris:TenFootPole"},{"floor":18,"key":"hubris:Reverence"},{"floor":24,"key":"Prayer Wheel"}],"event_choices":[{"cards_removed":["Guardian:Strike_Guardian"],"damage_healed":0,"gold_gain":0,"player_choice":"Offered Basic","damage_taken":0,"max_hp_gain":0,"max_hp_loss":0,"event_name":"Bonfire Elementals","floor":23,"gold_loss":0}],"is_beta":true,"boss_relics":[{"not_picked":["Snecko Eye","Sozu"],"picked":"Honey Jar"}],"items_purged_floors":[8,22],"is_endless":false,"potions_floor_spawned":[5,6,11,14,16,20,26,30,32],"killed_by":"WA_ARCHETYPE_CALM","ascension_level":0}}