{"host":"17uzppmr1r5fe5jj","time":1612095426,"event":{"mods":["BaseMod","Colored Map","HololiveMod","Minty Spire (QoL Compilation)","Quick Restart","StSLib"],"gold_per_floor":[84,103,123,123,48,48,48,48,48,48,63,63,63,63,63,165,165,178,178,178,191,206,206,206,206],"floor_reached":24,"language":"ZHS","playtime":1034,"items_purged":["Hololive_Strike"],"score":184,"play_id":"865d14b6-93d9-4b33-82d6-c49e88067f3e","local_time":"20210131201706","is_ascension_mode":false,"campfire_choices":[{"data":"Hololive_CallMinatoAqua","floor":6.0,"key":"SMITH"},{"data":"Hololive_CallNakiriAyame","floor":10.0,"key":"SMITH"},{"data":"Hololive_CallMurasakiShion","floor":12.0,"key":"SMITH"},{"data":"Hololive_CocoNews","floor":15.0,"key":"SMITH"},{"data":"Hololive_MaximGun","floor":23,"key":"SMITH"}],"circlet_count":0,"master_deck":["Hololive_CallNakiriAyame+1","Hololive_CallMurasakiShion+1","Hololive_CallMinatoAqua+1","Hololive_Defend","Hololive_Defend","Hololive_Defend","Hololive_Trident","Hololive_Drill+1","Hololive_Drill+1","Hololive_CocoNews+1","Regret","Hololive_Recruit","Hololive_CocoNews","Hololive_MaximGun+1","Hololive_Drill","Hololive_CallAZKi+1"],"relics":["Hololive_TheStar","Hololive_Yo","White Beast Statue","Runic Pyramid","Enchiridion"],"acts_visited":["Exordium","TheCity"],"potions_floor_usage":[21,24,24],"damage_taken":[{"damage":0.0,"enemies":"Cultist","floor":1.0,"turns":4.0},{"damage":1.0,"enemies":"2 Louse","floor":2.0,"turns":3.0},{"damage":1.0,"enemies":"Jaw Worm","floor":3.0,"turns":5.0},{"damage":0.0,"enemies":"Blue Slaver","floor":11.0,"turns":3.0},{"damage":10.0,"enemies":"Slime Boss","floor":16.0,"turns":5.0},{"damage":10,"enemies":"Shell Parasite","floor":18,"turns":5},{"damage":11,"enemies":"2 Thieves","floor":21,"turns":5},{"damage":0,"enemies":"Snecko","floor":22,"turns":6},{"damage":8,"enemies":"Book of Stabbing","floor":24,"turns":6}],"seed_played":"-6105833577093090889","potions_obtained":[{"floor":1.0,"key":"CultistPotion"},{"floor":11.0,"key":"Swift Potion"},{"floor":16.0,"key":"Regen Potion"},{"floor":18,"key":"Dexterity Potion"},{"floor":21,"key":"PowerPotion"},{"floor":22,"key":"EssenceOfSteel"}],"is_trial":false,"path_per_floor":["M","M","M","?","$","R","$","?","T","R","M","R","$","$","R","B",null,"M","?","?","M","M","R","E"],"character_chosen":"Hololive_HololiveCharacter","items_purchased":[],"campfire_rested":0,"item_purchase_floors":[],"current_hp_per_floor":[35,34,33,26,26,26,26,26,26,26,26,26,26,26,26,16,35,25,9,9,12,12,12,4,4],"gold":206,"neow_bonus":"THREE_CARDS","is_daily":false,"chose_seed":false,"campfire_upgraded":5,"win_rate":0.0,"timestamp":1612095426,"path_taken":["M","?","M","?","$","R","$","?","T","R","M","R","?","$","R","BOSS","M","?","?","M","M","R","E"],"items_purchased_type":[],"build_version":"2020-12-22","purchased_purges":1,"victory":false,"max_hp_per_floor":[35,35,35,35,35,35,35,35,35,35,35,35,35,35,35,35,35,35,35,35,35,35,35,35,35],"card_choices":[{"not_picked":["Hololive_HuntDinosaur","Hololive_Spy"],"picked":"Hololive_Drill","floor":0.0},{"not_picked":["Hololive_StrengthChampion","Hololive_Rebound","Hololive_FlyingPonyTail"],"picked":"Hololive_Drill","floor":1.0},{"not_picked":["Hololive_RevenueBasedLive","Hololive_CallShiranuiFlare","Hololive_LuckPotion"],"picked":"Hololive_CocoNews","floor":2.0},{"not_picked":["Hololive_CallShirakamiFubuki","Hololive_CocoNews","Hololive_Sequa","Hololive_CallManoAloe"],"picked":"SKIP","floor":3.0},{"not_picked":["Hololive_Sequa","Hololive_Trident","Hololive_CallArtia","Hololive_StarCraft"],"picked":"SKIP","floor":11.0},{"not_picked":["Hololive_BeCareful","Hololive_AWSL","Hololive_DDD"],"picked":"Hololive_Recruit","floor":16.0},{"not_picked":["Hololive_Trident","Hololive_Breathe","Hololive_CallTokoyamiTowa+1","Hololive_FlyingPonyTail"],"picked":"SKIP","floor":18},{"not_picked":["Hololive_Breathe","Hololive_Trident+1","Hololive_StrengthChampion"],"picked":"Hololive_Drill","floor":21},{"not_picked":["Hololive_Rebound","Hololive_StrengthChampion+1","Hololive_CallMurasakiShion+1"],"picked":"Hololive_CallAZKi+1","floor":22}],"player_experience":248346,"relics_obtained":[{"floor":19,"key":"Enchiridion"}],"event_choices":[{"damage_healed":0.0,"max_hp_gain":0.0,"max_hp_loss":0.0,"gold_gain":0.0,"event_name":"Shining Light","player_choice":"Entered Light","floor":4.0,"gold_loss":0.0,"damage_taken":7.0,"cards_upgraded":["Hololive_Drill","Hololive_Drill"]},{"damage_healed":0.0,"max_hp_gain":0.0,"max_hp_loss":0.0,"gold_gain":0.0,"event_name":"Big Fish","player_choice":"Box","floor":8.0,"gold_loss":0.0,"damage_taken":0.0,"relics_obtained":["White Beast Statue"],"cards_obtained":["Regret"]},{"damage_healed":0,"gold_gain":0,"player_choice":"Obtained Book","damage_taken":16,"max_hp_gain":0,"max_hp_loss":0,"event_name":"Cursed Tome","floor":19,"gold_loss":0},{"damage_healed":0,"gold_gain":0,"cards_transformed":["Hololive_Strike","Hololive_Strike"],"player_choice":"Became Test Subject","damage_taken":0,"max_hp_gain":0,"max_hp_loss":0,"event_name":"Drug Dealer","floor":20,"gold_loss":0,"cards_obtained":["Hololive_CocoNews","Hololive_MaximGun"]}],"is_beta":false,"boss_relics":[{"not_picked":["Black Star","Snecko Eye"],"picked":"Runic Pyramid"}],"items_purged_floors":[5],"is_endless":false,"potions_floor_spawned":[1,11,16,18,21,22],"killed_by":"Book of Stabbing","ascension_level":0}}