{"host":"6azrrw3tf7wb0f4b","time":1612060530,"event":{"mods":["BaseMod","DeckTracker","Minty Spire (QoL Compilation)","SuperFastMode"],"gold_per_floor":[116,133,208,208,220,220,220,251,251,285,285,285,301,313,313,390,390,409,409,427,437,64,64,64,64],"floor_reached":24,"language":"KOR","playtime":428,"items_purged":[],"score":350,"play_id":"3f33840b-3a44-4f3e-a197-7aea92176aa6","local_time":"20210131113530","is_ascension_mode":true,"campfire_choices":[{"data":"Dualcast","floor":6.0,"key":"SMITH"},{"data":"Tempest","floor":11.0,"key":"SMITH"},{"data":"Zap","floor":15.0,"key":"SMITH"},{"floor":23,"key":"REST"}],"circlet_count":0,"master_deck":["AscendersBane","Strike_B","Strike_B","Defend_B","Defend_B","Defend_B","Defend_B","Zap+1","Dualcast+1","Ball Lightning","Doom and Gloom","Tempest+1","Stack+1","Meteor Strike","Recycle+1","Conserve Battery+1","Creative AI","Turbo+1","Redo+1","Seek+1","Self Repair"],"relics":["FrozenCore","NeowsBlessing","Toxic Egg 2","Ornamental Fan","Singing Bowl","TungstenRod","Turnip"],"acts_visited":["Exordium","TheCity"],"potions_floor_usage":[20,24],"damage_taken":[{"damage":0.0,"enemies":"Jaw Worm","floor":1.0,"turns":1.0},{"damage":0.0,"enemies":"Small Slimes","floor":2.0,"turns":1.0},{"damage":0.0,"enemies":"2 Louse","floor":5.0,"turns":1.0},{"damage":20.0,"enemies":"Lagavulin","floor":8.0,"turns":5.0},{"damage":1.0,"enemies":"Gremlin Nob","floor":10.0,"turns":3.0},{"damage":5.0,"enemies":"Blue Slaver","floor":13.0,"turns":3.0},{"damage":0.0,"enemies":"Large Slime","floor":14.0,"turns":2.0},{"damage":13.0,"enemies":"Hexaghost","floor":16.0,"turns":9.0},{"damage":13.0,"enemies":"Shell Parasite","floor":18.0,"turns":9.0},{"damage":13,"enemies":"Chosen","floor":20,"turns":6},{"damage":24,"enemies":"Snake Plant","floor":21,"turns":5},{"damage":36,"enemies":"Gremlin Leader","floor":24,"turns":5}],"seed_played":"-1533951582324655886","potions_obtained":[{"floor":8.0,"key":"SpeedPotion"},{"floor":13.0,"key":"Energy Potion"},{"floor":14.0,"key":"Energy Potion"},{"floor":20,"key":"Fruit Juice"}],"is_trial":false,"path_per_floor":["M","M","?","?","M","R","?","E","T","E","R","T","M","M","R","B",null,"M","?","M","M","$","R","E"],"character_chosen":"DEFECT","items_purchased":["Self Repair","Turnip"],"campfire_rested":1,"item_purchase_floors":[22,22],"current_hp_per_floor":[64,64,53,46,46,46,46,26,26,25,25,25,20,20,20,7,55,42,42,34,10,10,32,0,0],"gold":64,"neow_bonus":"THREE_ENEMY_KILL","is_daily":false,"chose_seed":false,"campfire_upgraded":3,"win_rate":0.0,"timestamp":1612060530,"path_taken":["M","M","?","?","?","R","?","E","T","E","R","?","M","M","R","BOSS","M","?","M","M","$","R","E"],"items_purchased_type":["Card","Relic"],"build_version":"2020-12-22","purchased_purges":0,"victory":false,"max_hp_per_floor":[71,71,71,71,71,71,71,71,71,71,71,71,71,71,71,71,71,71,71,76,76,76,76,76,76],"card_choices":[{"not_picked":["Barrage","Hologram"],"picked":"Ball Lightning","floor":1.0},{"not_picked":["Hologram","Gash"],"picked":"Doom and Gloom","floor":2.0},{"not_picked":["Sweeping Beam","Heatsinks","Rebound"],"picked":"SKIP","floor":5.0},{"not_picked":["Gash","Go for the Eyes"],"picked":"Stack+1","floor":8.0},{"not_picked":["Lockon","Hologram+1"],"picked":"Meteor Strike","floor":10.0},{"not_picked":["Conserve Battery+1","Cold Snap"],"picked":"Recycle+1","floor":13.0},{"not_picked":["Beam Cell","Compile Driver"],"picked":"Conserve Battery+1","floor":14.0},{"not_picked":["Buffer","Biased Cognition"],"picked":"Creative AI","floor":16.0},{"not_picked":["Barrage","Leap+1"],"picked":"Turbo+1","floor":18.0},{"not_picked":["Blizzard","Gash"],"picked":"Redo+1","floor":20},{"not_picked":["Go for the Eyes","Gash"],"picked":"Seek+1","floor":21}],"player_experience":746779,"relics_obtained":[{"floor":8.0,"key":"Toxic Egg 2"},{"floor":9.0,"key":"Ornamental Fan"},{"floor":10.0,"key":"Singing Bowl"},{"floor":12.0,"key":"TungstenRod"}],"event_choices":[{"damage_healed":0.0,"max_hp_gain":0.0,"max_hp_loss":0.0,"gold_gain":75.0,"event_name":"World of Goop","player_choice":"Gather Gold","floor":3.0,"gold_loss":0.0,"damage_taken":11.0},{"cards_removed":["Strike_B"],"damage_healed":0.0,"max_hp_gain":0.0,"max_hp_loss":0.0,"gold_gain":0.0,"event_name":"Golden Wing","player_choice":"Card Removal","floor":4.0,"gold_loss":0.0,"damage_taken":7.0},{"damage_healed":0.0,"max_hp_gain":0.0,"max_hp_loss":0.0,"gold_gain":0.0,"cards_transformed":["Strike_B"],"event_name":"Living Wall","player_choice":"Change","floor":7.0,"gold_loss":0.0,"damage_taken":0.0,"cards_obtained":["Tempest"]},{"damage_healed":0.0,"max_hp_gain":0.0,"max_hp_loss":0.0,"gold_gain":0.0,"event_name":"Vampires","player_choice":"Ignored","floor":19.0,"gold_loss":0.0,"damage_taken":0.0}],"is_beta":false,"boss_relics":[{"not_picked":["Black Star","Tiny House"],"picked":"FrozenCore"}],"items_purged_floors":[],"is_endless":false,"potions_floor_spawned":[8,13,14,20],"killed_by":"Gremlin Leader","ascension_level":14}}