{"host":"6xsbn6ynqlzwllfm","time":1612085868,"event":{"mods":["2.2 Compatiblity","BaseMod","Bestiary","Colored Map","Colored Powertips","Curses Come First","Highlight Path","Keyboard Shortcuts","Minty Spire (QoL Compilation)","Relic Stats","Slay the Relics Exporter","StSLib","SuperFastMode"],"gold_per_floor":[119,119,119,134,144,174,174,200,248,282,293,322,342,100,100,172,172,190,202,215,215,215,215,240,155,235,254,254,282,298,298,298,298,298],"floor_reached":33,"language":"ENG","playtime":731,"items_purged":["Strike_P"],"score":905,"play_id":"e0b4698d-197b-4811-8c14-e5955e42a489","local_time":"20210131043748","is_ascension_mode":true,"campfire_choices":[{"data":"Conclude","floor":7.0,"key":"SMITH"},{"data":"Blasphemy","floor":15.0,"key":"SMITH"},{"data":"BattleHymn","floor":23.0,"key":"SMITH"},{"data":"CrushJoints","floor":28.0,"key":"SMITH"},{"data":"SpiritShield","floor":32.0,"key":"SMITH"}],"circlet_count":0,"master_deck":["AscendersBane","Strike_P+1","Strike_P","Strike_P","Defend_P+1","Defend_P","Defend_P","Defend_P","Eruption","Vigilance","FlurryOfBlows","Conclude+1","CrushJoints+1","Blasphemy+1","SpiritShield+1","BattleHymn+1"],"relics":["PureWater","Pear","Bag of Preparation","Oddly Smooth Stone","Mercury Hourglass","Omamori","PreservedInsect","Busted Crown","Torii","Question Card","Singing Bowl","The Courier","Darkstone Periapt"],"acts_visited":["Exordium","TheCity"],"potions_floor_usage":[33,33],"damage_taken":[{"damage":0.0,"enemies":"Small Slimes","floor":1.0,"turns":2.0},{"damage":0.0,"enemies":"Jaw Worm","floor":4.0,"turns":3.0},{"damage":0.0,"enemies":"2 Louse","floor":5.0,"turns":2.0},{"damage":0.0,"enemies":"3 Sentries","floor":6.0,"turns":2.0},{"damage":0.0,"enemies":"Lagavulin","floor":8.0,"turns":4.0},{"damage":16.0,"enemies":"Gremlin Nob","floor":10.0,"turns":3.0},{"damage":0.0,"enemies":"Large Slime","floor":11.0,"turns":2.0},{"damage":4.0,"enemies":"Lagavulin","floor":12.0,"turns":6.0},{"damage":0.0,"enemies":"Looter","floor":13.0,"turns":1.0},{"damage":0.0,"enemies":"Slime Boss","floor":16.0,"turns":3.0},{"damage":3.0,"enemies":"Chosen","floor":18.0,"turns":4.0},{"damage":2.0,"enemies":"3 Byrds","floor":19.0,"turns":4.0},{"damage":5.0,"enemies":"Shelled Parasite and Fungi","floor":20.0,"turns":2.0},{"damage":25.0,"enemies":"Book of Stabbing","floor":24.0,"turns":4.0},{"damage":6.0,"enemies":"Snake Plant","floor":27.0,"turns":3.0},{"damage":0.0,"enemies":"Gremlin Leader","floor":29.0,"turns":3.0},{"damage":1.0,"enemies":"Snecko","floor":30.0,"turns":3.0},{"damage":39,"enemies":"Collector","floor":33,"turns":5}],"seed_played":"759005084058442454","potions_obtained":[{"floor":4.0,"key":"AttackPotion"},{"floor":6.0,"key":"PowerPotion"},{"floor":8.0,"key":"DistilledChaos"},{"floor":13.0,"key":"Block Potion"},{"floor":16.0,"key":"Ambrosia"},{"floor":19.0,"key":"SteroidPotion"},{"floor":24.0,"key":"StancePotion"}],"is_trial":false,"path_per_floor":["M","?","?","M","M","E","R","E","T","E","M","E","M","$","R","B",null,"M","M","M","?","?","R","E","?","T","M","R","E","M","T","R","B"],"character_chosen":"WATCHER","items_purchased":["PreservedInsect"],"campfire_rested":0,"item_purchase_floors":[14],"current_hp_per_floor":[67,45,45,45,45,55,55,55,55,39,39,35,35,35,35,35,72,69,67,62,62,62,62,37,37,37,33,33,35,36,36,36,0,0],"gold":298,"neow_bonus":"TEN_PERCENT_HP_BONUS","is_daily":false,"chose_seed":false,"campfire_upgraded":5,"win_rate":0.0,"timestamp":1612085868,"path_taken":["M","?","?","M","M","E","R","E","T","E","M","E","M","$","R","BOSS","M","M","M","?","?","R","E","?","T","M","R","E","M","?","R","BOSS"],"items_purchased_type":["Relic"],"build_version":"2020-12-22","purchased_purges":1,"victory":false,"max_hp_per_floor":[74,74,74,74,74,84,84,84,84,84,84,84,84,84,84,84,84,84,84,84,84,84,84,84,84,84,86,86,88,90,90,90,90,90],"relic_stats":{"Darkstone Periapt":0,"Busted Crown":14,"Torii":2,"Singing Bowl":6,"counters":[18,56],"PreservedInsect":91,"Bag of Preparation":[26],"Question Card":3,"obtain_stats":[{"Darkstone Periapt":31,"Pear":6,"Torii":24,"Singing Bowl":26,"Oddly Smooth Stone":9,"PreservedInsect":14,"The Courier":29,"Bag of Preparation":8,"Omamori":12,"Question Card":25,"Mercury Hourglass":10,"Busted Crown":17,"PureWater":0},{"Darkstone Periapt":17,"Pear":4,"Torii":14,"Singing Bowl":14,"Oddly Smooth Stone":5,"PreservedInsect":9,"The Courier":16,"Bag of Preparation":5,"Omamori":8,"Question Card":14,"Mercury Hourglass":6,"Busted Crown":10,"PureWater":0},{"Darkstone Periapt":51,"Pear":9,"Torii":42,"Singing Bowl":42,"Oddly Smooth Stone":13,"PreservedInsect":25,"The Courier":48,"Bag of Preparation":13,"Omamori":24,"Question Card":42,"Mercury Hourglass":16,"Busted Crown":28,"PureWater":0}],"Mercury Hourglass":[163]},"card_choices":[{"not_picked":["LikeWater","SashWhip"],"picked":"FlurryOfBlows","floor":1.0},{"not_picked":["ThirdEye","CutThroughFate"],"picked":"Conclude","floor":4.0},{"not_picked":["SashWhip","Crescendo"],"picked":"CrushJoints","floor":6.0},{"not_picked":["EmptyFist","ThirdEye"],"picked":"Blasphemy","floor":8.0},{"not_picked":["DevaForm","Wish"],"picked":"SpiritShield","floor":16.0},{"not_picked":["Crescendo","SandsOfTime"],"picked":"Singing Bowl","floor":27.0},{"not_picked":["SignatureMove","Halt+1"],"picked":"Singing Bowl","floor":29.0},{"not_picked":["SashWhip","Pray+1"],"picked":"Singing Bowl","floor":30.0}],"player_experience":1336941,"relics_obtained":[{"floor":6.0,"key":"Pear"},{"floor":8.0,"key":"Bag of Preparation"},{"floor":9.0,"key":"Oddly Smooth Stone"},{"floor":10.0,"key":"Mercury Hourglass"},{"floor":12.0,"key":"Omamori"},{"floor":24.0,"key":"Torii"},{"floor":26.0,"key":"Singing Bowl"},{"floor":29.0,"key":"The Courier"},{"floor":31.0,"key":"Darkstone Periapt"}],"event_choices":[{"damage_healed":0.0,"max_hp_gain":0.0,"max_hp_loss":0.0,"gold_gain":0.0,"event_name":"Shining Light","player_choice":"Entered Light","floor":2.0,"gold_loss":0.0,"damage_taken":22.0,"cards_upgraded":["Defend_P","Strike_P"]},{"damage_healed":0.0,"max_hp_gain":0.0,"max_hp_loss":0.0,"gold_gain":0.0,"event_name":"Liars Game","player_choice":"Ignored","floor":3.0,"gold_loss":0.0,"damage_taken":0.0},{"damage_healed":0.0,"max_hp_gain":0.0,"max_hp_loss":0.0,"gold_gain":0.0,"event_name":"The Library","player_choice":"Read","floor":21.0,"gold_loss":0.0,"damage_taken":0.0,"cards_obtained":["BattleHymn"]},{"damage_healed":0.0,"max_hp_gain":0.0,"max_hp_loss":0.0,"gold_gain":0.0,"event_name":"Ghosts","player_choice":"Ignored","floor":22.0,"gold_loss":0.0,"damage_taken":0.0},{"damage_healed":0.0,"max_hp_gain":0.0,"max_hp_loss":0.0,"gold_gain":0.0,"event_name":"Addict","player_choice":"Obtained Relic","floor":25.0,"gold_loss":85.0,"damage_taken":0.0,"relics_obtained":["Question Card"]}],"is_beta":false,"boss_relics":[{"not_picked":["Black Star","Velvet Choker"],"picked":"Busted Crown"}],"items_purged_floors":[14],"is_endless":false,"potions_floor_spawned":[4,6,8,13,16,19,24,29],"killed_by":"Collector","ascension_level":20}}