{"host":"3s1bgj9vdfhoy9ls","time":1612086249,"event":{"mods":["BaseMod","BetterRewards","Downfall","Marisa£®ÏF”Í°°ƒß¿Ì…≥£©","Minty Spire (QoL Compilation)","READ ME - Guardian Mod","Replay The Spire","Shop Mod","StSLib","The Bug Knight","The Cursed","The Disciple","The Servant 0.9.4"],"gold_per_floor":[115,115,133,133,150,150,162,162,188,188,218,218,233,245,245,348,348,366,366,366,126,136,163,163,163,163,187,199,199,229,241,241,343,343,355,371,389,62,62,62,95,112,112,145,161,207,207,223,223,223],"floor_reached":51,"language":"ZHS","playtime":3049,"items_purged":["Pain"],"score":747,"play_id":"9ea6de4a-ac1b-46be-922d-18e4517e1923","local_time":"20210131174409","is_ascension_mode":false,"campfire_choices":[{"data":"Thunderclap","floor":6,"key":"SMITH"},{"data":"Havoc","floor":10,"key":"SMITH"},{"data":"Sword Boomerang","floor":12,"key":"SMITH"},{"data":"Shrug It Off","floor":15,"key":"SMITH"},{"data":"Demon Form","floor":25,"key":"SMITH"},{"floor":29,"key":"REST"},{"data":"Cleave","floor":32,"key":"SMITH"},{"data":"Bash","floor":32,"key":"SMITH"},{"data":"Limit Break","floor":40,"key":"SMITH"},{"data":"Exhume","floor":40,"key":"SMITH"},{"floor":47,"key":"REST"},{"floor":49,"key":"REST"}],"circlet_count":0,"master_deck":["Strike_R+1","Strike_R+1","Strike_R+1","Strike_R+1","Defend_R+1","Defend_R+1","Defend_R+1","Defend_R+1","Bash+1","Sword Boomerang+1","Cleave+1","Thunderclap+1","Havoc+1","Shrug It Off+1","Demon Form+1","Reaper+1","True Grit+1","Exhume+1","Limit Break+1","Flex+1","Havoc+1","Heavy Blade+1","TheCursedMod:Dregs"],"relics":["Burning Blood","NeowsBlessing","Blue Candle","WarpedTongs","Akabeko","Gremlin Food","Black Star","Nilry\u0027s Codex","InkBottle","Pocketwatch","Strawberry","Regal Pillow","Oddly Smooth Stone","Replay:Arrowhead","Replay:Towering Pillar of Hats","Cursed Key","Slimebound:PreparedRelic","ReplayTheSpireMod:Spearhead","Sundial","HollowMod:StagPassRelic","Replay:Multitool","MealTicket","Ice Cream"],"acts_visited":["Exordium","TheCity","TheBeyond"],"potions_floor_usage":[23,23,23,45,46,50,50,50],"damage_taken":[{"damage":0,"enemies":"Cultist","floor":1,"turns":1},{"damage":0,"enemies":"Jaw Worm","floor":3,"turns":1},{"damage":0,"enemies":"Small Slimes","floor":5,"turns":1},{"damage":2,"enemies":"Exordium Thugs","floor":7,"turns":4},{"damage":32,"enemies":"Lagavulin","floor":11,"turns":4},{"damage":1,"enemies":"2 Fungi Beasts","floor":13,"turns":2},{"damage":11,"enemies":"Looter","floor":14,"turns":2},{"damage":20,"enemies":"Slime Boss","floor":16,"turns":7},{"damage":17,"enemies":"3 Byrds","floor":18,"turns":5},{"damage":3,"enemies":"Chosen","floor":22,"turns":4},{"damage":38,"enemies":"Slavers","floor":23,"turns":4},{"damage":22,"enemies":"Centurion and Healer","floor":28,"turns":5},{"damage":15,"enemies":"Book of Stabbing","floor":30,"turns":5},{"damage":15,"enemies":"Snecko","floor":31,"turns":6},{"damage":79,"enemies":"Champ","floor":33,"turns":8},{"damage":20,"enemies":"3 Shapes","floor":35,"turns":4},{"damage":27,"enemies":"3 Darklings","floor":36,"turns":4},{"damage":23,"enemies":"Maw","floor":37,"turns":6},{"damage":23,"enemies":"R_Hoarder","floor":41,"turns":9},{"damage":32,"enemies":"Spire Growth","floor":42,"turns":4},{"damage":91,"enemies":"Nemesis","floor":44,"turns":7},{"damage":21,"enemies":"3 Darklings","floor":45,"turns":7},{"damage":46,"enemies":"2 Orb Walkers","floor":46,"turns":4},{"damage":27,"enemies":"4 Shapes","floor":48,"turns":4},{"damage":18,"enemies":"Time Eater","floor":50,"turns":5}],"seed_played":"3131245475097392800","potions_obtained":[{"floor":7,"key":"Weak Potion"},{"floor":11,"key":"ElixirPotion"},{"floor":13,"key":"Adrenaline Potion"},{"floor":16,"key":"PowerPotion"},{"floor":18,"key":"Explosive Potion"},{"floor":28,"key":"BloodPotion"},{"floor":36,"key":"Doom Potion"},{"floor":41,"key":"Ancient Potion"},{"floor":45,"key":"DistilledChaos"},{"floor":46,"key":"Fire Potion"}],"is_trial":false,"path_per_floor":["M","?","M","?","M","R","M","?","T","R","E","R","M","M","R","B",null,"M","?","?","$","M","E","?","R","T","T","M","R","E","M","R","B",null,"M","M","M","$","?","R","E","M","T","E","M","?","R","M","R","B",null],"character_chosen":"IRONCLAD","items_purchased":["InkBottle","Slimebound:PreparedRelic"],"campfire_rested":3,"item_purchase_floors":[21,38],"current_hp_per_floor":[80,80,80,75,80,80,80,80,80,80,54,54,59,54,54,40,80,69,69,53,53,56,43,43,43,43,43,37,78,69,85,85,42,87,87,87,70,70,70,70,53,61,61,17,39,9,50,39,80,75],"gold":223,"neow_bonus":"THREE_ENEMY_KILL","is_daily":false,"chose_seed":false,"campfire_upgraded":9,"win_rate":0.0,"timestamp":1612086249,"path_taken":["M","?","M","?","M","R","M","?","T","R","E","R","?","M","R","BOSS","M","?","?","$","M","E","?","R","T","?","M","R","E","M","R","BOSS","M","M","?","$","?","R","E","M","T","E","M","?","R","M","R","BOSS"],"items_purchased_type":["Relic","Relic"],"build_version":"2020-12-22","purchased_purges":1,"victory":true,"max_hp_per_floor":[80,80,80,80,80,80,80,80,80,80,80,80,80,80,80,80,80,80,80,80,80,80,87,87,87,87,87,87,87,87,87,87,87,87,87,87,87,87,87,87,87,87,87,87,87,87,87,87,87,87],"card_choices":[{"not_picked":["Anger","Headbutt"],"picked":"Sword Boomerang","floor":1},{"not_picked":["Pommel Strike","Dark Embrace"],"picked":"Cleave","floor":3},{"not_picked":["Life Link","Hemokinesis"],"picked":"Thunderclap","floor":5},{"not_picked":["Fire Breathing","Burning Pact"],"picked":"Havoc","floor":7},{"not_picked":["Sword Boomerang","Flex","True Grit"],"picked":"SKIP","floor":11},{"not_picked":["Cleave","ReplayTheSpireMod:Strike From Hell","Clothesline"],"picked":"SKIP","floor":13},{"not_picked":["Flame Barrier","Clothesline"],"picked":"Shrug It Off","floor":14},{"not_picked":["Juggernaut","Replay:Many Hands"],"picked":"Demon Form","floor":16},{"not_picked":["Twin Strike","Wild Strike+1","Cleave"],"picked":"SKIP","floor":18},{"not_picked":["Heavy Blade","Perfected Strike"],"picked":"Reaper","floor":22},{"not_picked":["Seeing Red","Battle Trance"],"picked":"True Grit+1","floor":23},{"not_picked":["Fire Breathing+1","Cleave","Perfected Strike"],"picked":"SKIP","floor":28},{"not_picked":["ReplayTheSpireMod:LeadingStrike","Burning Pact"],"picked":"Exhume","floor":30},{"not_picked":["Clash","Thunderclap","ReplayTheSpireMod:Limb From Limb"],"picked":"SKIP","floor":31},{"not_picked":["Juggernaut","Double Tap"],"picked":"Limit Break","floor":33},{"not_picked":["Clash","Clothesline","Abandon"],"picked":"SKIP","floor":35},{"not_picked":["Pummel","Sword Boomerang"],"picked":"Flex+1","floor":36},{"not_picked":["Defy Death+1","Flame Barrier+1"],"picked":"Havoc+1","floor":37},{"not_picked":["Eclipse","Pommel Strike","Demonic Infusion"],"picked":"SKIP","floor":41},{"not_picked":["Body Slam+1","Pommel Strike"],"picked":"Heavy Blade+1","floor":42},{"not_picked":["Perfected Strike+1","Sword Boomerang+1","Feed"],"picked":"SKIP","floor":44},{"not_picked":["Bloodletting+1","Replay:Undeath\u0027s Touch+1","Clash"],"picked":"SKIP","floor":45},{"not_picked":["Clothesline","Sentinel+1","Perfected Strike"],"picked":"SKIP","floor":48}],"player_experience":526407,"relics_obtained":[{"floor":9,"key":"Akabeko"},{"floor":11,"key":"Gremlin Food"},{"floor":20,"key":"Nilry\u0027s Codex"},{"floor":23,"key":"Pocketwatch"},{"floor":23,"key":"Strawberry"},{"floor":26,"key":"Regal Pillow"},{"floor":27,"key":"Oddly Smooth Stone"},{"floor":30,"key":"Replay:Arrowhead"},{"floor":30,"key":"Replay:Towering Pillar of Hats"},{"floor":41,"key":"ReplayTheSpireMod:Spearhead"},{"floor":41,"key":"Sundial"},{"floor":43,"key":"HollowMod:StagPassRelic"},{"floor":44,"key":"Replay:Multitool"},{"floor":44,"key":"MealTicket"},{"floor":46,"key":"Ice Cream"}],"event_choices":[{"damage_healed":0,"gold_gain":0,"player_choice":"Rummage","damage_taken":0,"relics_obtained":["WarpedTongs"],"max_hp_gain":0,"max_hp_loss":0,"event_name":"Accursed Blacksmith","floor":8,"gold_loss":0,"cards_obtained":["Pain"]},{"damage_healed":0,"gold_gain":0,"player_choice":"Ignored","damage_taken":0,"max_hp_gain":0,"max_hp_loss":0,"event_name":"Vampires","floor":19,"gold_loss":0},{"damage_healed":0,"gold_gain":0,"player_choice":"Obtained Book","damage_taken":16,"max_hp_gain":0,"max_hp_loss":0,"event_name":"Cursed Tome","floor":20,"gold_loss":0},{"damage_healed":0,"gold_gain":0,"player_choice":"Simplicity","damage_taken":0,"max_hp_gain":0,"max_hp_loss":0,"event_name":"Back to Basics","floor":24,"gold_loss":0,"cards_upgraded":["Strike_R","Strike_R","Strike_R","Strike_R","Strike_R","Defend_R","Defend_R","Defend_R"]},{"cards_removed":["Strike_R"],"damage_healed":0,"gold_gain":0,"player_choice":"Removed Attack","damage_taken":0,"max_hp_gain":0,"max_hp_loss":0,"event_name":"Falling","floor":39,"gold_loss":0},{"damage_healed":0,"gold_gain":0,"player_choice":"Fight","damage_taken":0,"max_hp_gain":0,"max_hp_loss":0,"event_name":"Mysterious Sphere","floor":46,"gold_loss":0}],"is_beta":false,"boss_relics":[{"not_picked":["Replay:Drink Me","Kintsugi"],"picked":"Black Star"},{"not_picked":["Empty Cage","Fusion Hammer"],"picked":"Cursed Key"}],"items_purged_floors":[38],"is_endless":false,"potions_floor_spawned":[7,11,13,16,18,28,36,41,45,46],"ascension_level":0}}