{"host":"1pkwkj8mkn7raipg","time":1612080725,"event":{"mods":["BaseMod","LagranYue(拉格朗・月)","Minty Spire (QoL Compilation)","Replay The Spire","StSLib","TestMod"],"gold_per_floor":[113,513,473,69,87,87,115,130,130,130,130,130,144,144,66,66,66,165,165,176,101,30,129,199,232,232,267,290,306,306,327,327,366,366,480,480,497,497,521,545,567,577,577],"floor_reached":42,"language":"ZHS","playtime":1531,"items_purged":["Strike_B"],"score":678,"play_id":"f7396cb2-f625-4bee-a816-8eae81ce1d4b","local_time":"20210131161205","is_ascension_mode":true,"campfire_choices":[{"data":"testmod-Recap","floor":6.0,"key":"SMITH"},{"data":"Redo","floor":12.0,"key":"SMITH"},{"data":"ReplayRNGCard","floor":14.0,"key":"SMITH"},{"data":"Dualcast","floor":17.0,"key":"SMITH"},{"data":"Consume","floor":26,"key":"SMITH"},{"data":"Reboot","floor":30,"key":"SMITH"},{"data":"Defragment","floor":32,"key":"SMITH"},{"data":"Zap","floor":34,"key":"SMITH"}],"circlet_count":0,"master_deck":["Strike_B","Defend_B","Defend_B","Defend_B","Defend_B","Zap+1","Dualcast+1","ReplayRNGCard+1","Redo+1","testmod-Recap+1","Consume+1","Defragment+1","Reboot+1","Thunder Strike","Seek","Seek","Chill+1","Amplify","Static Discharge+1","BasicCrystalCard+1"],"relics":["Cracked Core","LagranYue:RandomDrawCardRelic","testmod-SaigiyounoYou","testmod-IWantAll","Gremlin Horn","testmod-CardMagician","Bronze Scales","Chameleon Ring","testmod-Acrobat","Art of War","Dream Catcher","testmod-StringDisintegrator"],"acts_visited":["Exordium","TheCity","TheBeyond"],"potions_floor_usage":[18,25,27,33,41],"damage_taken":[{"damage":12.0,"enemies":"2 Louse","floor":1.0,"turns":3.0},{"damage":0.0,"enemies":"Small Slimes","floor":5.0,"turns":3.0},{"damage":16.0,"enemies":"Lagavulin","floor":7.0,"turns":7.0},{"damage":1.0,"enemies":"Cultist","floor":8.0,"turns":3.0},{"damage":14.0,"enemies":"Red Slaver","floor":13.0,"turns":3.0},{"damage":2,"enemies":"The Guardian","floor":18,"turns":7},{"damage":21,"enemies":"Shell Parasite","floor":20,"turns":4},{"damage":0,"enemies":"Gremlin Leader","floor":25,"turns":6},{"damage":28,"enemies":"Slavers","floor":27,"turns":5},{"damage":0,"enemies":"Spheric Guardian","floor":29,"turns":3},{"damage":0,"enemies":"Cultist and Chosen","floor":31,"turns":4},{"damage":0,"enemies":"Book of Stabbing","floor":33,"turns":4},{"damage":8,"enemies":"Automaton","floor":35,"turns":7},{"damage":11,"enemies":"Orb Walker","floor":37,"turns":2},{"damage":4,"enemies":"3 Shapes","floor":39,"turns":3},{"damage":45,"enemies":"Sphere and 2 Shapes","floor":40,"turns":3},{"damage":19,"enemies":"Spire Growth","floor":41,"turns":3},{"damage":86,"enemies":"Reptomancer","floor":42,"turns":8}],"seed_played":"190202161732855374","potions_obtained":[{"floor":3.0,"key":"EssenceOfDarkness"},{"floor":3.0,"key":"SkillPotion"},{"floor":3.0,"key":"GamblersBrew"},{"floor":7.0,"key":"Milkshake"},{"floor":8.0,"key":"Swift Potion"},{"floor":18,"key":"Block Potion"},{"floor":20,"key":"Swift Potion"},{"floor":24,"key":"Block Potion"},{"floor":25,"key":"Reflective Coating"},{"floor":27,"key":"Block Potion"},{"floor":37,"key":"AttackPotion"}],"is_trial":false,"path_per_floor":["M","?","?","$","M","R","E","M","T","PTL","PTL","R","M","R","$","?","R","B",null,"M","?","$","?","?","E","R","E","T","M","R","M","R","E","R","B",null,"M","?","M","M","M","E"],"character_chosen":"DEFECT","items_purchased":["testmod-IWantAll","testmod-Recap","Reboot","Seek"],"campfire_rested":0,"item_purchase_floors":[4,4,15,22],"current_hp_per_floor":[62,62,62,62,70,70,65,71,71,71,71,71,65,65,65,65,65,75,75,64,64,64,64,46,73,73,68,68,71,71,75,75,75,75,75,75,75,75,72,42,44,0,0],"gold":577,"neow_bonus":"TRANSFORM_CARD","is_daily":false,"chose_seed":false,"campfire_upgraded":8,"win_rate":0.0,"timestamp":1612080725,"path_taken":["M","?","?","$","?","R","E","M","T","PTL","PTL","R","M","R","?","?","R","BOSS","M","?","$","?","?","E","R","E","T","M","R","?","R","E","R","BOSS","M","?","?","?","M","E"],"items_purchased_type":["Relic","Card","Card","Card"],"build_version":"2020-12-22","purchased_purges":1,"victory":false,"max_hp_per_floor":[75,75,75,75,75,75,75,75,75,75,75,75,75,75,75,75,75,75,75,75,75,75,75,75,75,75,75,75,75,75,75,75,75,75,75,75,75,75,75,75,75,75,75],"card_choices":[{"not_picked":["Rebound","Sweeping Beam"],"picked":"Redo","floor":1.0},{"not_picked":["Tempest","Force Field","Turbo"],"picked":"SKIP","floor":5.0},{"not_picked":["FTL","Rebound"],"picked":"Consume","floor":7.0},{"not_picked":["Beam Cell","Tempest","Streamline"],"picked":"SKIP","floor":8.0},{"not_picked":["Steam","Streamline"],"picked":"Defragment","floor":13.0},{"not_picked":["ReplayRNGCard","Buffer"],"picked":"Thunder Strike","floor":18},{"not_picked":["Leap","BasicCrystalCard","Steam+1"],"picked":"SKIP","floor":20},{"not_picked":["Hologram","Melter"],"picked":"Seek","floor":25},{"not_picked":["ReplayTheSpireMod:Reroute Power+1","Glacier+1"],"picked":"Chill+1","floor":27},{"not_picked":["Heatsinks","Redo+1","Consume"],"picked":"SKIP","floor":29},{"not_picked":["Redo","Leap","Storm"],"picked":"SKIP","floor":31},{"not_picked":["Leap","ReplayTheSpireMod:GoodbyeWorld","Streamline+1"],"picked":"SKIP","floor":33},{"not_picked":["Seek","Hyperbeam"],"picked":"Amplify","floor":35},{"not_picked":["Redo","Beam Cell+1","Ball Lightning"],"picked":"SKIP","floor":37},{"not_picked":["Streamline","Conserve Battery+1"],"picked":"Static Discharge+1","floor":39},{"not_picked":["Time Bomb","Stack+1"],"picked":"BasicCrystalCard+1","floor":40},{"not_picked":["Steam+1","Compile Driver+1","Scrape"],"picked":"SKIP","floor":41}],"player_experience":389389,"relics_obtained":[{"floor":7.0,"key":"Gremlin Horn"},{"floor":24,"key":"Bronze Scales"},{"floor":25,"key":"Chameleon Ring"},{"floor":27,"key":"testmod-Acrobat"},{"floor":28,"key":"Art of War"},{"floor":33,"key":"Dream Catcher"}],"event_choices":[{"damage_healed":0.0,"max_hp_gain":0.0,"max_hp_loss":0.0,"gold_gain":400.0,"event_name":"恩洛斯的盘子","player_choice":"Sell","floor":2.0,"relics_lost":["testmod-TestBox"],"gold_loss":0.0,"damage_taken":0.0},{"damage_healed":0.0,"max_hp_gain":0.0,"max_hp_loss":0.0,"gold_gain":0.0,"event_name":"The Woman in Blue","player_choice":"Bought 3 Potions","floor":3.0,"gold_loss":0.0,"damage_taken":0.0},{"damage_healed":0.0,"max_hp_gain":0.0,"max_hp_loss":0.0,"gold_gain":0.0,"event_name":"给自己的盒子","player_choice":"Ignored","floor":16.0,"gold_loss":0.0,"damage_taken":0.0},{"cards_removed":["Strike_B"],"damage_healed":0,"gold_gain":0,"player_choice":"Gave Gold","damage_taken":0,"max_hp_gain":0,"max_hp_loss":0,"event_name":"Beggar","floor":21,"gold_loss":75},{"damage_healed":0,"gold_gain":99,"player_choice":"Stole From Cult","damage_taken":0,"max_hp_gain":0,"max_hp_loss":0,"event_name":"Nest","floor":23,"gold_loss":0},{"damage_healed":0,"gold_gain":0,"player_choice":"0 cards matched","damage_taken":0,"max_hp_gain":0,"max_hp_loss":0,"event_name":"Match and Keep!","floor":38,"gold_loss":0,"cards_obtained":[]}],"is_beta":false,"boss_relics":[{"not_picked":["testmod-IncinerationGenerator","testmod-Recursion"],"picked":"testmod-CardMagician"},{"not_picked":["ReplayTheSpireMod:DimensionalGlitch","Replay:Ancient Bell"],"picked":"testmod-StringDisintegrator"}],"items_purged_floors":[4],"is_endless":false,"potions_floor_spawned":[7,8,18,20,25,27,37,40],"killed_by":"Reptomancer","ascension_level":6}}