{"host":"fortuna","time":1612123431,"event":{"mods":["100% Spire Juice","Act Like it!","Arknights","BaseMod","Downfall","Gensokyo","Hallownest","Luminous","Minty Spire (QoL Compilation)","Reimu£®≤©¿ˆ¡È√Œ£©","Relic Stats","StSLib","The Administrix","Waifu the Spire","WarShipGirlsR/’ΩΩ¢…Ÿ≈ÆR mod","Yakumo Yukari mod"],"gold_per_floor":[109,109,0,10,26,26,55,55,126,153,170,170,83,101,101,204,204,204,204],"floor_reached":18,"language":"ZHS","playtime":1112,"items_purged":[],"score":216,"play_id":"2b62d87f-b55a-46b5-b753-3e6b142c8888","local_time":"20210201040351","is_ascension_mode":true,"campfire_choices":[{"data":"Moonworks:Ambush","floor":6,"key":"SMITH"},{"data":"Moonworks:HolyNight","floor":12,"key":"SMITH"},{"data":"Moonworks:HolyNight","floor":15,"key":"SMITH"}],"circlet_count":0,"master_deck":["Moonworks:Strike","Moonworks:Strike","Moonworks:Strike","Moonworks:Strike","Moonworks:Defend","Moonworks:Defend","Moonworks:Defend","Moonworks:Defend","Moonworks:Ambush+1","Moonworks:LongDistanceShot","Gensokyo:AllTheWorldsEvil","Moonworks:NicePresent","Moonworks:RedAndBlue","Moonworks:ScrambledEve","Moonworks:BigBangBell","Moonworks:Assault","Moonworks:HolyNight+1","Moonworks:AngelHand","Moonworks:DeployBits","Moonworks:HolyNight+1","Moonworks:Gamble","CurseOfTheBell"],"relics":["Moonworks:BrokenBomb","Moonworks:Homemark","Pocketwatch","Bird Faced Urn","Hallownest:DreamNailRelic","White Beast Statue","Potion Belt","Lantern","Calling Bell","MealTicket","Mummified Hand","Incense Burner"],"acts_visited":["Hallownest:Greenpath","Hallownest:CityofTears"],"potions_floor_usage":[13],"damage_taken":[{"damage":0,"enemies":"Hallownest:2_MossCreeps","floor":1,"turns":5},{"damage":0,"enemies":"Hallownest:monsterHuskWarrior","floor":3,"turns":4},{"damage":2,"enemies":"2_ Uuma","floor":4,"turns":3},{"damage":0,"enemies":"Hallownest:Wandering_and_Horned","floor":5,"turns":4},{"damage":16,"enemies":"Hallownest:eliteVengeflyKing","floor":7,"turns":6},{"damage":4,"enemies":"Hallownest:eliteMossKnight","floor":10,"turns":6},{"damage":0,"enemies":"Hallownest:monsterMossCharger","floor":11,"turns":2},{"damage":1,"enemies":"Hallownest:eliteCrystalGuardian","floor":13,"turns":5},{"damage":2,"enemies":"Hallownest:MossCreep_and_Mosskin","floor":14,"turns":3},{"damage":36,"enemies":"Hallownest:BossHornet","floor":16,"turns":12},{"damage":1518,"enemies":"Hallownest:2_Mistakes","floor":18,"turns":5}],"seed_played":"5646212272796092848","potions_obtained":[{"floor":10,"key":"AttackPotion"},{"floor":11,"key":"AttackPotion"},{"floor":13,"key":"Fire Potion"},{"floor":14,"key":"Explosive Potion"},{"floor":16,"key":"LiquidBronze"}],"is_trial":false,"path_per_floor":["M","?","M","M","M","R","E","?","T","E","M","R","E","M","R","B",null,"M"],"character_chosen":"THE_STARBREAKER","items_purchased":[],"campfire_rested":0,"item_purchase_floors":[],"current_hp_per_floor":[60,60,60,58,58,58,42,42,42,38,40,40,41,41,41,9,60,0,0],"gold":204,"neow_bonus":"ONE_RARE_RELIC","is_daily":false,"chose_seed":false,"campfire_upgraded":3,"win_rate":0.0,"timestamp":1612123431,"path_taken":["M","?","M","M","M","R","E","?","T","E","?","R","E","M","R","BOSS","M"],"items_purchased_type":[],"build_version":"2020-12-18","purchased_purges":0,"victory":false,"max_hp_per_floor":[60,60,60,60,60,60,60,60,60,60,60,60,60,60,60,60,60,60,60],"relic_stats":{"counters":[11,55],"Mummified Hand":[2],"Bird Faced Urn":[10],"MealTicket":0,"obtain_stats":[{"Potion Belt":10,"Calling Bell":17,"Lantern":13,"Mummified Hand":17,"Moonworks:Homemark":0,"Bird Faced Urn":7,"MealTicket":17,"Hallownest:DreamNailRelic":8,"Incense Burner":17,"White Beast Statue":9,"Moonworks:BrokenBomb":0,"Pocketwatch":0},{"Potion Belt":6,"Calling Bell":10,"Lantern":8,"Mummified Hand":10,"Moonworks:Homemark":0,"Bird Faced Urn":5,"MealTicket":10,"Hallownest:DreamNailRelic":5,"Incense Burner":10,"White Beast Statue":5,"Moonworks:BrokenBomb":0,"Pocketwatch":0},{"Potion Belt":28,"Calling Bell":50,"Lantern":35,"Mummified Hand":50,"Moonworks:Homemark":0,"Bird Faced Urn":22,"MealTicket":50,"Hallownest:DreamNailRelic":22,"Incense Burner":50,"White Beast Statue":22,"Moonworks:BrokenBomb":0,"Pocketwatch":0}],"Pocketwatch":[52]},"card_choices":[{"not_picked":["Moonworks:DeployBits","Moonworks:JonathanRush"],"picked":"Moonworks:NicePresent","floor":1},{"not_picked":["Moonworks:Assault","Moonworks:IntelligenceOfficer"],"picked":"Moonworks:RedAndBlue","floor":3},{"not_picked":["Moonworks:BackdoorTrade","Moonworks:ImOnFire"],"picked":"Moonworks:ScrambledEve","floor":4},{"not_picked":["Moonworks:IndiscriminateFireSupport","Moonworks:ImOnFire"],"picked":"Moonworks:BigBangBell","floor":5},{"not_picked":["Moonworks:DeployBits","Moonworks:JonathanRush"],"picked":"Moonworks:Assault","floor":7},{"not_picked":["Moonworks:JonathanRush","Moonworks:Dinner"],"picked":"Moonworks:HolyNight","floor":10},{"not_picked":["Moonworks:DeployBits","Moonworks:BackdoorTrade"],"picked":"Moonworks:AngelHand","floor":11},{"not_picked":["Moonworks:EvilSpyWorkPreparation","Moonworks:JonathanRush"],"picked":"Moonworks:DeployBits","floor":13},{"not_picked":["Moonworks:BigBangBell","Moonworks:NicePresent"],"picked":"Moonworks:HolyNight","floor":14},{"not_picked":["Moonworks:AccelHyper","Moonworks:LeapThroughSpace"],"picked":"Moonworks:Gamble","floor":16}],"player_experience":301089,"relics_obtained":[{"floor":7,"key":"Bird Faced Urn"},{"floor":9,"key":"White Beast Statue"},{"floor":10,"key":"Potion Belt"},{"floor":13,"key":"Lantern"},{"floor":17,"key":"MealTicket"},{"floor":17,"key":"Mummified Hand"},{"floor":17,"key":"Incense Burner"}],"event_choices":[],"is_beta":true,"boss_relics":[{"not_picked":["Pandora\u0027s Box","Velvet Choker"],"picked":"Calling Bell"}],"items_purged_floors":[],"is_endless":false,"potions_floor_spawned":[10,11,13,14,16],"killed_by":"Hallownest:2_Mistakes","ascension_level":1}}