{"host":"kiczkwpc36uxnkg8","time":1612118817,"event":{"mods":["AchievementEnabler","Act Like it!","Aspiration","BaseMod","Colored Powertips","Energized Spire","GifTheSpireLib","Hubris","Infinite Spire","Koishi","Minty Spire (QoL Compilation)","Pale of the Ancients","Permanent Neow","Quick Restart","Relic Filter","Remilia??????","Replay The Spire","Spicy Shops","StSLib","Stuff the Spire","The Bug Knight","The Servant 0.9.4","Wandering Minibosses"],"gold_per_floor":[116,212,212,225,225,251,251,261,284,284,318,9,21,32,32,130,130,114,130,19,39,12,39,55,55,104,114,114,114,125,125,125,227,227,259,71,94,0,53,53,87,108,108,29,41,75,75,90,90,90,115,133,133,133,133,158,158,207,207,207,207],"floor_reached":60,"language":"ENG","playtime":3901,"items_purged":["Strike_G"],"score":957,"play_id":"24130789-250a-4bf9-ae0a-c2064fd428fd","local_time":"20210131184657","is_ascension_mode":true,"campfire_choices":[{"data":"After Image","floor":7.0,"key":"SMITH"},{"data":"Replay:Poison Smokescreen","floor":10.0,"key":"SMITH"},{"floor":15,"key":"REST"},{"floor":25,"key":"REST"},{"data":"infinitespire:Neurotoxin","floor":32,"key":"SMITH"},{"data":"Draining Mist","floor":40,"key":"SMITH"},{"floor":47,"key":"REST"},{"data":"Noxious Fumes","floor":49,"key":"SMITH"},{"data":"Crippling Poison","floor":55,"key":"SMITH"},{"floor":57,"key":"REST"}],"circlet_count":0,"master_deck":["Strike_G","Strike_G","Strike_G","Strike_G","Defend_G","Defend_G","Defend_G+1","Defend_G","Defend_G","Survivor+1","Neutralize","Bane","Replay:Poison Smokescreen+1","After Image+1","Draining Mist+1","Bane","infinitespire:Neurotoxin+1","Deadly Poison+1","Deadly Poison+1","Heel Hook+1","Crippling Poison+1","Deadly Poison+1","CurseOfTheBell","Crippling Poison+1","Poison Darts+1","Backflip+1","Noxious Fumes+1","Poisoned Stab","Deadly Poison+1","Backflip+1","Toxin Wave+1","Bouncing Flask+1","Noxious Fumes"],"relics":["energizedSpire:SpiderWeb","Omamori","Ring of Fangs","Ring of Peace","StuffTheSpire:RedRose","Replay:Accelerometer","aspiration:VileToxins","ReplayTheSpireMod:Lightbulb","Regal Pillow","Membership Card","energizedSpire:RedRose","Lee\u0027s Waffle","hubris:GlazedTorus","War Paint","Calling Bell","Centennial Puzzle","The Specimen","Replay:Bottled Eggs","StuffTheSpire:Nightcore","Sozu","infinitespire:EvilPickle","Anchor","wanderingMiniBosses:AbyssPearl","Red Mask","Vampiric Spirits","aspiration:FetidBarrel","Gremlin Horn","hubris:Zylophone","Guide Book","infinitespire:Broken Mirror","paleoftheancients:Timepiece","paleoftheancients:KeyRelic","paleoftheancients:SoulOfTheCollector","FossilizedHelix","StuffTheSpire:HeavyRock"],"acts_visited":["Exordium","TheCity","TheBeyond","paleoftheancients:PaleOfTheAncients"],"potions_floor_usage":[13,16,33,33,39,39],"damage_taken":[{"damage":3.0,"enemies":"2 Louse","floor":1.0,"turns":4.0},{"damage":0.0,"enemies":"Small Slimes","floor":4.0,"turns":4.0},{"damage":16.0,"enemies":"Gremlin Nob","floor":6.0,"turns":5.0},{"damage":0.0,"enemies":"Jaw Worm","floor":8.0,"turns":7.0},{"damage":0.0,"enemies":"3 Sentries","floor":11.0,"turns":8.0},{"damage":4,"enemies":"Gremlin Gang","floor":13,"turns":5},{"damage":0,"enemies":"Blue Slaver","floor":14,"turns":4},{"damage":5,"enemies":"Slime Boss","floor":16,"turns":7},{"damage":11,"enemies":"2 Thieves","floor":18,"turns":7},{"damage":0,"enemies":"Chosen","floor":19,"turns":5},{"damage":3,"enemies":"Centurion and Healer","floor":21,"turns":7},{"damage":38,"enemies":"Slavers","floor":23,"turns":7},{"damage":13,"enemies":"Snake Plant","floor":24,"turns":3},{"damage":7,"enemies":"Cultist and Chosen","floor":27,"turns":4},{"damage":0,"enemies":"Sentry and Sphere","floor":30,"turns":3},{"damage":9,"enemies":"Pondfish","floor":33,"turns":6},{"damage":16,"enemies":"3 Darklings","floor":35,"turns":4},{"damage":0,"enemies":"3 Shapes","floor":37,"turns":5},{"damage":12,"enemies":"2 Orb Walkers","floor":39,"turns":5},{"damage":32,"enemies":"Reptomancer","floor":41,"turns":5},{"damage":0,"enemies":"Transient","floor":42,"turns":5},{"damage":0,"enemies":"3 Darklings","floor":45,"turns":4},{"damage":0,"enemies":"R_Hoarder","floor":46,"turns":6},{"damage":0,"enemies":"Sphere and 2 Shapes","floor":48,"turns":3},{"damage":0,"enemies":"Replay:Hell Engine","floor":50,"turns":7},{"damage":0,"enemies":"Replay:Hell Engine","floor":51,"turns":8},{"damage":13,"enemies":"Replay:Hell Engine","floor":52,"turns":8},{"damage":40,"enemies":"Replay:Hell Engine","floor":56,"turns":11},{"damage":257,"enemies":"paleoftheancients:N","floor":60,"turns":13}],"seed_played":"4712344536402058178","potions_obtained":[{"floor":1.0,"key":"Elixir"},{"floor":6.0,"key":"Strength Potion"},{"floor":11.0,"key":"SteroidPotion"},{"floor":23,"key":"Elixir"},{"floor":24,"key":"Dexterity Potion"},{"floor":27,"key":"Poison Potion"},{"floor":33,"key":"SkillPotion"}],"is_trial":false,"path_per_floor":["M","?","?","M","?","E","R","M","T","R","E","$","M","M","R","B",null,"M","M","$","M","$","E","M","R","T","M","AVR","?","M","T","R","B",null,"M","$","M","?","?","R","E","M","T","$","M","E","R","M","R","B","M","M","?","T","R","M","R","T","?","B"],"character_chosen":"THE_SILENT","items_purchased":["Regal Pillow","Membership Card","Deadly Poison","Lee\u0027s Waffle","Heel Hook","Noxious Fumes","Poisoned Stab","Anchor","hubris:Zylophone","Guide Book"],"campfire_rested":4,"item_purchase_floors":[12,12,20,20,22,36,36,36,44,44],"current_hp_per_floor":[67,67,67,67,67,51,51,51,51,51,51,51,47,47,70,65,70,59,59,77,74,74,36,23,61,61,54,54,54,54,54,54,45,77,61,61,61,61,49,49,17,17,17,17,17,17,55,55,55,80,80,74,74,74,74,57,80,80,80,0,0],"gold":207,"neow_bonus":"BOSS_RELIC","is_daily":false,"chose_seed":false,"campfire_upgraded":6,"win_rate":0.0,"timestamp":1612118817,"path_taken":["M","?","?","M","?","E","R","M","T","R","E","?","M","M","R","BOSS","M","?","$","M","$","E","M","R","T","M","AVR","?","M","?","R","BOSS","M","$","M","?","?","R","E","M","T","$","M","E","R","M","R","BOSS","M","M","?","T","R","M","R","T","?","BOSS"],"items_purchased_type":["Relic","Relic","Card","Relic","Card","Card","Card","Relic","Relic","Relic"],"build_version":"2020-12-22","purchased_purges":1,"victory":false,"max_hp_per_floor":[70,70,70,70,70,70,70,70,70,70,70,70,70,70,70,70,70,70,70,77,77,77,77,77,77,77,77,77,77,77,77,77,77,77,77,77,77,77,77,77,77,77,77,77,77,77,77,77,77,80,80,80,80,80,80,80,80,80,80,80,80],"card_choices":[{"not_picked":["Acrobatics","hubris:SlightOfHand"],"picked":"Bane","floor":1.0},{"not_picked":["Escape Plan","Dagger Spray"],"picked":"Replay:Poison Smokescreen","floor":2.0},{"not_picked":["Predator","Cloak And Dagger","Expertise"],"picked":"SKIP","floor":4.0},{"not_picked":["StuffTheSpire:Incursion","Caltrops"],"picked":"After Image","floor":6.0},{"not_picked":["Flechettes","Cloak And Dagger","Outmaneuver"],"picked":"SKIP","floor":8.0},{"not_picked":["Riddle With Holes","StuffTheSpire:Shiver"],"picked":"Draining Mist","floor":11.0},{"not_picked":["Riddle With Holes","Dagger Spray"],"picked":"Bane","floor":13},{"not_picked":["Choke","Slice","Eviscerate"],"picked":"SKIP","floor":14},{"not_picked":["Tools of the Trade","Wraith Form v2"],"picked":"infinitespire:Neurotoxin","floor":16},{"not_picked":["Prepared","Outmaneuver","StuffTheSpire:Python"],"picked":"SKIP","floor":18},{"not_picked":["ReplayTheSpireMod:Scrap Shanks","Quick Slash","Leg Sweep+1"],"picked":"SKIP","floor":19},{"not_picked":["Bane","Backflip"],"picked":"Deadly Poison","floor":21},{"not_picked":["StuffTheSpire:BumpUp","StuffTheSpire:Python","Blur"],"picked":"SKIP","floor":23},{"not_picked":["Bouncing Flask","hubris:SlightOfHand+1"],"picked":"Crippling Poison+1","floor":24},{"not_picked":["Quick Slash+1","Slice"],"picked":"Deadly Poison+1","floor":27},{"not_picked":["ReplayTheSpireMod:Scrap Shanks","Concentrate+1"],"picked":"Crippling Poison","floor":30},{"not_picked":["Burst","Tools of the Trade"],"picked":"Poison Darts","floor":33},{"not_picked":["Choke+1","Underhanded Strike+1"],"picked":"Backflip+1","floor":35},{"not_picked":["Quick Slash","ReplayTheSpireMod:Exploit Weakness","Acrobatics"],"picked":"SKIP","floor":37},{"not_picked":["ReplayTheSpireMod:Scrap Shanks","Cloak And Dagger"],"picked":"Deadly Poison+1","floor":41},{"not_picked":["Blade Dance","Acrobatics+1","hubris:SlightOfHand+1"],"picked":"SKIP","floor":42},{"not_picked":["Acrobatics","Endless Agony+1"],"picked":"Backflip+1","floor":45},{"not_picked":["Dagger Spray+1","Predator+1"],"picked":"Toxin Wave+1","floor":46},{"not_picked":["StuffTheSpire:Shiver+1","hubris:Counter+1"],"picked":"Bouncing Flask+1","floor":48},{"not_picked":["Dodge and Roll","Terror","Slice"],"picked":"SKIP","floor":51},{"not_picked":["Dodge and Roll","Terror","Slice"],"picked":"SKIP","floor":51},{"not_picked":["hubris:SlightOfHand+1","ReplayTheSpireMod:Scrap Shanks+1"],"picked":"Noxious Fumes","floor":52},{"not_picked":["Backflip+1","StuffTheSpire:BumpUp+1","StuffTheSpire:Sprint"],"picked":"SKIP","floor":56}],"player_experience":668162,"relics_obtained":[{"floor":2.0,"key":"Omamori"},{"floor":3.0,"key":"Ring of Fangs"},{"floor":3.0,"key":"Ring of Peace"},{"floor":6.0,"key":"Replay:Accelerometer"},{"floor":9.0,"key":"aspiration:VileToxins"},{"floor":11.0,"key":"ReplayTheSpireMod:Lightbulb"},{"floor":23,"key":"hubris:GlazedTorus"},{"floor":26,"key":"War Paint"},{"floor":28,"key":"Centennial Puzzle"},{"floor":28,"key":"The Specimen"},{"floor":28,"key":"Replay:Bottled Eggs"},{"floor":31,"key":"StuffTheSpire:Nightcore"},{"floor":37,"key":"wanderingMiniBosses:AbyssPearl"},{"floor":39,"key":"Vampiric Spirits"},{"floor":41,"key":"aspiration:FetidBarrel"},{"floor":43,"key":"Gremlin Horn"},{"floor":46,"key":"infinitespire:Broken Mirror"},{"floor":51,"key":"paleoftheancients:SoulOfTheCollector"},{"floor":54,"key":"FossilizedHelix"},{"floor":58,"key":"StuffTheSpire:HeavyRock"}],"event_choices":[{"damage_healed":0,"gold_gain":0,"player_choice":"Paid","damage_taken":0,"relics_obtained":["Red Mask"],"max_hp_gain":0,"max_hp_loss":0,"event_name":"Tomb of Lord Red Mask","floor":38,"gold_loss":94},{"damage_healed":0,"gold_gain":0,"player_choice":"Fight","damage_taken":0,"max_hp_gain":0,"max_hp_loss":0,"event_name":"Mysterious Sphere","floor":39,"gold_loss":0},{"damage_healed":0,"gold_gain":0,"player_choice":"Got Potions","damage_taken":0,"max_hp_gain":0,"max_hp_loss":0,"event_name":"Lab","floor":53,"gold_loss":0}],"is_beta":false,"boss_relics":[{"not_picked":["hubris:Stopwatch","energizedSpire:CursedPentagram"],"picked":"energizedSpire:RedRose"},{"not_picked":["aspiration:SecretTechniqueScroll","aspiration:RunicSpoon"],"picked":"Sozu"}],"items_purged_floors":[36],"is_endless":false,"potions_floor_spawned":[1,6,11,23,24,27,33,35,39,42,48,51,52],"killed_by":"paleoftheancients:N","ascension_level":3}}