{"host":"nxma0dbhh74lxenq","time":1612109622,"event":{"mods":["Astrologer","BaseMod","Beaked The Cultist","CapriCore","Colored Map","DeckTracker","Gremlin Mod","HololiveMod","KinomotoSakuraMod(ñÿîVñ{?)","Koishi","Mad Scientist","Minty Spire (QoL Compilation)","Prisma Mod","StSLib","SuperFastMode","The Bladedancer","The Cursed","The Immortal","The Mystic","YoumuÅiç∞ÈÆódöÎÅj"],"gold_per_floor":[117,131,131,143,20,20,33,62,88,104,104,27,47,77,77,154,154,169,183,79,79,79,79,105,105,183,13,13,31,66,66,66,138,138,152,167,167,180,196,196,225,241,241,241,266,266,292,312,312,312],"floor_reached":51,"language":"JPN","playtime":1807,"items_purged":["Koishi:BasicStrike","Koishi:CatchAndRose"],"score":1610,"play_id":"0c999a3f-116f-4222-b6db-e2d354548f28","local_time":"20210201011342","is_ascension_mode":true,"campfire_choices":[{"data":"Koishi:Provoke","floor":6,"key":"SMITH"},{"floor":11,"key":"REST"},{"data":"Koishi:SubterraneanRose","floor":15,"key":"SMITH"},{"data":"Koishi:Untouchable","floor":23,"key":"SMITH"},{"data":"Koishi:GrowingPain","floor":25,"key":"SMITH"},{"data":"Koishi:PredatoryInstincts","floor":28,"key":"SMITH"},{"data":"Koishi:Whimsy","floor":32,"key":"SMITH"},{"data":"Koishi:Catatonia","floor":40,"key":"SMITH"},{"data":"Koishi:PredatoryInstincts","floor":44,"key":"SMITH"},{"data":"Koishi:GeneticsOfTheUnconscious","floor":49,"key":"SMITH"}],"circlet_count":0,"master_deck":["AscendersBane","Koishi:BasicStrike+1","Koishi:BasicStrike+1","Koishi:BasicStrike+1","Koishi:BasicDefend+1","Koishi:BasicDefend+1","Koishi:BasicDefend+1","Koishi:BasicDefend+1","Koishi:Provoke+1","Koishi:HauntingSlash","Koishi:TremblingHands","Koishi:RacingHeart","Koishi:SubconsciousSweep","Koishi:DanmakuParanoia","Koishi:SubterraneanRose+1","Koishi:SilentAndRestless","Koishi:ParalyzingFear","Koishi:UnconsciousUrges","Koishi:GrowingPain+1","Koishi:Jaunt","Koishi:PredatoryInstincts+1","Koishi:Untouchable+1","Ghostly","Ghostly","Ghostly","Ghostly","Ghostly","Koishi:GeneticsOfTheUnconscious+1","Koishi:GrowingPain","Koishi:Whimsy+1","Koishi:PredatoryInstincts+1","Koishi:Catatonia+1","Koishi:Heartbroken+1","Koishi:LastRemote+1"],"relics":["Koishi:ImaginaryFriend","NeowsBlessing","Akabeko","Koishi:AHoleWhereASisterShouldBe","Happy Flower","Koishi:ColorfulDays","Bottled Lightning","Frozen Egg 2","Koishi:LettersToReimu","Runic Pyramid","White Beast Statue","Orichalcum","Incense Burner","Pantograph","Lantern"],"acts_visited":["Exordium","TheCity","TheBeyond"],"potions_floor_usage":[8,19,48,50],"damage_taken":[{"damage":0,"enemies":"Cultist","floor":1,"turns":1},{"damage":0,"enemies":"Jaw Worm","floor":2,"turns":1},{"damage":0,"enemies":"2 Louse","floor":4,"turns":1},{"damage":16,"enemies":"2 Fungi Beasts","floor":7,"turns":5},{"damage":24,"enemies":"Gremlin Nob","floor":8,"turns":4},{"damage":12,"enemies":"Exordium Wildlife","floor":10,"turns":2},{"damage":0,"enemies":"Red Slaver","floor":13,"turns":2},{"damage":8,"enemies":"3 Sentries","floor":14,"turns":10},{"damage":9,"enemies":"Hexaghost","floor":16,"turns":10},{"damage":9,"enemies":"Shell Parasite","floor":18,"turns":5},{"damage":10,"enemies":"3 Byrds","floor":19,"turns":6},{"damage":0,"enemies":"Book of Stabbing","floor":24,"turns":6},{"damage":0,"enemies":"Snecko","floor":29,"turns":4},{"damage":0,"enemies":"Gremlin Leader","floor":30,"turns":7},{"damage":0,"enemies":"Automaton","floor":33,"turns":9},{"damage":0,"enemies":"3 Shapes","floor":35,"turns":4},{"damage":0,"enemies":"Orb Walker","floor":36,"turns":4},{"damage":0,"enemies":"Sphere and 2 Shapes","floor":38,"turns":3},{"damage":0,"enemies":"3 Darklings","floor":39,"turns":5},{"damage":0,"enemies":"Reptomancer","floor":41,"turns":5},{"damage":0,"enemies":"4 Shapes","floor":42,"turns":6},{"damage":0,"enemies":"Mind Bloom Boss Battle","floor":45,"turns":4},{"damage":0,"enemies":"Giant Head","floor":47,"turns":6},{"damage":0,"enemies":"Maw","floor":48,"turns":6},{"damage":0,"enemies":"Awakened One","floor":50,"turns":9}],"seed_played":"-6404490875797236509","potions_obtained":[{"floor":1,"key":"ColorlessPotion"},{"floor":4,"key":"DistilledChaos"},{"floor":13,"key":"Weak Potion"},{"floor":19,"key":"AttackPotion"},{"floor":37,"key":"ColorlessPotion"},{"floor":45,"key":"DistilledChaos"},{"floor":47,"key":"Fruit Juice"},{"floor":48,"key":"SkillPotion"}],"is_trial":false,"path_per_floor":["M","M","?","M","$","R","M","E","T","M","R","$","M","E","R","B",null,"M","M","$","?","?","R","E","R","T","$","R","M","E","?","R","B",null,"M","M","?","M","M","R","E","M","T","R","?","T","E","M","R","B",null],"character_chosen":"KOISHI","items_purchased":["Koishi:RacingHeart","Koishi:SilentAndRestless","Koishi:PredatoryInstincts","Koishi:Untouchable","Koishi:GrowingPain"],"campfire_rested":1,"item_purchase_floors":[5,12,20,20,27],"current_hp_per_floor":[54,54,59,59,59,59,44,26,26,14,33,33,33,28,28,28,56,51,43,43,32,32,32,32,32,32,32,32,32,32,32,32,32,32,32,32,32,32,32,32,32,32,32,32,32,32,32,37,37,37],"gold":312,"neow_bonus":"THREE_ENEMY_KILL","is_daily":false,"chose_seed":false,"campfire_upgraded":9,"win_rate":0.0,"timestamp":1612109622,"path_taken":["M","?","?","M","$","R","M","E","T","M","R","$","M","E","R","BOSS","M","M","$","?","?","R","E","R","T","?","R","?","E","?","R","BOSS","M","M","?","?","M","R","E","M","T","R","?","?","E","M","R","BOSS"],"items_purchased_type":["Card","Card","Card","Card","Card"],"build_version":"2020-12-22","purchased_purges":2,"victory":true,"max_hp_per_floor":[60,60,65,65,65,65,65,65,65,65,65,65,65,65,65,65,65,65,65,65,32,32,32,32,32,32,32,32,32,32,32,32,32,32,32,32,32,32,32,32,32,32,32,32,32,32,32,37,37,37],"card_choices":[{"not_picked":["Koishi:MassHysteria","Koishi:ReflexRadar"],"picked":"Koishi:TremblingHands","floor":1},{"not_picked":["Koishi:PhantomStrike","Koishi:StrangeCloudFist","Koishi:DreadfulBlow"],"picked":"SKIP","floor":2},{"not_picked":["Koishi:HeartfeltFancy","Koishi:UnansweredLove"],"picked":"Koishi:CatchAndRose","floor":4},{"not_picked":["Koishi:SpiritedAway","Koishi:DreadfulBlow"],"picked":"Koishi:SubconsciousSweep","floor":7},{"not_picked":["Koishi:PhilosophyOfTheDespised","Koishi:StrangeCloudFist"],"picked":"Koishi:DanmakuParanoia","floor":8},{"not_picked":["Koishi:CatchAndRose","Koishi:SpiritedAway"],"picked":"Koishi:SubterraneanRose","floor":10},{"not_picked":["Koishi:SubconsciousSweep","Koishi:FleetingPhantom"],"picked":"Koishi:ParalyzingFear","floor":13},{"not_picked":["Koishi:EmbryosDream","Koishi:DreadfulBlow"],"picked":"Koishi:UnconsciousUrges","floor":14},{"not_picked":["Koishi:ConfinedInnocent","Koishi:ImGoingToCallYouNow"],"picked":"Koishi:GrowingPain","floor":16},{"not_picked":["Koishi:PhantomStrike","Koishi:JumpScare","Koishi:SubterraneanRose"],"picked":"SKIP","floor":18},{"not_picked":["Koishi:UnansweredLove","Koishi:RorschachInDanmaku"],"picked":"Koishi:Jaunt","floor":19},{"not_picked":["Koishi:BloodcurdlingScream","Koishi:FreudianInstinct"],"picked":"Koishi:GeneticsOfTheUnconscious","floor":24},{"not_picked":["Koishi:GeneticsOfTheUnconscious","Koishi:Ego+1"],"picked":"Koishi:Whimsy","floor":29},{"not_picked":["Koishi:RacingHeart","Koishi:Bloodlust"],"picked":"Koishi:PredatoryInstincts","floor":30},{"not_picked":["Koishi:GrowingPain","Koishi:TerrifyingSpectre+1"],"picked":"Koishi:Heartbroken+1","floor":33},{"not_picked":["Koishi:DreadfulBlow","Koishi:Possession","Koishi:UnansweredLove"],"picked":"SKIP","floor":35},{"not_picked":["Koishi:PhantomStrike","Koishi:ReflexRadar+1","Koishi:RacingHeart"],"picked":"SKIP","floor":36},{"not_picked":["Koishi:FourthEye","Koishi:EmbryosDream","Koishi:ReleaseOfTheId"],"picked":"SKIP","floor":38},{"not_picked":["Koishi:CatchAndRose+1","Koishi:MindNumbingTerror","Koishi:RorschachInDanmaku"],"picked":"SKIP","floor":39},{"not_picked":["Koishi:JumpScare","Koishi:MindNumbingTerror"],"picked":"Koishi:LastRemote+1","floor":41},{"not_picked":["Koishi:FourthEye","Koishi:FreudianInstinct+1","Koishi:EmbryosDream"],"picked":"SKIP","floor":42},{"not_picked":["Koishi:BramblyRoseGarden+1","Koishi:SilentAndRestless","Koishi:IdleWhim"],"picked":"SKIP","floor":47},{"not_picked":["Koishi:CatchAndRose+1","Koishi:IdleWhim","Koishi:UnansweredLove+1"],"picked":"SKIP","floor":48}],"player_experience":556677,"relics_obtained":[{"floor":8,"key":"Akabeko"},{"floor":9,"key":"Koishi:AHoleWhereASisterShouldBe"},{"floor":14,"key":"Happy Flower"},{"floor":24,"key":"Bottled Lightning"},{"floor":26,"key":"Frozen Egg 2"},{"floor":30,"key":"Koishi:LettersToReimu"},{"floor":41,"key":"White Beast Statue"},{"floor":43,"key":"Orichalcum"},{"floor":45,"key":"Incense Burner"},{"floor":46,"key":"Pantograph"},{"floor":47,"key":"Lantern"}],"event_choices":[{"damage_healed":0,"gold_gain":0,"player_choice":"Donut","damage_taken":0,"max_hp_gain":5,"max_hp_loss":0,"event_name":"Big Fish","floor":3,"gold_loss":0},{"damage_healed":0,"gold_gain":0,"player_choice":"Became a Ghost","damage_taken":0,"max_hp_gain":0,"max_hp_loss":33,"event_name":"Ghosts","floor":21,"gold_loss":0,"cards_obtained":["Ghostly","Ghostly","Ghostly","Ghostly","Ghostly"]},{"damage_healed":0,"gold_gain":0,"player_choice":"Simplicity","damage_taken":0,"max_hp_gain":0,"max_hp_loss":0,"event_name":"Back to Basics","floor":22,"gold_loss":0,"cards_upgraded":["Koishi:BasicStrike","Koishi:BasicStrike","Koishi:BasicStrike","Koishi:BasicDefend","Koishi:BasicDefend","Koishi:BasicDefend","Koishi:BasicDefend"]},{"damage_healed":0,"gold_gain":0,"player_choice":"Read","damage_taken":0,"max_hp_gain":0,"max_hp_loss":0,"event_name":"The Library","floor":31,"gold_loss":0,"cards_obtained":["Koishi:Catatonia"]},{"damage_healed":0,"gold_gain":0,"player_choice":"Got Potions","damage_taken":0,"max_hp_gain":0,"max_hp_loss":0,"event_name":"Lab","floor":37,"gold_loss":0},{"damage_healed":0,"gold_gain":0,"player_choice":"Fight","damage_taken":0,"max_hp_gain":0,"max_hp_loss":0,"event_name":"MindBloom","floor":45,"gold_loss":0}],"is_beta":false,"boss_relics":[{"not_picked":["Velvet Choker","Runic Dome"],"picked":"Koishi:ColorfulDays"},{"not_picked":["Hololive_ChaosS","Hololive_Finger"],"picked":"Runic Pyramid"}],"items_purged_floors":[5,27],"is_endless":false,"potions_floor_spawned":[1,4,13,14,19,24,36,39,41,42,45,47,48],"ascension_level":13}}