{"host":"5ddwedapke4fsx0r","time":1612099594,"event":{"mods":["BaseMod","Downfall","Infinite Spire","Minty Spire (QoL Compilation)","Reliquary","Shade Mod","StSLib","The Clintock","The Construct","The Forsaken","The Gatherer","The Hierophant","The Servant 0.9.4","TheHero","TheSurvivalist"],"gold_per_floor":[99,110,125,125,125,140,219,234,245,145,63,96,96,128,147,244,244,244,256,2,102,102,102,126,126,126,126],"floor_reached":26,"language":"ENG","playtime":1881,"items_purged":[],"score":302,"play_id":"eac2dfc5-54e9-4c76-ae88-a8de91cbeb1b","local_time":"20210131142634","is_ascension_mode":true,"campfire_choices":[{"data":"construct:DefenseMode","floor":1.0,"key":"SMITH"},{"data":"construct:Autoturret","floor":10.0,"key":"SMITH"},{"data":"construct:Zapper","floor":18.0,"key":"SMITH"},{"floor":23,"key":"REST"},{"data":"construct:Autoturret","floor":25,"key":"SMITH"}],"circlet_count":0,"master_deck":["construct:Strike_Gold","construct:Strike_Gold","construct:Strike_Gold","construct:Strike_Gold","construct:Strike_Gold","construct:Defend_Gold","construct:Defend_Gold","construct:Defend_Gold","construct:Defend_Gold","construct:Defend_Gold","construct:AttackMode","construct:DefenseMode+1","construct:ChargeShot+1","construct:Autoturret+1","construct:Zapper+1","construct:Autoturret","construct:ForceCore","construct:Autoturret+1","construct:PointDefense","construct:HammerDown","construct:QuickAttack","construct:LaserCore+1"],"relics":["infinitespire:BottledMercury","downfall:HeartBlessingBlue","White Beast Statue","InkBottle","infinitespire:Cupcake","Toxic Egg 2","Prayer Wheel","Letter Opener","Nloth\u0027s Gift","Orichalcum"],"acts_visited":["Exordium","TheCity"],"potions_floor_usage":[21,21,26,26],"damage_taken":[{"damage":1.0,"enemies":"2 Louse","floor":2.0,"turns":3.0},{"damage":11.0,"enemies":"Jaw Worm","floor":3.0,"turns":3.0},{"damage":1.0,"enemies":"Cultist","floor":6.0,"turns":3.0},{"damage":10.0,"enemies":"2 Fungi Beasts","floor":8.0,"turns":4.0},{"damage":17.0,"enemies":"3 Louse","floor":9.0,"turns":6.0},{"damage":4.0,"enemies":"downfall:FleeingMerchant","floor":11.0,"turns":4.0},{"damage":38.0,"enemies":"Gremlin Nob","floor":12.0,"turns":7.0},{"damage":4.0,"enemies":"Lagavulin","floor":14.0,"turns":9.0},{"damage":8.0,"enemies":"Red Slaver","floor":15.0,"turns":5.0},{"damage":0.0,"enemies":"SI_SHIV_ARCHETYPE","floor":16.0,"turns":11.0},{"damage":8.0,"enemies":"Spheric Guardian","floor":19.0,"turns":5.0},{"damage":6.0,"enemies":"downfall:FleeingMerchant","floor":20.0,"turns":4.0},{"damage":128,"enemies":"DF_ARCHETYPE_STREAMLINE","floor":21,"turns":16},{"damage":50,"enemies":"Slavers","floor":26,"turns":3}],"seed_played":"-2713638507805488018","potions_obtained":[{"floor":9.0,"key":"Regen Potion"},{"floor":12.0,"key":"AttackPotion"},{"floor":14.0,"key":"EssenceOfSteel"},{"floor":15.0,"key":"PowerPotion"},{"floor":16.0,"key":"EntropicBrew"},{"floor":19.0,"key":"FearPotion"},{"floor":21,"key":"SkillPotion"}],"is_trial":false,"path_per_floor":["R","M","M","?","?","M","T","M","M","R","$","E","?","E","M","B",null,"R","M","$","?","?","R","T","R","E"],"character_chosen":"THE_CONSTRUCT_MOD","items_purchased":["construct:ForceCore","Toxic Egg 2"],"campfire_rested":1,"item_purchase_floors":[11,20],"current_hp_per_floor":[93,92,81,81,81,80,80,70,53,63,73,35,35,31,23,23,103,103,95,89,16,16,46,46,46,0,0],"gold":126,"neow_bonus":"TEN_PERCENT_HP_BONUS","is_daily":false,"chose_seed":false,"campfire_upgraded":4,"win_rate":0.0,"timestamp":1612099594,"path_taken":["R","M","M","?","?","?","T","M","M","R","$","E","?","E","M","BOSS","R","M","$","?","?","R","T","R","E"],"items_purchased_type":["Card","Relic"],"build_version":"2020-12-22","purchased_purges":0,"victory":false,"max_hp_per_floor":[93,93,93,93,93,93,93,93,93,103,103,103,103,103,103,103,103,103,103,103,103,103,103,103,103,103,103],"card_choices":[{"not_picked":["construct:SweepLaser","construct:HeavyBolt","construct:FierceBash"],"picked":"SKIP","floor":2.0},{"not_picked":["construct:Backfire","construct:SweepLaser"],"picked":"construct:ChargeShot","floor":3.0},{"not_picked":["construct:OneWayMirror","construct:Boost"],"picked":"construct:Autoturret","floor":6.0},{"not_picked":["construct:Backfire","construct:SuppressiveFire"],"picked":"construct:Zapper","floor":8.0},{"not_picked":["construct:Chainstrike","construct:SaveState","construct:ModeShift"],"picked":"SKIP","floor":9.0},{"not_picked":["construct:Enhance","construct:Accumulate"],"picked":"construct:Autoturret","floor":11.0},{"not_picked":["construct:Reinforce","construct:ClusterMines"],"picked":"construct:Autoturret","floor":12.0},{"not_picked":["construct:Anticipate","construct:SweepLaser"],"picked":"construct:PointDefense","floor":14.0},{"not_picked":["construct:Dampening","construct:Versatility","construct:Impenetrable"],"picked":"SKIP","floor":15.0},{"not_picked":["construct:Multistage","construct:HyperBeam"],"picked":"construct:HammerDown","floor":16.0},{"not_picked":["construct:ClusterMines","construct:ModeShift+1","construct:SweepLaser"],"picked":"SKIP","floor":19.0},{"not_picked":["construct:Synchronize","construct:Anticipate"],"picked":"construct:QuickAttack","floor":20},{"not_picked":["construct:Analyze+1","construct:Chainstrike+1"],"picked":"construct:LaserCore+1","floor":21}],"player_experience":532660,"relics_obtained":[{"floor":12.0,"key":"White Beast Statue"},{"floor":14.0,"key":"InkBottle"},{"floor":21,"key":"Prayer Wheel"},{"floor":21,"key":"Letter Opener"},{"floor":24,"key":"Orichalcum"}],"event_choices":[{"damage_healed":0.0,"max_hp_gain":0.0,"max_hp_loss":0.0,"gold_gain":0.0,"event_name":"Big Fish","player_choice":"Box","floor":4.0,"gold_loss":0.0,"damage_taken":0.0,"relics_obtained":["infinitespire:BottledMercury"],"cards_obtained":["Regret"]},{"cards_removed":["Regret"],"damage_healed":0.0,"max_hp_gain":0.0,"max_hp_loss":0.0,"gold_gain":0.0,"event_name":"The Cleric","player_choice":"Card Removal","floor":13.0,"gold_loss":0.0,"damage_taken":0.0}],"is_beta":false,"boss_relics":[{"not_picked":["Busted Crown","reliquary:KinkedSpring"],"picked":"infinitespire:Cupcake"}],"items_purged_floors":[],"is_endless":false,"potions_floor_spawned":[9,12,14,15,16,19,20,21],"killed_by":"Slavers","ascension_level":1}}