{"host":"kzfpatocel9exp3u","time":1612106556,"event":{"mods":["Arknights","BaseMod","Googly Eyes","Minty Spire (QoL Compilation)","StSLib"],"gold_per_floor":[111,111,128,128,20,54,54,82,159,184,198,198,210,236,236,339,339,350,91,104,121,141,172,188,215,215,247,262,262,292,96,96,191,191,208,554,144,160,35,35,70,89,112,140,140,140,160,171,171,171],"floor_reached":51,"language":"ZHS","playtime":2808,"items_purged":["ats:Strike V","ats:Strike S","ats:Strike G"],"score":1030,"play_id":"65167592-982f-439a-80b7-a3b0b6581aec","local_time":"20210131232236","daily_mods":["Heirloom"],"is_ascension_mode":true,"campfire_choices":[{"data":"ats:Sashimi Platter","floor":7.0,"key":"SMITH"},{"data":"ats:Closed Bolt Burst Fire","floor":12.0,"key":"SMITH"},{"data":"ats:Thorns","floor":15.0,"key":"SMITH"},{"data":"ats:Dogmatic Field","floor":29.0,"key":"SMITH"},{"data":"ats:Echo Reverb","floor":32.0,"key":"SMITH"},{"data":"ats:Explosion Area Strengthen","floor":40,"key":"SMITH"},{"data":"ats:Healing Strengthening","floor":49,"key":"SMITH"}],"circlet_count":0,"master_deck":["ats:Armor Crushing Shot+1","ats:Defend","ats:Defend","ats:Defend","ats:Defend","ats:Emotion Absorption","ats:Explosion Area Strengthen+1","ats:Sashimi Platter+1","ats:Thorns+1","ats:Closed Bolt Burst Fire+1","ats:Chain Hook+1","ats:Echo Reverb+1","ats:Dogmatic Field+1","ats:Flexible Camouflage+1","ats:Curse Doll+1","ats:Hook Shot","Discovery+1","ats:Very Hot Blade+1","ats:Calcification+1","ats:Healing Strengthening+1"],"relics":["ats:Sanity","CaptainsWheel","Art of War","ats:Originium","TungstenRod","Strawberry","Pear","HornCleat","Molten Egg 2","Coffee Dripper","Mercury Hourglass","Ginger","Centennial Puzzle","Singing Bowl","Anchor","Toxic Egg 2","Philosopher\u0027s Stone","Old Coin","Mummified Hand","Pen Nib","Whetstone","Dream Catcher"],"acts_visited":["Exordium","TheCity","TheBeyond"],"potions_floor_usage":[42,50,50],"damage_taken":[{"damage":2.0,"enemies":"Small Slimes","floor":1.0,"turns":4.0},{"damage":1.0,"enemies":"Cultist","floor":3.0,"turns":4.0},{"damage":59.0,"enemies":"Lagavulin","floor":6.0,"turns":10.0},{"damage":12.0,"enemies":"Gremlin Nob","floor":8.0,"turns":5.0},{"damage":14.0,"enemies":"3 Sentries","floor":10.0,"turns":9.0},{"damage":5.0,"enemies":"2 Louse","floor":11.0,"turns":2.0},{"damage":6.0,"enemies":"Blue Slaver","floor":13.0,"turns":3.0},{"damage":0.0,"enemies":"Gremlin Nob","floor":14.0,"turns":4.0},{"damage":54.0,"enemies":"Hexaghost","floor":16.0,"turns":10.0},{"damage":27.0,"enemies":"2 Thieves","floor":18.0,"turns":4.0},{"damage":0.0,"enemies":"3 Byrds","floor":20.0,"turns":3.0},{"damage":13.0,"enemies":"Centurion and Healer","floor":21.0,"turns":6.0},{"damage":27.0,"enemies":"Shelled Parasite and Fungi","floor":22.0,"turns":4.0},{"damage":41.0,"enemies":"Book of Stabbing","floor":23.0,"turns":6.0},{"damage":32.0,"enemies":"Snecko","floor":24.0,"turns":6.0},{"damage":23.0,"enemies":"Gremlin Leader","floor":25.0,"turns":4.0},{"damage":20.0,"enemies":"Slavers","floor":27.0,"turns":5.0},{"damage":3.0,"enemies":"Sentry and Sphere","floor":28.0,"turns":4.0},{"damage":15.0,"enemies":"Book of Stabbing","floor":30.0,"turns":4.0},{"damage":72.0,"enemies":"Automaton","floor":33.0,"turns":12.0},{"damage":16,"enemies":"3 Darklings","floor":35,"turns":3},{"damage":58,"enemies":"2 Orb Walkers","floor":36,"turns":7},{"damage":40,"enemies":"3 Shapes","floor":38,"turns":4},{"damage":29,"enemies":"Nemesis","floor":41,"turns":4},{"damage":5,"enemies":"Jaw Worm Horde","floor":42,"turns":4},{"damage":10,"enemies":"Reptomancer","floor":44,"turns":4},{"damage":2,"enemies":"4 Shapes","floor":47,"turns":4},{"damage":0,"enemies":"Transient","floor":48,"turns":5},{"damage":33,"enemies":"Donu and Deca","floor":50,"turns":8}],"seed_played":"1818182187247380425","potions_obtained":[{"floor":1.0,"key":"SpeedPotion"},{"floor":6.0,"key":"GamblersBrew"},{"floor":11.0,"key":"ats:Emergency Sanity Potion"},{"floor":16.0,"key":"Fire Potion"},{"floor":18.0,"key":"DuplicationPotion"},{"floor":21.0,"key":"DistilledChaos"},{"floor":24.0,"key":"GamblersBrew"},{"floor":27.0,"key":"FearPotion"},{"floor":36,"key":"SpeedPotion"},{"floor":44,"key":"CultistPotion"},{"floor":48,"key":"ColorlessPotion"}],"is_trial":true,"path_per_floor":["M","?","M","?","$","E","R","E","T","E","M","R","M","E","R","B",null,"M","$","M","M","M","E","M","E","T","E","M","R","E","$","R","B",null,"M","?","$","M","$","R","E","M","T","E","?","$","M","M","R","B",null],"character_chosen":"DOCTOR_CLASS","items_purchased":["ats:Sashimi Platter","Mercury Hourglass","Discovery+1","Mummified Hand","ats:Calcification+1"],"campfire_rested":0,"item_purchase_floors":[5,19,31,37,37],"current_hp_per_floor":[70,70,69,69,69,27,27,40,50,54,58,58,52,74,74,55,89,84,84,88,84,73,72,68,78,78,85,91,91,93,93,93,79,95,79,60,60,32,32,32,20,29,29,47,47,47,50,78,78,93],"gold":171,"neow_bonus":"","is_daily":false,"chose_seed":false,"campfire_upgraded":7,"win_rate":0.0,"timestamp":1612106556,"path_taken":["M","?","?","?","$","E","R","E","T","E","M","R","?","E","R","BOSS","M","?","M","M","M","E","M","E","T","E","?","R","E","$","R","BOSS","M","?","$","M","$","R","E","M","T","E","?","?","M","M","R","BOSS"],"items_purchased_type":["Card","Relic","Card","Relic","Card"],"build_version":"2020-12-22","purchased_purges":3,"victory":true,"max_hp_per_floor":[72,72,72,72,72,72,72,79,89,89,89,89,89,89,89,89,89,89,89,89,89,89,89,89,89,89,91,91,91,93,93,93,95,95,95,97,97,99,99,99,101,103,103,103,103,103,105,107,107,107],"card_choices":[{"not_picked":["ats:Shadow Raid","ats:Leaping Hammer"],"picked":"ats:Explosion Area Strengthen","floor":1.0},{"not_picked":["ats:Flexible Camouflage","ats:Beaten Up","ats:Ignite"],"picked":"SKIP","floor":3.0},{"not_picked":["ats:Thermite Blade","ats:Shadow Raid"],"picked":"ats:Thorns","floor":6.0},{"not_picked":["ats:Powerful Strike","ats:Volcano","ats:Curse Doll"],"picked":"SKIP","floor":8.0},{"not_picked":["ats:Directed Diagnosis","ats:Hammer On"],"picked":"ats:Closed Bolt Burst Fire","floor":10.0},{"not_picked":["ats:Consecutive Shot Auto","ats:Very Hot Blade"],"picked":"ats:Chain Hook","floor":11.0},{"not_picked":["ats:Consecutive Shot Auto","ats:Demon Strength","ats:Ignite"],"picked":"SKIP","floor":13.0},{"not_picked":["ats:Hammer On+1","ats:Sashimi Platter+1"],"picked":"ats:Echo Reverb","floor":14.0},{"not_picked":["ats:Rat Pack","ats:Durian"],"picked":"ats:Dogmatic Field","floor":16.0},{"not_picked":["ats:Beaten Up+1","ats:Cat Scratch+1","ats:Mental Burst+1"],"picked":"SKIP","floor":18.0},{"not_picked":["ats:Leaping Hammer+1","ats:Poison Spread+1","ats:Guard Mode"],"picked":"SKIP","floor":20.0},{"not_picked":["ats:Absolute Focus+1","ats:Assault Order+1"],"picked":"ats:Flexible Camouflage+1","floor":21.0},{"not_picked":["ats:Ignite+1","ats:Counter Healing Mode","ats:Closed Bolt Burst Fire+1"],"picked":"SKIP","floor":22.0},{"not_picked":["ats:Flame Of Heaven+1","ats:Burning Ground","ats:Mental Burst+1"],"picked":"SKIP","floor":23.0},{"not_picked":["ats:Sword Rain+1","ats:Dogmatic Field"],"picked":"ats:Curse Doll+1","floor":24.0},{"not_picked":["ats:Encircling Forest","ats:Revitalization+1","ats:Apocalypse+1"],"picked":"SKIP","floor":25.0},{"not_picked":["ats:Shell Defense","ats:Hammer On+1","ats:Apocalypse+1"],"picked":"Singing Bowl","floor":27.0},{"not_picked":["ats:Red Shift+1","ats:Leaping Hammer+1"],"picked":"ats:Hook Shot","floor":28.0},{"not_picked":["ats:Flexible Camouflage+1","ats:Revitalization+1","ats:Closed Bolt Burst Fire+1"],"picked":"Singing Bowl","floor":30.0},{"not_picked":["ats:Roar Of Ursus","ats:Echo Reverb+1","ats:Nebulous Foxfire+1"],"picked":"Singing Bowl","floor":33.0},{"not_picked":["ats:Steam Pump+1","ats:Counter Healing Mode"],"picked":"ats:Very Hot Blade+1","floor":35},{"not_picked":["ats:Flexible Camouflage+1","ats:Absolute Focus+1","ats:Red Shift+1"],"picked":"Singing Bowl","floor":36},{"not_picked":["ats:Red Shift+1","ats:Absolute Focus+1","ats:Assault Order+1"],"picked":"Singing Bowl","floor":38},{"not_picked":["ats:Shell Defense+1","ats:Consecutive Shot Auto+1","ats:Dogmatic Field"],"picked":"Singing Bowl","floor":41},{"not_picked":["ats:Blood Oath+1","ats:Ignite+1","ats:Consecutive Shot Auto+1"],"picked":"Singing Bowl","floor":42},{"not_picked":["ats:Absolute Focus+1","ats:Ignite+1"],"picked":"ats:Healing Strengthening","floor":44},{"not_picked":["ats:Poison Spread+1","ats:Part Time Job","ats:LN2 Cannon+1"],"picked":"Singing Bowl","floor":47},{"not_picked":["ats:Assault Order+1","ats:Revitalization+1","ats:Guard Mode+1"],"picked":"Singing Bowl","floor":48}],"player_experience":1316134,"relics_obtained":[{"floor":6.0,"key":"ats:Originium"},{"floor":6.0,"key":"TungstenRod"},{"floor":8.0,"key":"ats:Originium"},{"floor":8.0,"key":"Strawberry"},{"floor":9.0,"key":"Pear"},{"floor":10.0,"key":"ats:Originium"},{"floor":10.0,"key":"HornCleat"},{"floor":14.0,"key":"ats:Originium"},{"floor":14.0,"key":"Molten Egg 2"},{"floor":23.0,"key":"Ginger"},{"floor":25.0,"key":"Centennial Puzzle"},{"floor":26.0,"key":"Singing Bowl"},{"floor":27.0,"key":"Anchor"},{"floor":30.0,"key":"Toxic Egg 2"},{"floor":36,"key":"Old Coin"},{"floor":41,"key":"Pen Nib"},{"floor":43,"key":"Whetstone"},{"floor":44,"key":"Dream Catcher"}],"event_choices":[{"cards_removed":["ats:Strike C"],"damage_healed":0.0,"max_hp_gain":0.0,"max_hp_loss":0.0,"gold_gain":0.0,"event_name":"Bonfire Elementals","player_choice":"Offered Basic","floor":2.0,"gold_loss":0.0,"damage_taken":0.0},{"damage_healed":0.0,"max_hp_gain":0.0,"max_hp_loss":0.0,"gold_gain":0.0,"event_name":"WeMeetAgain","player_choice":"Gave Potion","floor":4.0,"gold_loss":0.0,"damage_taken":0.0,"relics_obtained":["Art of War"]},{"damage_healed":0,"gold_gain":0,"player_choice":"Fight","damage_taken":0,"max_hp_gain":0,"max_hp_loss":0,"event_name":"Mysterious Sphere","floor":36,"gold_loss":0},{"damage_healed":0,"gold_gain":0,"player_choice":"Ignored","damage_taken":0,"max_hp_gain":0,"max_hp_loss":0,"event_name":"The Moai Head","floor":45,"gold_loss":0}],"is_beta":false,"boss_relics":[{"not_picked":["Tiny House","Empty Cage"],"picked":"Coffee Dripper"},{"not_picked":["Astrolabe","Snecko Eye"],"picked":"Philosopher\u0027s Stone"}],"items_purged_floors":[5,31,39],"is_endless":false,"potions_floor_spawned":[1,6,11,16,18,21,22,24,27,36,44,47,48],"ascension_level":1}}