{"host":"2se5dq1do2gp0x9k","time":1612054962,"event":{"mods":["AchievementEnabler","BaseMod","Block Reminder","Colored Map","Colored Powertips","Minty Spire (QoL Compilation)","Relic Stats","StSLib","SuperFastMode"],"gold_per_floor":[110,7,7,23,34,60,60,75,75,75,75,136,136,85,85,85,85],"floor_reached":16,"language":"ENG","playtime":442,"items_purged":["Strike_B"],"score":196,"play_id":"d6021333-5e5d-450f-814c-b9c6ffc938cd","local_time":"20210130170242","is_ascension_mode":true,"campfire_choices":[{"data":"Defragment","floor":7,"key":"SMITH"},{"data":"Zap","floor":10,"key":"SMITH"},{"floor":15,"key":"REST"}],"circlet_count":0,"master_deck":["AscendersBane","Strike_B","Strike_B","Defend_B","Defend_B","Defend_B","Defend_B","Zap+1","Dualcast","Rebound","Beam Cell","Defragment+1","Steam","Compile Driver","Biased Cognition","Coolheaded","FTL","Conserve Battery","Consume"],"relics":["Cracked Core","NeowsBlessing","Dream Catcher","Toy Ornithopter","HornCleat","Golden Idol"],"acts_visited":["Exordium"],"potions_floor_usage":[12,16],"damage_taken":[{"damage":0,"enemies":"2 Louse","floor":1,"turns":1},{"damage":0,"enemies":"Small Slimes","floor":4,"turns":1},{"damage":0,"enemies":"Cultist","floor":5,"turns":1},{"damage":24,"enemies":"3 Sentries","floor":6,"turns":7},{"damage":18,"enemies":"Large Slime","floor":8,"turns":3},{"damage":20,"enemies":"Lagavulin Event","floor":12,"turns":5},{"damage":32,"enemies":"Hexaghost","floor":16,"turns":14}],"seed_played":"7782667979068975687","potions_obtained":[{"floor":5,"key":"GamblersBrew"},{"floor":6,"key":"LiquidMemories"}],"is_trial":false,"path_per_floor":["M","$","?","M","M","E","R","M","T","R","?","?","?","$","R","B"],"character_chosen":"DEFECT","items_purchased":["Beam Cell","Conserve Battery"],"campfire_rested":1,"item_purchase_floors":[2,14],"current_hp_per_floor":[64,64,64,64,64,40,40,22,22,22,22,7,7,7,26,0,0],"gold":85,"neow_bonus":"THREE_ENEMY_KILL","is_daily":false,"chose_seed":false,"campfire_upgraded":2,"win_rate":0.0,"timestamp":1612054962,"path_taken":["M","$","?","M","M","E","R","M","T","R","?","?","?","?","R","BOSS"],"items_purchased_type":["Card","Card"],"build_version":"2020-12-22","purchased_purges":1,"victory":false,"max_hp_per_floor":[71,71,71,71,71,71,71,71,71,71,71,71,64,64,64,64,64],"relic_stats":{"Dream Catcher":1,"counters":[7,32],"Golden Idol":0,"obtain_stats":[{"Dream Catcher":6,"HornCleat":12,"NeowsBlessing":0,"Golden Idol":13,"Cracked Core":0,"Toy Ornithopter":9},{"Dream Catcher":4,"HornCleat":6,"NeowsBlessing":0,"Golden Idol":6,"Cracked Core":0,"Toy Ornithopter":5},{"Dream Catcher":10,"HornCleat":18,"NeowsBlessing":0,"Golden Idol":18,"Cracked Core":0,"Toy Ornithopter":13}],"Toy Ornithopter":10},"card_choices":[{"not_picked":["Sweeping Beam","Chaos"],"picked":"Rebound","floor":1},{"not_picked":["Streamline","Reprogram"],"picked":"Steam","floor":4},{"not_picked":["Barrage","Stack"],"picked":"Compile Driver","floor":5},{"not_picked":["Go for the Eyes","Tempest"],"picked":"Biased Cognition","floor":6},{"not_picked":["Storm","Tempest"],"picked":"Coolheaded","floor":8},{"not_picked":["Turbo","Fusion"],"picked":"FTL","floor":12},{"not_picked":["Scrape","Go for the Eyes"],"picked":"Consume","floor":15}],"player_experience":4002435,"relics_obtained":[{"floor":6,"key":"Dream Catcher"},{"floor":9,"key":"Toy Ornithopter"},{"floor":12,"key":"HornCleat"}],"event_choices":[{"damage_healed":0,"gold_gain":0,"cards_transformed":["Strike_B"],"player_choice":"Change","damage_taken":0,"max_hp_gain":0,"max_hp_loss":0,"event_name":"Living Wall","floor":3,"gold_loss":0,"cards_obtained":["Defragment"]},{"damage_healed":0,"gold_gain":0,"player_choice":"Ignored","damage_taken":0,"max_hp_gain":0,"max_hp_loss":0,"event_name":"Shining Light","floor":11,"gold_loss":0},{"damage_healed":0,"gold_gain":0,"player_choice":"Searched \u00271\u0027 times","damage_taken":0,"max_hp_gain":0,"max_hp_loss":0,"event_name":"Dead Adventurer","floor":12,"gold_loss":0},{"damage_healed":0,"gold_gain":0,"player_choice":"Lose Max HP","damage_taken":0,"relics_obtained":["Golden Idol"],"max_hp_gain":0,"max_hp_loss":7,"event_name":"Golden Idol","floor":13,"gold_loss":0}],"is_beta":false,"boss_relics":[],"items_purged_floors":[2],"is_endless":false,"potions_floor_spawned":[5,6],"killed_by":"Hexaghost","ascension_level":20}}