{"host":"xvjtz0l6trtfk8cl","time":1612054968,"event":{"mods":["BaseMod","Better Altar","Better Note","Better Third Choice","Downfall","Fox Events","Hermit","Magitek Elite","Minty Spire (QoL Compilation)","Morshu Shopkeeper","Morshu Shopkeeper - ENHANCED","Reliquary","StSLib","The Bladedancer","The Death Knight","The Dragonkin","The Hierophant","The Necromancer","Waifu the Spire"],"gold_per_floor":[118,118,133,148,118,144,157,157,157,175,203,203,258,258,258,360,360,379,399,58,77,87,120,120,120,171,198,210,232,255,280,292,401,413,441,20,0,18,18,44,44,44,70,84,99,116,116,136,136,136],"floor_reached":51,"language":"ENG","playtime":4780,"items_purged":[],"score":731,"play_id":"27ca5140-b068-4738-ae53-271dcfa5f805","local_time":"20210130190248","is_ascension_mode":false,"campfire_choices":[{"data":"blademaster:BladeMastery","floor":8,"key":"SMITH"},{"data":"blademaster:EyeOfTheTornado","floor":12,"key":"SMITH"},{"floor":15,"key":"REST"},{"floor":24,"key":"REST"},{"floor":28,"key":"REST"},{"floor":32,"key":"REST"},{"data":"blademaster:Blockade","floor":41,"key":"SMITH"},{"data":"blademaster:EnchantedCuirass","floor":47,"key":"SMITH"},{"floor":49,"key":"REST"}],"circlet_count":0,"master_deck":["blademaster:Strike+1","blademaster:Strike","blademaster:Defend","blademaster:Defend","blademaster:Defend","blademaster:Defend","blademaster:RagingBlow","blademaster:HighVoltage","blademaster:AspectOfWind","blademaster:EyeOfTheTornado+1","blademaster:CullingStrike","blademaster:TraverseCut","blademaster:BladeMastery+1","blademaster:Thrust","blademaster:RollingTyphoon","blademaster:Blindside+1","blademaster:Safeguard+1","blademaster:BladeCross","blademaster:Thrust","blademaster:EnchantedCuirass+1","blademaster:Blockade+1","blademaster:Vortex"],"relics":["blademaster:DancersAmulet","Regal Pillow","Meat on the Bone","Lizard Tail","Ribbon","Kunai","SlaversCollar","Letter Opener","reliquary:SharkskinSheath","reliquary:TatteredRug","MawBank","Sozu","PreservedInsect","HandDrill","Oddly Smooth Stone","Red Mask","Ornamental Fan","Whetstone"],"acts_visited":["Exordium","TheCity","TheBeyond"],"potions_floor_usage":[6,10,11,16,19,21,21,23,23,27,33],"damage_taken":[{"damage":0,"enemies":"2 Louse","floor":1,"turns":3},{"damage":0,"enemies":"Cultist","floor":3,"turns":3},{"damage":0,"enemies":"Small Slimes","floor":4,"turns":3},{"damage":4,"enemies":"Looter","floor":5,"turns":4},{"damage":16,"enemies":"Lagavulin","floor":6,"turns":7},{"damage":18,"enemies":"Lots of Slimes","floor":7,"turns":11},{"damage":7,"enemies":"Red Slaver","floor":10,"turns":4},{"damage":56,"enemies":"3 Sentries","floor":11,"turns":11},{"damage":23,"enemies":"Slime Boss","floor":16,"turns":10},{"damage":59,"enemies":"3 Byrds","floor":18,"turns":8},{"damage":16,"enemies":"Spheric Guardian","floor":19,"turns":4},{"damage":0,"enemies":"Snecko","floor":21,"turns":3},{"damage":5,"enemies":"Shelled Parasite and Fungi","floor":22,"turns":6},{"damage":16,"enemies":"Book of Stabbing","floor":23,"turns":5},{"damage":52,"enemies":"Slavers","floor":27,"turns":8},{"damage":22,"enemies":"Centurion and Healer","floor":29,"turns":5},{"damage":19,"enemies":"Snake Plant","floor":30,"turns":6},{"damage":8,"enemies":"Chosen and Byrds","floor":31,"turns":6},{"damage":53,"enemies":"Collector","floor":33,"turns":8},{"damage":32,"enemies":"3 Shapes","floor":35,"turns":4},{"damage":25,"enemies":"3 Darklings","floor":38,"turns":4},{"damage":0,"enemies":"Nemesis","floor":40,"turns":5},{"damage":21,"enemies":"Maw","floor":44,"turns":8},{"damage":7,"enemies":"Jaw Worm Horde","floor":45,"turns":5},{"damage":5,"enemies":"4 Shapes","floor":46,"turns":4},{"damage":3,"enemies":"Spire Growth","floor":48,"turns":6},{"damage":9,"enemies":"Awakened One","floor":50,"turns":10}],"seed_played":"5083400607916025752","potions_obtained":[{"floor":4,"key":"Fire Potion"},{"floor":7,"key":"Strength Potion"},{"floor":10,"key":"Regen Potion"},{"floor":11,"key":"sneckomod:MuddlingPotion"},{"floor":16,"key":"PowerPotion"},{"floor":18,"key":"Explosive Potion"},{"floor":21,"key":"LiquidMemories"},{"floor":23,"key":"hexamod:SoulburnPotion"},{"floor":29,"key":"Guardian:BlockOnCardUsePotion"}],"is_trial":false,"path_per_floor":["M","?","M","M","M","E","M","R","T","M","E","R","?","?","R","B",null,"M","M","$","M","M","E","R","?","T","E","R","M","M","M","R","B",null,"M","$","?","M","?","E","R","$","T","M","M","M","R","M","R","B",null],"character_chosen":"THE_BLADEMASTER","items_purchased":["hexamod:SoulburnPotion","Letter Opener","AttackPotion","PreservedInsect","HandDrill","Oddly Smooth Stone"],"campfire_rested":5,"item_purchase_floors":[20,20,20,36,36,36],"current_hp_per_floor":[75,75,75,75,71,55,49,49,49,42,13,13,13,13,50,39,75,28,24,24,36,43,39,75,75,75,35,72,50,43,47,75,34,75,56,56,56,43,43,43,43,43,43,34,39,46,46,43,75,66],"gold":136,"neow_bonus":"RANDOM_COMMON_RELIC","is_daily":false,"chose_seed":false,"campfire_upgraded":4,"win_rate":0.0,"timestamp":1612054968,"path_taken":["M","?","M","M","?","E","M","R","T","M","E","R","?","?","R","BOSS","M","?","?","M","M","E","R","?","T","E","R","?","M","M","R","BOSS","M","$","?","M","?","E","R","$","T","?","?","M","R","M","R","BOSS"],"items_purchased_type":["Potion","Relic","Potion","Relic","Relic","Relic"],"build_version":"2020-12-22","purchased_purges":0,"victory":true,"max_hp_per_floor":[75,75,75,75,75,75,75,75,75,75,75,75,75,75,75,75,75,75,75,75,75,75,75,75,75,75,75,75,75,75,75,75,75,75,75,75,75,75,75,75,75,75,75,75,75,75,75,75,75,75],"card_choices":[{"not_picked":["blademaster:Slice","blademaster:Sunder","blademaster:AirSlash"],"picked":"SKIP","floor":1},{"not_picked":["blademaster:Stability","blademaster:ThunderingOpener"],"picked":"blademaster:AspectOfWind","floor":3},{"not_picked":["blademaster:Thrust","blademaster:Rupture"],"picked":"blademaster:EyeOfTheTornado","floor":4},{"not_picked":["blademaster:Safeguard","blademaster:AspectOfLightning"],"picked":"blademaster:CullingStrike","floor":5},{"not_picked":["blademaster:DeadlyDance","blademaster:ThreePointStrike"],"picked":"blademaster:TraverseCut","floor":6},{"not_picked":["blademaster:AwakeningDefend","blademaster:DragonStrike"],"picked":"blademaster:BladeMastery","floor":7},{"not_picked":["blademaster:ParryingStrike","blademaster:Cut"],"picked":"blademaster:Thrust","floor":10},{"not_picked":["blademaster:LeechingStrike","blademaster:Overcharge"],"picked":"blademaster:RollingTyphoon","floor":11},{"not_picked":["blademaster:HighVoltage","blademaster:Flash"],"picked":"blademaster:Blindside","floor":16},{"not_picked":["blademaster:CombatPrep","blademaster:AwakeningDefend","blademaster:LeechingStrike"],"picked":"SKIP","floor":18},{"not_picked":["blademaster:Stability+1","blademaster:BloodyBlow+1"],"picked":"blademaster:Safeguard+1","floor":19},{"not_picked":["blademaster:ParryingStrike","blademaster:Vortex","blademaster:BloodyBlow"],"picked":"SKIP","floor":21},{"not_picked":["blademaster:BrainBloom","blademaster:Frenzy","blademaster:AspectOfWind"],"picked":"SKIP","floor":22},{"not_picked":["blademaster:ThunderSlash","blademaster:AwakeningDefend"],"picked":"blademaster:BladeCross","floor":23},{"not_picked":["blademaster:AwakeningStrike","blademaster:Frenzy","blademaster:Reversal"],"picked":"SKIP","floor":27},{"not_picked":["blademaster:AspectOfWind","blademaster:AncestralHealing"],"picked":"blademaster:Thrust","floor":29},{"not_picked":["blademaster:FlockOfBlades","blademaster:Sharpen","blademaster:DeadlyDance+1"],"picked":"SKIP","floor":30},{"not_picked":["blademaster:AwakeningDefend","blademaster:CombatPrep","blademaster:Flurry"],"picked":"SKIP","floor":31},{"not_picked":["blademaster:RollingTyphoon","blademaster:HighVoltage"],"picked":"blademaster:EnchantedCuirass","floor":33},{"not_picked":["blademaster:AirSlash","blademaster:Sunder+1","blademaster:AspectOfWind+1"],"picked":"SKIP","floor":35},{"not_picked":["blademaster:Thrust","blademaster:IcyWind+1"],"picked":"blademaster:Blockade","floor":38},{"not_picked":["blademaster:Rupture+1","blademaster:Quickness"],"picked":"blademaster:Vortex","floor":40},{"not_picked":["blademaster:Flurry","blademaster:Discharge","blademaster:Rupture+1"],"picked":"SKIP","floor":44},{"not_picked":["blademaster:ThunderingOpener+1","blademaster:ThunderSlash","blademaster:Discharge+1"],"picked":"SKIP","floor":45},{"not_picked":["blademaster:EyeOfTheTornado+1","blademaster:FlockOfBlades","blademaster:Thrust+1"],"picked":"SKIP","floor":46},{"not_picked":["blademaster:Cut+1","blademaster:Quickstep","blademaster:ParryingStrike"],"picked":"SKIP","floor":48}],"player_experience":43600,"relics_obtained":[{"floor":2,"key":"Meat on the Bone"},{"floor":6,"key":"Lizard Tail"},{"floor":6,"key":"blademaster:FinisherDrawCardPerk"},{"floor":9,"key":"Ribbon"},{"floor":11,"key":"Kunai"},{"floor":11,"key":"blademaster:FuryEveryTurnPerk"},{"floor":23,"key":"reliquary:SharkskinSheath"},{"floor":23,"key":"blademaster:WindChargePerk"},{"floor":26,"key":"reliquary:TatteredRug"},{"floor":27,"key":"MawBank"},{"floor":27,"key":"blademaster:RandomBladePerk"},{"floor":40,"key":"Ornamental Fan"},{"floor":40,"key":"blademaster:BleedingMoreDamagePerk"},{"floor":43,"key":"Whetstone"}],"event_choices":[{"damage_healed":0,"gold_gain":0,"player_choice":"Relic","damage_taken":0,"max_hp_gain":0,"max_hp_loss":0,"event_name":"Wheel of Change","floor":2,"gold_loss":0},{"damage_healed":0,"gold_gain":55,"player_choice":"Gained Gold","damage_taken":0,"max_hp_gain":0,"max_hp_loss":0,"event_name":"Golden Wing","floor":13,"gold_loss":0},{"cards_removed":["blademaster:Strike"],"damage_healed":0,"gold_gain":0,"player_choice":"Purged","damage_taken":0,"max_hp_gain":0,"max_hp_loss":0,"event_name":"Purifier","floor":14,"gold_loss":0},{"cards_removed":["blademaster:Strike"],"damage_healed":0,"gold_gain":0,"player_choice":"Purged","damage_taken":0,"max_hp_gain":0,"max_hp_loss":0,"event_name":"Purifier","floor":25,"gold_loss":0},{"damage_healed":0,"gold_gain":0,"player_choice":"Paid","damage_taken":0,"relics_obtained":["Red Mask"],"max_hp_gain":0,"max_hp_loss":0,"event_name":"Tomb of Lord Red Mask","floor":37,"gold_loss":20},{"damage_healed":0,"gold_gain":0,"player_choice":"Ignored","damage_taken":0,"max_hp_gain":0,"max_hp_loss":0,"event_name":"WeMeetAgain","floor":39,"gold_loss":0}],"is_beta":false,"boss_relics":[{"not_picked":["Coffee Dripper","Empty Cage"],"picked":"SlaversCollar"},{"not_picked":["SacredBark","Cursed Key"],"picked":"Sozu"}],"items_purged_floors":[],"is_endless":false,"potions_floor_spawned":[4,7,10,11,16,18,21,23,29,44],"ascension_level":0}}