{"host":"1z4hbl9vfqrhg136","time":1612053232,"event":{"mods":["BaseMod","Minty Spire (QoL Compilation)"],"gold_per_floor":[109,129,33,33,47,80,80,113,113,123,134,134,146,175,175,250,250,266,266,281,17,217,217,243,243,243,274,294,91,91,106,106,177,177,197,213,213,223,236,236,236,236],"floor_reached":41,"language":"ENG","playtime":6570,"items_purged":["Defend_B"],"score":1131,"play_id":"e20be8cf-f878-4313-8686-50040472c86c","local_time":"20210131003352","is_ascension_mode":true,"campfire_choices":[{"data":"Buffer","floor":7.0,"key":"SMITH"},{"data":"Sunder","floor":12.0,"key":"SMITH"},{"data":"Beam Cell","floor":15.0,"key":"SMITH"},{"data":"Hologram","floor":23.0,"key":"SMITH"},{"data":"Consume","floor":25.0,"key":"SMITH"},{"data":"J.A.X.","floor":30.0,"key":"SMITH"},{"floor":32.0,"key":"REST"},{"data":"Self Repair","floor":40.0,"key":"SMITH"}],"circlet_count":0,"master_deck":["AscendersBane","Strike_B+1","Strike_B+1","Defend_B","Defend_B","Zap","Dualcast","Coolheaded","Beam Cell+1","Self Repair+1","Ball Lightning+1","Buffer+1","White Noise","Chill","Go for the Eyes","Turbo","Sunder+1","Consume+1","Steam","Echo Form","Gash+1","Scrape+1","Chaos+1","Hologram+1","J.A.X.+1","Leap+1","Hologram","Glacier+1","Recycle+1","BootSequence+1","Melter","Stack+1","Electrodynamics","Reboot+1","Darkness+1","Force Field+1","Coolheaded+1","White Noise+1","Glacier+1"],"relics":["Cracked Core","NeowsBlessing","Prayer Wheel","Gremlin Horn","Symbiotic Virus","Whetstone","Astrolabe","Toxic Egg 2","WingedGreaves","Matryoshka","StrikeDummy","Coffee Dripper","MealTicket"],"acts_visited":["Exordium","TheCity","TheBeyond"],"potions_floor_usage":[41],"damage_taken":[{"damage":0.0,"enemies":"Small Slimes","floor":1.0,"turns":1.0},{"damage":0.0,"enemies":"Cultist","floor":2.0,"turns":1.0},{"damage":0.0,"enemies":"2 Louse","floor":5.0,"turns":1.0},{"damage":32.0,"enemies":"Gremlin Nob","floor":6.0,"turns":4.0},{"damage":20.0,"enemies":"3 Sentries","floor":8.0,"turns":5.0},{"damage":6.0,"enemies":"Looter","floor":10.0,"turns":2.0},{"damage":0.0,"enemies":"Red Slaver","floor":11.0,"turns":3.0},{"damage":0.0,"enemies":"Large Slime","floor":13.0,"turns":3.0},{"damage":0.0,"enemies":"Lagavulin","floor":14.0,"turns":6.0},{"damage":0.0,"enemies":"Slime Boss","floor":16.0,"turns":6.0},{"damage":0.0,"enemies":"Chosen","floor":18.0,"turns":3.0},{"damage":3.0,"enemies":"3 Byrds","floor":20.0,"turns":6.0},{"damage":3.0,"enemies":"Gremlin Leader","floor":24.0,"turns":6.0},{"damage":37.0,"enemies":"Book of Stabbing","floor":27.0,"turns":4.0},{"damage":17.0,"enemies":"3 Cultists","floor":28.0,"turns":5.0},{"damage":10.0,"enemies":"Snecko","floor":31.0,"turns":4.0},{"damage":14.0,"enemies":"Champ","floor":33.0,"turns":11.0},{"damage":18.0,"enemies":"Orb Walker","floor":35.0,"turns":3.0},{"damage":27.0,"enemies":"3 Darklings","floor":36.0,"turns":3.0},{"damage":0.0,"enemies":"Jaw Worm Horde","floor":38.0,"turns":5.0},{"damage":0.0,"enemies":"Sphere and 2 Shapes","floor":39.0,"turns":4.0},{"damage":72,"enemies":"Giant Head","floor":41,"turns":8}],"seed_played":"-8585424681168836106","potions_obtained":[{"floor":5.0,"key":"EssenceOfDarkness"},{"floor":6.0,"key":"SneckoOil"},{"floor":10.0,"key":"CultistPotion"},{"floor":11.0,"key":"EssenceOfSteel"},{"floor":14.0,"key":"PowerPotion"},{"floor":24.0,"key":"SteroidPotion"},{"floor":28.0,"key":"FocusPotion"},{"floor":38.0,"key":"LiquidBronze"}],"is_trial":false,"path_per_floor":["M","M","$","?","M","E","R","E","T","M","M","R","M","E","R","B",null,"M","?","M","$","?","R","E","R","T","E","M","$","R","M","R","B",null,"M","M","?","M","M","R","E"],"character_chosen":"DEFECT","items_purchased":["Self Repair","Ball Lightning","Toxic Egg 2","BootSequence+1","Melter"],"campfire_rested":1,"item_purchase_floors":[3,3,21,29,29],"current_hp_per_floor":[64,64,64,64,64,39,39,26,26,27,34,34,41,48,48,55,67,71,71,71,71,71,71,71,71,71,34,24,24,24,14,35,35,62,44,17,17,24,31,31,0,0],"gold":236,"neow_bonus":"THREE_ENEMY_KILL","is_daily":false,"chose_seed":false,"campfire_upgraded":7,"win_rate":0.0,"timestamp":1612053232,"path_taken":["M","M","$","?","?","E","R","E","T","M","M","R","M","E","R","BOSS","M","?","M","$","?","R","E","R","T","E","?","?","R","M","R","BOSS","M","M","?","M","M","R","E"],"items_purchased_type":["Card","Card","Relic","Card","Card"],"build_version":"2020-12-22","purchased_purges":1,"victory":false,"max_hp_per_floor":[71,71,71,71,71,71,71,71,71,71,71,71,71,71,71,71,71,71,71,71,71,71,71,71,71,71,71,71,71,71,71,71,71,71,71,71,71,71,71,71,71,71],"card_choices":[{"not_picked":["Hologram","Fusion"],"picked":"Coolheaded","floor":1.0},{"not_picked":["Coolheaded","Auto Shields"],"picked":"Beam Cell","floor":2.0},{"not_picked":["Stack","Leap"],"picked":"Buffer","floor":5.0},{"not_picked":["Sweeping Beam","Machine Learning"],"picked":"White Noise","floor":6.0},{"not_picked":["Stack","Redo"],"picked":"Chill","floor":8.0},{"not_picked":["Streamline","Steam"],"picked":"Go for the Eyes","floor":10.0},{"not_picked":["Skim","Gash"],"picked":"Turbo","floor":10.0},{"not_picked":["Loop","Leap"],"picked":"Sunder","floor":11.0},{"not_picked":["Ball Lightning","Coolheaded","Go for the Eyes"],"picked":"SKIP","floor":11.0},{"not_picked":["Conserve Battery","Cold Snap"],"picked":"Consume","floor":13.0},{"not_picked":["Multi-Cast","Heatsinks","Streamline"],"picked":"SKIP","floor":13.0},{"not_picked":["Gash","Blizzard"],"picked":"Steam","floor":14.0},{"not_picked":["All For One","Reboot"],"picked":"Echo Form","floor":16.0},{"not_picked":["Gash","Doom and Gloom"],"picked":"Hologram","floor":18.0},{"not_picked":["Gash","Ball Lightning","Darkness"],"picked":"SKIP","floor":18.0},{"not_picked":["Sweeping Beam+1","White Noise"],"picked":"Leap+1","floor":20.0},{"not_picked":["Stack","Heatsinks"],"picked":"Hologram","floor":20.0},{"not_picked":["Leap+1","Beam Cell","Consume+1"],"picked":"SKIP","floor":24.0},{"not_picked":["Leap+1","Beam Cell","Consume+1"],"picked":"SKIP","floor":24.0},{"not_picked":["Rebound","Turbo+1","FTL"],"picked":"SKIP","floor":27.0},{"not_picked":["Hologram+1","Coolheaded+1"],"picked":"Glacier+1","floor":28.0},{"not_picked":["White Noise+1","Double Energy+1"],"picked":"Recycle+1","floor":28.0},{"not_picked":["Ball Lightning","Sweeping Beam"],"picked":"Stack+1","floor":31.0},{"not_picked":["Hologram+1","Stack+1"],"picked":"Electrodynamics","floor":31.0},{"not_picked":["Hyperbeam","Electrodynamics"],"picked":"Reboot+1","floor":33.0},{"not_picked":["Sweeping Beam","Streamline"],"picked":"Darkness+1","floor":35.0},{"not_picked":["Turbo+1","White Noise+1","Hologram+1"],"picked":"SKIP","floor":35.0},{"not_picked":["Rebound+1","Turbo+1"],"picked":"Force Field+1","floor":36.0},{"not_picked":["Turbo+1","Lockon+1"],"picked":"Cold Snap","floor":36.0},{"not_picked":["Sweeping Beam+1","Rebound"],"picked":"Coolheaded+1","floor":38.0},{"not_picked":["Streamline","Stack+1","Beam Cell"],"picked":"SKIP","floor":38.0},{"not_picked":["Coolheaded+1","Gash+1"],"picked":"White Noise+1","floor":39.0},{"not_picked":["Gash","Hyperbeam"],"picked":"Glacier+1","floor":39.0}],"player_experience":1922953,"relics_obtained":[{"floor":6.0,"key":"Prayer Wheel"},{"floor":8.0,"key":"Gremlin Horn"},{"floor":9.0,"key":"Symbiotic Virus"},{"floor":14.0,"key":"Whetstone"},{"floor":24.0,"key":"WingedGreaves"},{"floor":26.0,"key":"Matryoshka"},{"floor":27.0,"key":"StrikeDummy"}],"event_choices":[{"damage_healed":0.0,"max_hp_gain":0.0,"max_hp_loss":0.0,"gold_gain":0.0,"event_name":"Upgrade Shrine","player_choice":"Upgraded","floor":4.0,"gold_loss":0.0,"damage_taken":0.0,"cards_upgraded":["Ball Lightning"]},{"damage_healed":0.0,"max_hp_gain":0.0,"max_hp_loss":0.0,"gold_gain":0.0,"event_name":"Drug Dealer","player_choice":"Obtain J.A.X.","floor":19.0,"gold_loss":0.0,"damage_taken":0.0,"cards_obtained":["J.A.X."]},{"damage_healed":0.0,"max_hp_gain":0.0,"max_hp_loss":0.0,"gold_gain":200.0,"event_name":"Wheel of Change","player_choice":"Gold","floor":22.0,"gold_loss":0.0,"damage_taken":0.0},{"cards_removed":["Cold Snap"],"damage_healed":0.0,"max_hp_gain":0.0,"max_hp_loss":0.0,"gold_gain":0.0,"event_name":"WeMeetAgain","player_choice":"Gave Card","floor":37.0,"gold_loss":0.0,"damage_taken":0.0,"relics_obtained":["MealTicket"]}],"is_beta":false,"boss_relics":[{"not_picked":["Runic Dome","Busted Crown"],"picked":"Astrolabe"},{"not_picked":["Pandora\u0027s Box","Black Star"],"picked":"Coffee Dripper"}],"items_purged_floors":[29],"is_endless":false,"potions_floor_spawned":[5,6,10,11,14,24,28,31,38],"killed_by":"Giant Head","ascension_level":20}}