{"host":"qmnyg5dk1o6rw6mz","time":1612085824,"event":{"mods":["100% Spire Juice","2.2 Compatiblity","AchievementEnabler","Act Like it!","Aspiration","Astrologer","BaseMod","Beaked The Cultist","Better Altar","Better Match","Better Note","Better Sensory Stone","Better Skull","Better Third Choice","Better Vampires","Block Reminder","CapriCore","Challenge The Spire","ChefMod","Colored Map","Colored Powertips","Conspire","Defuse TimeMaze Blight","Disable Question Mark Monsters","Displayed Cursed Tome","Downfall","Energized Spire","Fox Events","Gensokyo","GifTheSpireLib","Hermit","Highlight Path","HornydragonMod","Hubris","Infinite Spire","Jedi Mod","Koishi","KomeijiMod","Mari Mod (Legacy)","Mari\u0027s V1 Patch","Marisa¡]Ãú«B¡@Å]²z¨F¡^","Marked Mod","Minty Spire (QoL Compilation)","Monster B Gone","Pale of the Ancients","Permanent Neow","Prisma Mod","Quick Restart","Reimu¡]³Õ???¡^","Relic Filter","Reliquary","Replay The Spire","SIMod","StSLib","Synergy Search","The Alterego","The Bug Knight","The Construct","The Cursed","The Dragon Tamer","The Gatherer","The Hayseed","The Immortal","The Poker Player","The Problem Sleuth","The Runesmith","The Showman","Unceasing Turn Reminder","Wide Potions","Yuri Mod","thorton"],"gold_per_floor":[99,99,9,26,39,58,84,118,137,237,237,237,237],"floor_reached":11,"language":"ENG","playtime":504,"items_purged":["Guardian:Strike_Guardian"],"score":73,"play_id":"dd261ca9-fc99-4124-8ac0-c8fa2ddae1fe","local_time":"20210131173704","is_ascension_mode":false,"campfire_choices":[{"data":"Guardian:CurlUp","floor":1.0,"key":"SMITH"}],"circlet_count":0,"master_deck":["Guardian:Strike_Guardian","Guardian:Strike_Guardian","Guardian:Strike_Guardian","Guardian:Defend_Guardian","Guardian:Defend_Guardian","Guardian:Defend_Guardian","Guardian:Defend_Guardian","Guardian:CurlUp+1","Guardian:TwinSlam+1","Guardian:TwinSlam+1","Guardian:PiercingHide","Guardian:PiercingHide","Guardian:ExploitGems","Guardian:Gem_Synthetic","Guardian:PiercingHide","Guardian:Gem_Red","Guardian:VentSteam","Guardian:Gem_Blue","Guardian:CompilePackage","Forethought","jedi:frostbite","Guardian:Planning"],"relics":["Guardian:ModeShifter","aspiration:EmptySkull","Gremlin Food","downfall:GremlinSack"],"acts_visited":["Exordium"],"potions_floor_usage":[],"damage_taken":[{"damage":0.0,"enemies":"downfall:FleeingMerchant","floor":3.0,"turns":4.0},{"damage":1.0,"enemies":"2 Louse","floor":4.0,"turns":2.0},{"damage":0.0,"enemies":"Cultist","floor":5.0,"turns":3.0},{"damage":0.0,"enemies":"Small Slimes","floor":6.0,"turns":3.0},{"damage":12.0,"enemies":"3 Sentries","floor":8.0,"turns":11.0},{"damage":0.0,"enemies":"Exordium Wildlife","floor":9.0,"turns":3.0},{"damage":25.0,"enemies":"Exordium Wildlife","floor":10.0,"turns":6.0},{"damage":67,"enemies":"Gremlin Nob","floor":11,"turns":7}],"seed_played":"3985928858967725650","potions_obtained":[{"floor":6.0,"key":"conspire:TimeTravelPotion"},{"floor":9.0,"key":"ZuzhouPotion:ReiMu"}],"is_trial":false,"path_per_floor":["R","?","$","M","M","M","T","E","M","?","E"],"character_chosen":"GUARDIAN","items_purchased":[],"campfire_rested":0,"item_purchase_floors":[],"current_hp_per_floor":[80,80,80,79,79,79,79,67,67,62,0,0,0],"gold":237,"neow_bonus":"UPGRADE_CARD","is_daily":false,"chose_seed":false,"campfire_upgraded":1,"win_rate":0.0,"timestamp":1612085824,"path_taken":["R","?","$","?","M","M","T","E","M","?","E"],"items_purchased_type":[],"build_version":"2020-12-22","purchased_purges":1,"victory":false,"max_hp_per_floor":[80,80,80,80,80,80,80,80,80,80,80,80,80],"card_choices":[{"not_picked":["Guardian:Gem_Cyan","Guardian:BronzeArmor"],"picked":"Guardian:PiercingHide","floor":3.0},{"not_picked":["Guardian:RollAttack","Guardian:VentSteam"],"picked":"Guardian:PiercingHide","floor":4.0},{"not_picked":["Guardian:TemporalStrike","Guardian:PiercingHide"],"picked":"Guardian:ExploitGems","floor":5.0},{"not_picked":["Guardian:Clone","Guardian:Gem_Lightblue","Guardian:CrystalBeam"],"picked":"SKIP","floor":6.0},{"not_picked":["Guardian:BodySlam","Guardian:TemporalStrike"],"picked":"Guardian:Gem_Synthetic","floor":8.0},{"not_picked":["Guardian:RollAttack","Guardian:ShieldCharger"],"picked":"Guardian:PiercingHide","floor":9.0},{"not_picked":["Guardian:TemporalStrike","Guardian:Suspension"],"picked":"Guardian:Planning","floor":10.0}],"player_experience":250339,"relics_obtained":[{"floor":7.0,"key":"aspiration:EmptySkull"},{"floor":8.0,"key":"Gremlin Food"},{"floor":10.0,"key":"downfall:GremlinSack"}],"event_choices":[],"is_beta":false,"boss_relics":[],"items_purged_floors":[3],"is_endless":false,"potions_floor_spawned":[6,9],"killed_by":"Gremlin Nob","ascension_level":0}}