{"host":"8is2j71l4wmybkoi","time":1612073179,"event":{"mods":["AchievementEnabler","BaseMod","Colored Map","Minty Spire (QoL Compilation)","Rare Cards Sparkle","StSLib","SuperFastMode"],"gold_per_floor":[112,135,135,148,158,158,173,207,232,232,244,262,262,24,24,101,101,117,127,139,139,11,40,40,40,40],"floor_reached":25,"language":"KOR","playtime":604,"items_purged":["Strike_B"],"score":478,"play_id":"15c4728e-89a7-4b05-8caa-3ab7c0eafccd","local_time":"20210131150619","is_ascension_mode":true,"campfire_choices":[{"data":"Sweeping Beam","floor":6,"key":"SMITH"},{"data":"Sunder","floor":10,"key":"SMITH"},{"data":"Zap","floor":13,"key":"SMITH"},{"data":"Dramatic Entrance","floor":15,"key":"SMITH"},{"floor":24,"key":"DIG"}],"circlet_count":0,"master_deck":["AscendersBane","Strike_B","Defend_B","Defend_B","Defend_B","Zap+1","Dualcast","Auto Shields","Sweeping Beam+1","FTL","Sunder+1","Cold Snap","BootSequence","Dramatic Entrance+1","Electrodynamics","Recycle","Barrage+1","Coolheaded","Conserve Battery"],"relics":["Cracked Core","Blood Vial","Emotion Chip","Vajra","Happy Flower","Sozu","Shovel","Pantograph"],"acts_visited":["Exordium","TheCity"],"potions_floor_usage":[8,16,16],"damage_taken":[{"damage":1,"enemies":"Cultist","floor":1,"turns":3},{"damage":1,"enemies":"2 Louse","floor":4,"turns":2},{"damage":0,"enemies":"Small Slimes","floor":5,"turns":3},{"damage":10,"enemies":"3 Louse","floor":7,"turns":2},{"damage":31,"enemies":"Gremlin Nob","floor":8,"turns":4},{"damage":0,"enemies":"Blue Slaver","floor":11,"turns":4},{"damage":0,"enemies":"Large Slime","floor":12,"turns":4},{"damage":0,"enemies":"Slime Boss","floor":16,"turns":6},{"damage":7,"enemies":"2 Thieves","floor":18,"turns":2},{"damage":14,"enemies":"3 Byrds","floor":19,"turns":3},{"damage":19,"enemies":"Cultist and Chosen","floor":20,"turns":5},{"damage":8,"enemies":"Slavers","floor":23,"turns":3},{"damage":29,"enemies":"Gremlin Leader","floor":25,"turns":4}],"seed_played":"4149785820867944471","potions_obtained":[{"floor":4,"key":"Energy Potion"},{"floor":7,"key":"PowerPotion"},{"floor":11,"key":"FocusPotion"}],"is_trial":false,"path_per_floor":["M","T","?","M","M","R","M","E","T","R","M","M","R","$","R","B",null,"M","M","M","?","$","E","R","E"],"character_chosen":"DEFECT","items_purchased":["Happy Flower","Dramatic Entrance","Conserve Battery"],"campfire_rested":0,"item_purchase_floors":[14,14,22],"current_hp_per_floor":[63,63,63,64,66,66,58,29,29,29,31,33,33,33,33,35,62,57,45,28,28,28,22,22,0,0],"gold":40,"neow_bonus":"REMOVE_CARD","is_daily":false,"chose_seed":false,"campfire_upgraded":4,"win_rate":0.0,"timestamp":1612073179,"path_taken":["M","?","?","M","?","R","?","E","T","R","M","M","R","$","R","BOSS","M","M","M","?","$","E","R","E"],"items_purchased_type":["Relic","Card","Card"],"build_version":"2020-12-22","purchased_purges":1,"victory":false,"max_hp_per_floor":[71,71,71,71,71,71,71,71,71,71,71,71,71,71,71,71,71,71,71,71,71,71,71,71,71,71],"card_choices":[{"not_picked":["Redo","Reprogram","Turbo"],"picked":"SKIP","floor":1},{"not_picked":["Leap","Go for the Eyes"],"picked":"Auto Shields","floor":4},{"not_picked":["White Noise","Fusion"],"picked":"Sweeping Beam","floor":5},{"not_picked":["Coolheaded","Force Field"],"picked":"FTL","floor":7},{"not_picked":["Coolheaded","Redo"],"picked":"Sunder","floor":8},{"not_picked":["Storm","Reinforced Body"],"picked":"Cold Snap","floor":11},{"not_picked":["Coolheaded","Consume"],"picked":"BootSequence","floor":12},{"not_picked":["Thunder Strike","Multi-Cast"],"picked":"Electrodynamics","floor":16},{"not_picked":["Go for the Eyes","Leap","Redo"],"picked":"SKIP","floor":18},{"not_picked":["Fusion","Conserve Battery"],"picked":"Recycle","floor":19},{"not_picked":["FTL","Redo"],"picked":"Barrage+1","floor":20},{"not_picked":["Conserve Battery","Gash","Auto Shields+1"],"picked":"SKIP","floor":23}],"player_experience":868677,"relics_obtained":[{"floor":2,"key":"Blood Vial"},{"floor":8,"key":"Emotion Chip"},{"floor":9,"key":"Vajra"},{"floor":23,"key":"Shovel"},{"floor":24,"key":"Pantograph"}],"event_choices":[{"cards_removed":["Defend_B"],"damage_healed":0,"gold_gain":0,"player_choice":"Purged","damage_taken":0,"max_hp_gain":0,"max_hp_loss":0,"event_name":"Purifier","floor":3,"gold_loss":0},{"damage_healed":0,"gold_gain":0,"cards_transformed":["Strike_B"],"player_choice":"Transformed","damage_taken":0,"max_hp_gain":0,"max_hp_loss":0,"event_name":"Transmorgrifier","floor":21,"gold_loss":0,"cards_obtained":["Coolheaded"]}],"is_beta":false,"boss_relics":[{"not_picked":["FrozenCore","Calling Bell"],"picked":"Sozu"}],"items_purged_floors":[22],"is_endless":false,"potions_floor_spawned":[4,7,11,20],"killed_by":"Gremlin Leader","ascension_level":15}}