{"host":"4evnc443c98ww2zl","time":1612130479,"event":{"mods":["BaseMod","Better Third Choice","Hermit","Koishi","Luminous","Minty Spire (QoL Compilation)","Remilia??????","Robot Space Explorer","StSLib","The Administrix","The Bug Knight","The Cursed","TheSwordswoman"],"gold_per_floor":[111,111,111,124,124,158,178,208,261,294,309,337,189,207,207,312,312,332,7,7,7,17,48,48,76,103,131,150,167,182,27,27,127,127,147,166,166,166,183,183,216,216,216,249,261,281,313,327,327,327,327,327,97,122,122],"floor_reached":56,"language":"ENG","playtime":5094,"items_purged":[],"score":1377,"play_id":"c054b7be-6215-4b94-8e91-97cf8857bb52","local_time":"20210131160119","daily_mods":["SealedDeck","Diverse","Colorless Cards","Heirloom","DeadlyEvents","Elite Swarm"],"is_ascension_mode":false,"campfire_choices":[{"floor":15,"key":"REST"},{"floor":24,"key":"RECALL"},{"data":"Fusion","floor":32,"key":"SMITH"},{"data":"Luminous:Lania_Blessing_Luminous","floor":40,"key":"SMITH"},{"data":"Mayhem","floor":42,"key":"SMITH"},{"data":"hermit:EyeOfTheStorm","floor":49,"key":"SMITH"},{"data":"Koishi:RuptureMind","floor":52,"key":"SMITH"}],"circlet_count":0,"master_deck":["HollowMod:GoodIntentions","AdministrixMod:CrackingPangu","TheCursedMod:WearCloak","Quick Slash","SashWhip","Backflip","hermit:EyeOfTheStorm+1","Darkness","Halt","Consecrate","hermit:Glare","Unload","Glass Knife","ForeignInfluence","AdministrixMod:PlateOfAntiquity+1","Koishi:RuptureMind","Luminous:Lania_Blessing_Luminous+1","RobotSpaceExplorer:MiniDrones","Secret Weapon+1","hermit:Glare+1","Koishi:RuptureMind+1","Koishi:DreadfulBlow","Flash of Steel","Flash of Steel","Fusion+1","DeusExMachina","Burst","RobotSpaceExplorer:Multitool","hermit:Horror+1","Halt","Twin Strike","Sadistic Nature","AdministrixMod:BloodBargain+1","Bandage Up","Thunderclap+1","Mayhem+1","Reaper","RobotSpaceExplorer:SlimeMissile+1","Seek","hermit:Glare+1"],"relics":["ScarletHat","Turnip","Lantern","HollowMod:StagPassRelic","InkBottle","Vajra","Bronze Scales","Potion Belt","HandDrill","SlaversCollar","DollysMirror","Du-Vu Doll","Boot","Orichalcum","Toy Ornithopter","Strawberry","ScarletEmblem","Anchor","White Beast Statue","Whetstone","Dream Catcher","Oddly Smooth Stone","War Paint"],"acts_visited":["Exordium","TheCity","TheBeyond","TheEnding"],"potions_floor_usage":[11,12,25,25,29,33,35,39,45,46,46,50,54,54,55,55,55,55],"damage_taken":[{"damage":0,"enemies":"Jaw Worm","floor":1,"turns":2},{"damage":0,"enemies":"2 Louse","floor":4,"turns":1},{"damage":8,"enemies":"Lagavulin","floor":6,"turns":6},{"damage":0,"enemies":"Cultist","floor":7,"turns":2},{"damage":0,"enemies":"3 Sentries","floor":8,"turns":3},{"damage":0,"enemies":"Gremlin Nob","floor":10,"turns":2},{"damage":0,"enemies":"Large Slime","floor":11,"turns":3},{"damage":6,"enemies":"Lagavulin","floor":12,"turns":4},{"damage":0,"enemies":"2 Fungi Beasts","floor":14,"turns":1},{"damage":13,"enemies":"Hexaghost","floor":16,"turns":7},{"damage":0,"enemies":"Chosen","floor":18,"turns":2},{"damage":0,"enemies":"Spheric Guardian","floor":22,"turns":3},{"damage":23,"enemies":"Gremlin Leader","floor":23,"turns":4},{"damage":11,"enemies":"Slavers","floor":25,"turns":4},{"damage":1,"enemies":"Book of Stabbing","floor":27,"turns":4},{"damage":2,"enemies":"Snecko","floor":28,"turns":3},{"damage":4,"enemies":"Sentry and Sphere","floor":29,"turns":3},{"damage":0,"enemies":"Snake Plant","floor":30,"turns":2},{"damage":22,"enemies":"Collector","floor":33,"turns":7},{"damage":10,"enemies":"3 Shapes","floor":35,"turns":3},{"damage":5,"enemies":"Orb Walker","floor":36,"turns":2},{"damage":16,"enemies":"3 Darklings","floor":39,"turns":3},{"damage":17,"enemies":"Nemesis","floor":41,"turns":4},{"damage":17,"enemies":"Reptomancer","floor":44,"turns":4},{"damage":10,"enemies":"Transient","floor":45,"turns":5},{"damage":3,"enemies":"4 Shapes","floor":46,"turns":1},{"damage":0,"enemies":"HollowMod:StalkingDevout","floor":47,"turns":4},{"damage":12,"enemies":"Jaw Worm Horde","floor":48,"turns":4},{"damage":30,"enemies":"Time Eater","floor":50,"turns":8},{"damage":44,"enemies":"Shield and Spear","floor":54,"turns":4},{"damage":97,"enemies":"The Heart","floor":55,"turns":9}],"seed_played":"2150432598710478714","potions_obtained":[{"floor":1,"key":"Block Potion"},{"floor":6,"key":"ColorlessPotion"},{"floor":8,"key":"Weak Potion"},{"floor":16,"key":"Weak Potion"},{"floor":18,"key":"SteroidPotion"},{"floor":28,"key":"AttackPotion"},{"floor":29,"key":"ColorlessPotion"},{"floor":33,"key":"Block Potion"},{"floor":35,"key":"SpeedPotion"},{"floor":36,"key":"AttackPotion"},{"floor":39,"key":"SteroidPotion"},{"floor":44,"key":"ColorlessPotion"},{"floor":45,"key":"EssenceOfSteel"},{"floor":46,"key":"SpeedPotion"},{"floor":47,"key":"Weak Potion"},{"floor":48,"key":"Explosive Potion"},{"floor":54,"key":"Weak Potion"}],"is_trial":true,"path_per_floor":["M","?","?","M","$","E","M","E","T","E","M","E","$","M","R","B",null,"M","$","$","?","M","E","R","E","T","E","M","M","M","$","R","B",null,"M","M","?","?","M","R","E","R","T","E","M","M","E","M","R","B",null,"R","$","E","B",null],"character_chosen":"REMILIA","items_purchased":["HandDrill","Flash of Steel","DollysMirror","Fusion","Strawberry","Oddly Smooth Stone","Ancient Potion"],"campfire_rested":1,"item_purchase_floors":[13,19,19,19,31,53,53],"current_hp_per_floor":[75,80,40,40,40,32,32,32,32,32,32,26,26,26,50,37,80,80,80,80,90,90,68,68,63,63,62,63,64,67,74,74,63,97,88,88,88,88,81,81,70,70,70,54,64,96,97,90,90,84,97,97,97,67,17],"gold":122,"neow_bonus":"","is_daily":false,"chose_seed":false,"campfire_upgraded":5,"win_rate":0.0,"timestamp":1612130479,"path_taken":["M","?","?","M","?","E","M","E","T","E","M","E","$","M","R","BOSS","M","?","$","?","M","E","R","E","T","E","M","M","M","?","R","BOSS","M","M","?","?","M","R","E","R","T","E","M","M","E","?","R","BOSS","R","$","E","BOSS"],"items_purchased_type":["Relic","Card","Relic","Card","Relic","Relic","Potion"],"build_version":"2020-12-22","purchased_purges":0,"victory":true,"max_hp_per_floor":[75,80,80,80,80,80,80,80,80,80,80,80,80,80,80,80,80,80,80,80,90,90,90,90,90,90,90,90,90,90,97,97,97,97,97,97,97,97,97,97,97,97,97,97,97,97,97,97,97,97,97,97,97,97,97],"card_choices":[{"not_picked":["ClearTheMind","TwelveNightmare"],"picked":"hermit:Glare","floor":1},{"not_picked":["RobotSpaceExplorer:FranticSearch","RobotSpaceExplorer:ImprovisedAttack"],"picked":"ForeignInfluence","floor":4},{"not_picked":["Amplify","All For One","Koishi:HeartStoppingHorror"],"picked":"SKIP","floor":6},{"not_picked":["JustLucky","AdministrixMod:BloodlessSapphire"],"picked":"AdministrixMod:PlateOfAntiquity","floor":7},{"not_picked":["Reboot","Hyperbeam"],"picked":"Koishi:RuptureMind","floor":8},{"not_picked":["KillingBlow","Hyperbeam"],"picked":"Luminous:Lania_Blessing_Luminous","floor":10},{"not_picked":["RobotSpaceExplorer:FranticSearch","blazmod:Crosscut"],"picked":"RobotSpaceExplorer:MiniDrones","floor":11},{"not_picked":["DemonKingCradle","blazmod:ForgeWays"],"picked":"Secret Weapon","floor":12},{"not_picked":["hermit:Gestalt","Tempest"],"picked":"hermit:Glare","floor":14},{"not_picked":["LessonLearned","RobotSpaceExplorer:BlastShield"],"picked":"Koishi:RuptureMind","floor":16},{"not_picked":["HollowMod:VengefulVoid","AdministrixMod:SeventeenArticleLaser"],"picked":"Koishi:DreadfulBlow","floor":18},{"not_picked":["Koishi:PhantomStrike","TheCursedMod:Evocation","Warcry+1"],"picked":"SKIP","floor":22},{"not_picked":["Storm of Steel","HandOfGreed"],"picked":"DeusExMachina","floor":23},{"not_picked":["TheCursedMod:ParallelWorld","Luminous:Balance_Aether_Conduit"],"picked":"Burst","floor":25},{"not_picked":["Brutality","TheCursedMod:UltimatePain"],"picked":"RobotSpaceExplorer:Multitool","floor":27},{"not_picked":["RobotSpaceExplorer:Blitz","hermit:BodyArmor+1"],"picked":"hermit:Horror+1","floor":28},{"not_picked":["Evaluate+1","SashWhip"],"picked":"Halt","floor":29},{"not_picked":["Koishi:FreudianInstinct","FavorOfDestiny"],"picked":"Twin Strike","floor":30},{"not_picked":["Biased Cognition","HollowMod:MidwifesHunger"],"picked":"Sadistic Nature","floor":33},{"not_picked":["TheCursedMod:CircleOfCorruption+1","TheCursedMod:CursedShiv","Koishi:FleetingPhantom+1"],"picked":"SKIP","floor":35},{"not_picked":["StarOfDavid","hermit:Determination"],"picked":"AdministrixMod:BloodBargain+1","floor":36},{"not_picked":["Jack Of All Trades","Mayhem"],"picked":"Bandage Up","floor":37},{"not_picked":["blazmod:Quickdraw","HollowMod:NewGlowingWomb+1"],"picked":"Thunderclap","floor":39},{"not_picked":["Grand Finale","HollowMod:WhiteLadysBlessing"],"picked":"Mayhem","floor":41},{"not_picked":["Luminous:Lania_Blessing_Luminous","A Thousand Cuts"],"picked":"Reaper","floor":44},{"not_picked":["BlasphemousPunishment","TheCursedMod:CursedMace+1"],"picked":"RobotSpaceExplorer:SlimeMissile+1","floor":45},{"not_picked":["Clothesline+1","Koishi:ReflexRadar+1","AdministrixMod:NewWardrobe"],"picked":"SKIP","floor":46},{"not_picked":["Brutality","Luminous:Chaos_Field_Luminous"],"picked":"Seek","floor":47},{"not_picked":["Koishi:UnansweredLove","hermit:Vantage"],"picked":"hermit:Glare+1","floor":48},{"not_picked":["AdministrixMod:CosmosControl","AdministrixMod:HaveItAll","Offering"],"picked":"SKIP","floor":54}],"player_experience":1163719,"relics_obtained":[{"floor":6,"key":"InkBottle"},{"floor":8,"key":"Vajra"},{"floor":10,"key":"Bronze Scales"},{"floor":12,"key":"Potion Belt"},{"floor":23,"key":"Du-Vu Doll"},{"floor":25,"key":"Boot"},{"floor":26,"key":"Orichalcum"},{"floor":27,"key":"Toy Ornithopter"},{"floor":41,"key":"Anchor"},{"floor":43,"key":"White Beast Statue"},{"floor":44,"key":"Whetstone"},{"floor":47,"key":"Dream Catcher"},{"floor":54,"key":"War Paint"}],"event_choices":[{"damage_healed":0,"gold_gain":0,"player_choice":"Donut","damage_taken":0,"max_hp_gain":5,"max_hp_loss":0,"event_name":"Big Fish","floor":2,"gold_loss":0},{"damage_healed":0,"gold_gain":0,"player_choice":"Memory 1","damage_taken":0,"max_hp_gain":0,"max_hp_loss":0,"event_name":"SensoryStone","floor":37,"gold_loss":0}],"is_beta":false,"boss_relics":[{"not_picked":["Empty Cage","SacredBark"],"picked":"SlaversCollar"},{"not_picked":["Astrolabe","Tiny House"],"picked":"ScarletEmblem"}],"items_purged_floors":[],"is_endless":false,"potions_floor_spawned":[1,6,8,10,16,18,28,29,33,35,36,39,44,45,46,47,48,54],"ascension_level":0}}