{"host":"hrvs05np4ys7itky","time":1612065032,"event":{"mods":["BaseMod","Colored Map","Colored Powertips","Downfall","Emptier Cage","Hermit","Highlight Path","Minty Spire (QoL Compilation)","Permanent Neow","Rare Cards Sparkle","Relic Stats","Replay The Spire","StSLib","everything is the same but u backflip on backflip"],"gold_per_floor":[99,119,119,135,34,61,61,73,106,6,0,12,12,27,45,150,150,50,67,84,134,134,17,70,70,19,19,49,95,120,165,181,302,302,302,302,302],"floor_reached":35,"language":"ENG","playtime":3593,"items_purged":["hexamod:Strike","Doubt"],"score":432,"play_id":"a717d45e-38a7-45ee-8272-c28948549998","local_time":"20210130225032","is_ascension_mode":false,"campfire_choices":[{"floor":1,"key":"RECALL"},{"floor":10,"key":"DIG"},{"data":"hexamod:Float","floor":13,"key":"SMITH"},{"floor":18,"key":"DIG"},{"floor":27,"key":"DIG"}],"circlet_count":0,"master_deck":["hexamod:Strike","hexamod:Strike","hexamod:Strike","hexamod:Defend","hexamod:Defend","hexamod:Defend","hexamod:Defend","hexamod:Sear","hexamod:Float+1","hexamod:AdvancingGuard","hexamod:Float","hexamod:HeatMetal","hexamod:PhantomCloak","expansioncontent:YouAreMine","hexamod:NightmareStrike","hexamod:GhostOfSpireFuture","hexamod:TimeWarp","hexamod:RadiantFlame","hexamod:RadiantFlame","hexamod:EtherealExpedition","hexamod:GhostShield","hexamod:Hexaguard","hexamod:GhostflameInferno","hexamod:InspiringFlames+1","hexamod:GhostShield+1","hexamod:HeatMetal+1","hexamod:HeatMetal","hexamod:ExtraCrispy","Doubt","hexamod:GhostflameBarrier","hexamod:PhantomFireball","hexamod:Hexaguard","hexamod:VolcanoVisage","hexamod:ShieldOfDarkness","hexamod:TimeWarp","Replay:Hysterical Blindness","hexamod:TimeWarp","hexamod:GhostflameBarrier"],"relics":["hexamod:SpiritBrand","MealTicket","Smiling Mask","Prayer Wheel","Shovel","downfall:HeartBlessingRed","Bottled Flame","Painkiller Herb","downfall:HeartBlessingGreen","Vajra","Ring of Panic","Ring of Greed","Membership Card","Replay:Bandana","Bag of Preparation","White Beast Statue","Tiny Chest","Juzu Bracelet","HornCleat","Cursed Key"],"acts_visited":["Exordium","TheCity","TheBeyond"],"potions_floor_usage":[6,15,15,16,29,30,31,31,31,31,31,32],"damage_taken":[{"damage":0,"enemies":"Small Slimes","floor":2,"turns":4},{"damage":0,"enemies":"Cultist","floor":4,"turns":3},{"damage":0,"enemies":"downfall:FleeingMerchant","floor":5,"turns":4},{"damage":15,"enemies":"Gremlin Nob","floor":6,"turns":4},{"damage":1,"enemies":"Jaw Worm","floor":8,"turns":3},{"damage":24,"enemies":"Lagavulin","floor":9,"turns":7},{"damage":0,"enemies":"downfall:FleeingMerchant","floor":11,"turns":4},{"damage":0,"enemies":"Exordium Wildlife","floor":12,"turns":2},{"damage":0,"enemies":"Large Slime","floor":14,"turns":5},{"damage":2,"enemies":"3 Louse","floor":15,"turns":3},{"damage":27,"enemies":"WA_ARCHETYPE_RETAIN","floor":16,"turns":13},{"damage":1,"enemies":"Shell Parasite","floor":19,"turns":4},{"damage":3,"enemies":"Centurion and Healer","floor":20,"turns":6},{"damage":20,"enemies":"downfall:FleeingMerchant","floor":23,"turns":4},{"damage":0,"enemies":"downfall:FleeingMerchant","floor":26,"turns":4},{"damage":10,"enemies":"3 Cultists","floor":28,"turns":6},{"damage":13,"enemies":"Slavers","floor":29,"turns":5},{"damage":0,"enemies":"Cultist and Chosen","floor":30,"turns":5},{"damage":3,"enemies":"Book of Stabbing","floor":31,"turns":5},{"damage":1,"enemies":"Chosen and Byrds","floor":32,"turns":6},{"damage":26,"enemies":"SI_MIRROR_ARCHETYPE","floor":33,"turns":9}],"seed_played":"919052047016144424","potions_obtained":[{"floor":2,"key":"hexamod:DoubleChargePotion"},{"floor":6,"key":"BlessingOfTheForge"},{"floor":9,"key":"Swift Potion"},{"floor":12,"key":"PowerPotion"},{"floor":16,"key":"Elixir"},{"floor":26,"key":"PowerPotion"},{"floor":28,"key":"PowerPotion"},{"floor":29,"key":"AttackPotion"},{"floor":30,"key":"EntropicBrew"},{"floor":31,"key":"Elixir"},{"floor":32,"key":"Strength Potion"},{"floor":33,"key":"BlessingOfTheForge"}],"is_trial":false,"path_per_floor":["R","M","?","M","$","E","T","M","E","R","$","M","R","M","M","B",null,"T","?","?","?","?","T","T","?","T","T","?","E","?","E","?","B",null,"T"],"character_chosen":"THE_SPIRIT","items_purchased":["expansioncontent:YouAreMine","hexamod:HeatMetal","hexamod:ExtraCrispy"],"campfire_rested":0,"item_purchase_floors":[5,23,23],"current_hp_per_floor":[70,70,70,70,70,55,55,54,30,30,45,45,45,45,43,16,70,70,69,66,66,66,50,50,50,65,65,55,42,42,39,38,12,70,70,70,70],"gold":302,"neow_bonus":"RANDOM_COMMON_RELIC","is_daily":false,"chose_seed":false,"campfire_upgraded":1,"win_rate":0.0,"timestamp":1612065032,"path_taken":["R","M","?","M","$","E","T","?","E","R","?","M","R","M","M","BOSS","T","?","?","?","?","T","T","?","?","T","?","E","?","E","?","BOSS","T"],"items_purchased_type":["Card","Card","Card"],"build_version":"2020-12-22","purchased_purges":2,"victory":false,"max_hp_per_floor":[70,70,70,70,70,70,70,70,70,70,70,70,70,70,70,70,70,70,70,70,70,70,70,70,70,70,70,70,70,70,70,70,70,70,70,70,70],"relic_stats":{"Shovel":3,"counters":[21,106],"MealTicket":34,"Prayer Wheel":9,"Tiny Chest":0,"Bag of Preparation":[14],"Juzu Bracelet":0,"Smiling Mask":-12,"Cursed Key":0,"obtain_stats":[{"downfall:HeartBlessingRed":10,"Vajra":18,"Painkiller Herb":17,"downfall:HeartBlessingGreen":18,"Bag of Preparation":24,"Juzu Bracelet":29,"Ring of Greed":21,"Smiling Mask":6,"Cursed Key":34,"White Beast Statue":25,"Bottled Flame":10,"Replay:Bandana":21,"Shovel":9,"HornCleat":31,"MealTicket":0,"Prayer Wheel":7,"Tiny Chest":27,"Membership Card":21,"Ring of Panic":21,"hexamod:SpiritBrand":0},{"downfall:HeartBlessingRed":6,"Vajra":11,"Painkiller Herb":11,"downfall:HeartBlessingGreen":11,"Bag of Preparation":14,"Juzu Bracelet":17,"Ring of Greed":13,"Smiling Mask":4,"Cursed Key":21,"White Beast Statue":14,"Bottled Flame":6,"Replay:Bandana":13,"Shovel":6,"HornCleat":19,"MealTicket":0,"Prayer Wheel":4,"Tiny Chest":15,"Membership Card":13,"Ring of Panic":13,"hexamod:SpiritBrand":0},{"downfall:HeartBlessingRed":25,"Vajra":52,"Painkiller Herb":52,"downfall:HeartBlessingGreen":52,"Bag of Preparation":66,"Juzu Bracelet":81,"Ring of Greed":62,"Smiling Mask":15,"Cursed Key":106,"White Beast Statue":66,"Bottled Flame":25,"Replay:Bandana":62,"Shovel":25,"HornCleat":91,"MealTicket":0,"Prayer Wheel":15,"Tiny Chest":70,"Membership Card":62,"Ring of Panic":62,"hexamod:SpiritBrand":0}]},"card_choices":[{"not_picked":["hexamod:Firestarter","hexamod:InspiringFlames"],"picked":"hexamod:AdvancingGuard","floor":2},{"not_picked":["hexamod:Haunt","hexamod:SecondSeal"],"picked":"hexamod:HeatMetal","floor":4},{"not_picked":["hexamod:InspiringFlames","hexamod:HeatShield"],"picked":"hexamod:PhantomCloak","floor":5},{"not_picked":["hexamod:NecessarySacrifice","hexamod:HexaLevel"],"picked":"hexamod:SpectersWail","floor":6},{"not_picked":["hexamod:SpectralAdrenaline","hexamod:Firestarter"],"picked":"hexamod:NightmareStrike","floor":8},{"not_picked":["hexamod:ShieldOfDarkness","hexamod:SwordOfDarkness","hexamod:ExtraCrispy"],"picked":"SKIP","floor":8},{"not_picked":["hexamod:ChargedBarrage","hexamod:AdvancingGuard"],"picked":"hexamod:GhostOfSpireFuture","floor":9},{"not_picked":["hexamod:Firestarter","hexamod:CatchUp"],"picked":"hexamod:TimeWarp","floor":11},{"not_picked":["hexamod:HauntingEcho","hexamod:NightmareGuise"],"picked":"hexamod:RadiantFlame","floor":12},{"not_picked":["hexamod:GhostShield","hexamod:NightmareGuise"],"picked":"hexamod:RadiantFlame","floor":12},{"not_picked":["hexamod:GhostLash","hexamod:Again"],"picked":"hexamod:EtherealExpedition","floor":14},{"not_picked":["hexamod:InspiringFlames","hexamod:HauntingEcho"],"picked":"hexamod:GhostShield","floor":14},{"not_picked":["hexamod:Haunt","hexamod:BurningTouch"],"picked":"hexamod:Hexaguard","floor":15},{"not_picked":["hexamod:UnlimitedPower","hexamod:SpectersWail","hexamod:ThermalTransfer"],"picked":"SKIP","floor":15},{"not_picked":["hexamod:GhostOfSpirePresent","hexamod:UnleashSpirits"],"picked":"hexamod:GhostflameInferno","floor":16},{"not_picked":["hexamod:GhostLash","hexamod:NightmareStrike+1"],"picked":"hexamod:InspiringFlames+1","floor":19},{"not_picked":["hexamod:Firestarter+1","hexamod:BacktrackSmack","hexamod:ThermalTransfer"],"picked":"SKIP","floor":19},{"not_picked":["hexamod:HauntingEcho","hexamod:BacktrackSmack"],"picked":"hexamod:GhostShield+1","floor":20},{"not_picked":["hexamod:GhostShield","hexamod:NightmareGuise+1"],"picked":"hexamod:HeatMetal+1","floor":20},{"not_picked":["hexamod:Haunt","hexamod:SkipABeat","hexamod:GhostOfSpirePast"],"picked":"SKIP","floor":23},{"not_picked":["hexamod:SwordOfDarkness","hexamod:FastForward","hexamod:Hexaguard"],"picked":"SKIP","floor":26},{"not_picked":["hexamod:SoulSteal","hexamod:SpectersWail+1"],"picked":"hexamod:GhostflameBarrier","floor":28},{"not_picked":["hexamod:ThermalTransfer","hexamod:GhostflameBarrier","hexamod:FastForward"],"picked":"SKIP","floor":28},{"not_picked":["hexamod:FirstSeal","hexamod:FourthSeal"],"picked":"hexamod:PhantomFireball","floor":29},{"not_picked":["hexamod:SecondSeal","hexamod:InspiringFlames"],"picked":"hexamod:Hexaguard","floor":30},{"not_picked":["hexamod:RadiantFlame","hexamod:GhostShield"],"picked":"hexamod:VolcanoVisage","floor":30},{"not_picked":["hexamod:RainOfEmbers","hexamod:Haunt","hexamod:SwordOfDarkness"],"picked":"SKIP","floor":31},{"not_picked":["hexamod:SwordOfDarkness+1","hexamod:GhostLash"],"picked":"hexamod:ShieldOfDarkness","floor":32},{"not_picked":["hexamod:Firestarter+1","hexamod:SwordOfDarkness"],"picked":"hexamod:TimeWarp","floor":32},{"not_picked":["hexamod:VolcanoVisage","hexamod:SearingWound"],"picked":"hexamod:TimeWarp","floor":33}],"player_experience":1021470,"relics_obtained":[{"floor":6,"key":"Smiling Mask"},{"floor":7,"key":"Prayer Wheel"},{"floor":9,"key":"Shovel"},{"floor":10,"key":"Bottled Flame"},{"floor":18,"key":"Vajra"},{"floor":21,"key":"Ring of Panic"},{"floor":21,"key":"Ring of Greed"},{"floor":21,"key":"Membership Card"},{"floor":21,"key":"Replay:Bandana"},{"floor":24,"key":"Bag of Preparation"},{"floor":27,"key":"Tiny Chest"},{"floor":29,"key":"Juzu Bracelet"},{"floor":31,"key":"HornCleat"}],"event_choices":[],"is_beta":false,"boss_relics":[{"not_picked":["Velvet Choker","SacredBark"],"picked":"Painkiller Herb"},{"not_picked":["ReplayTheSpireMod:DimensionalGlitch","Sozu"],"picked":"Cursed Key"}],"items_purged_floors":[23,26],"is_endless":false,"potions_floor_spawned":[2,6,9,12,14,16,26,28,29,30,31,32,33],"ascension_level":0}}