{"host":"g8ufh7m4frdlkxwv","time":1612064819,"event":{"mods":["AchievementEnabler","BaseMod","Colored Map","Dark Map","Minty Spire (QoL Compilation)","Relic Stats","StSLib","ojb\u0027s Info Mod"],"gold_per_floor":[118,128,278,278,292,292,320,2,2,2,36,36,89,162,171,171,171],"floor_reached":16,"language":"ENG","playtime":488,"items_purged":["Doubt"],"score":232,"play_id":"033b49d9-3f16-4100-ac06-68ef0b064451","local_time":"20210131044659","is_ascension_mode":true,"campfire_choices":[{"data":"Crippling Poison","floor":6.0,"key":"SMITH"},{"floor":15.0,"key":"REST"}],"circlet_count":0,"master_deck":["AscendersBane","Strike_G","Strike_G","Strike_G","Strike_G","Strike_G","Defend_G","Defend_G","Defend_G","Defend_G","Defend_G","Survivor","Neutralize","Sucker Punch","Crippling Poison+1","Dagger Throw+1","Masterful Stab+1","Terror","Backflip","Terror"],"relics":["Ring of the Snake","NeowsBlessing","Molten Egg 2","StrikeDummy","Sling","Dream Catcher","CeramicFish","Golden Idol","Question Card"],"acts_visited":["Exordium"],"potions_floor_usage":[],"damage_taken":[{"damage":0.0,"enemies":"Small Slimes","floor":1.0,"turns":1.0},{"damage":0.0,"enemies":"Jaw Worm","floor":2.0,"turns":1.0},{"damage":0.0,"enemies":"Cultist","floor":5.0,"turns":1.0},{"damage":42.0,"enemies":"3 Sentries","floor":7.0,"turns":14.0},{"damage":6.0,"enemies":"Gremlin Nob","floor":11.0,"turns":3.0},{"damage":6.0,"enemies":"3 Sentries","floor":13.0,"turns":6.0},{"damage":25,"enemies":"Slime Boss","floor":16,"turns":6}],"seed_played":"5057671432916737505","potions_obtained":[{"floor":7.0,"key":"CunningPotion"}],"is_trial":false,"path_per_floor":["M","M","?","T","M","R","E","$","T","$","E","?","E","?","R","B"],"character_chosen":"THE_SILENT","items_purchased":["Sling","Terror"],"campfire_rested":1,"item_purchase_floors":[8,8],"current_hp_per_floor":[59,59,59,59,59,59,17,17,17,17,11,11,5,5,23,0,0],"gold":171,"neow_bonus":"THREE_ENEMY_KILL","is_daily":false,"chose_seed":false,"campfire_upgraded":1,"win_rate":0.0,"timestamp":1612064819,"path_taken":["M","M","?","?","?","R","E","$","T","$","E","?","E","?","R","BOSS"],"items_purchased_type":["Relic","Card"],"build_version":"2020-12-22","purchased_purges":1,"victory":false,"max_hp_per_floor":[66,66,66,66,66,66,66,66,66,66,66,60,60,60,60,60,60],"relic_stats":{"Dream Catcher":1,"counters":[7,32],"Golden Idol":9,"CeramicFish":18,"Question Card":1,"obtain_stats":[{"Dream Catcher":9,"NeowsBlessing":0,"Golden Idol":12,"CeramicFish":11,"Molten Egg 2":4,"StrikeDummy":7,"Sling":8,"Question Card":13,"Ring of the Snake":0},{"Dream Catcher":4,"NeowsBlessing":0,"Golden Idol":5,"CeramicFish":5,"Molten Egg 2":2,"StrikeDummy":4,"Sling":4,"Question Card":6,"Ring of the Snake":0},{"Dream Catcher":17,"NeowsBlessing":0,"Golden Idol":20,"CeramicFish":20,"Molten Egg 2":2,"StrikeDummy":17,"Sling":17,"Question Card":26,"Ring of the Snake":0}],"Ring of the Snake":[14]},"card_choices":[{"not_picked":["Quick Slash","Prepared"],"picked":"Sucker Punch","floor":1.0},{"not_picked":["All Out Attack","Deadly Poison"],"picked":"Crippling Poison","floor":2.0},{"not_picked":["PiercingWail","Concentrate"],"picked":"Dagger Throw+1","floor":5.0},{"not_picked":["Bouncing Flask","Dodge and Roll"],"picked":"Masterful Stab+1","floor":7.0},{"not_picked":["Night Terror","PiercingWail","Outmaneuver"],"picked":"SKIP","floor":11.0},{"not_picked":["Dodge and Roll","Night Terror"],"picked":"Backflip","floor":13.0},{"not_picked":["Bane+1","Finisher+1","Backflip"],"picked":"Terror","floor":15.0}],"player_experience":1111211,"relics_obtained":[{"floor":4.0,"key":"Molten Egg 2"},{"floor":7.0,"key":"StrikeDummy"},{"floor":9.0,"key":"Dream Catcher"},{"floor":11.0,"key":"CeramicFish"},{"floor":13.0,"key":"Question Card"}],"event_choices":[{"damage_healed":0.0,"max_hp_gain":0.0,"max_hp_loss":0.0,"gold_gain":150.0,"event_name":"Liars Game","player_choice":"AGREE","floor":3.0,"gold_loss":0.0,"damage_taken":0.0,"cards_obtained":["Doubt"]},{"damage_healed":0.0,"max_hp_gain":0.0,"max_hp_loss":6.0,"gold_gain":0.0,"event_name":"Golden Idol","player_choice":"Lose Max HP","floor":12.0,"gold_loss":0.0,"damage_taken":0.0,"relics_obtained":["Golden Idol"]},{"damage_healed":0.0,"max_hp_gain":0.0,"max_hp_loss":0.0,"gold_gain":73.0,"event_name":"Golden Wing","player_choice":"Gained Gold","floor":14.0,"gold_loss":0.0,"damage_taken":0.0}],"is_beta":false,"boss_relics":[],"items_purged_floors":[8],"is_endless":false,"potions_floor_spawned":[7],"killed_by":"Slime Boss","ascension_level":20}}