{"host":"syozzdlzcqop4jia","time":1612056685,"event":{"mods":["BaseMod","Colored Map","Colored Powertips","Minty Spire (QoL Compilation)","Quick Restart"],"gold_per_floor":[114,114,114,131,145,171,190,218,218,233,250,250,283,297,297,397,397,408,427,427,443,443,460,460,460,460,460,470,470,483,502,502,605,605,622,640,640,82,105,105,119,119,119,152,152,163,190,190,190],"floor_reached":48,"language":"ENG","playtime":2664,"items_purged":["Strike_R"],"score":618,"play_id":"5be493eb-746d-49ea-829e-4c00acd1c94e","local_time":"20210131023125","is_ascension_mode":true,"campfire_choices":[{"floor":12,"key":"REST"},{"floor":15,"key":"REST"},{"data":"Immolate","floor":27,"key":"SMITH"},{"data":"Limit Break","floor":29,"key":"SMITH"},{"floor":32,"key":"REST"},{"data":"Carnage","floor":40,"key":"SMITH"},{"data":"Double Tap","floor":42,"key":"SMITH"},{"data":"Demon Form","floor":45,"key":"SMITH"}],"circlet_count":0,"master_deck":["Strike_R","Strike_R","Strike_R","Defend_R","Defend_R","Defend_R","Bash","Anger+1","Clothesline","Uppercut","Rampage","Headbutt","Carnage+1","Headbutt","Pommel Strike","Combust","Clash","Rage+1","Rage+1","Limit Break","Carnage+1","Rage+1","Flex+1","Perfected Strike","Immolate+1","Heavy Blade","Anger+1","Demon Form+1","Limit Break+1","Body Slam+1","Seeing Red+1","Wild Strike+1","Double Tap+1","Inflame","Shrug It Off"],"relics":["Burning Blood","Happy Flower","Prayer Wheel","Mercury Hourglass","Velvet Choker","MutagenicStrength","Nloth\u0027s Gift","Shuriken","SlaversCollar","Orichalcum","Paper Frog","War Paint","Pantograph","MealTicket","Anchor"],"acts_visited":["Exordium","TheCity","TheBeyond"],"potions_floor_usage":[19,48,48],"damage_taken":[{"damage":6,"enemies":"Cultist","floor":1,"turns":3},{"damage":0,"enemies":"Small Slimes","floor":4,"turns":3},{"damage":3,"enemies":"2 Louse","floor":5,"turns":2},{"damage":31,"enemies":"Lagavulin","floor":6,"turns":6},{"damage":8,"enemies":"Large Slime","floor":7,"turns":5},{"damage":13,"enemies":"Gremlin Nob","floor":8,"turns":3},{"damage":14,"enemies":"Exordium Thugs","floor":10,"turns":4},{"damage":13,"enemies":"Blue Slaver","floor":11,"turns":2},{"damage":25,"enemies":"3 Sentries","floor":13,"turns":6},{"damage":6,"enemies":"Lots of Slimes","floor":14,"turns":2},{"damage":39,"enemies":"Hexaghost","floor":16,"turns":7},{"damage":18,"enemies":"3 Byrds","floor":18,"turns":3},{"damage":15,"enemies":"Shell Parasite","floor":19,"turns":2},{"damage":10,"enemies":"3 Cultists","floor":21,"turns":4},{"damage":7,"enemies":"Cultist and Chosen","floor":23,"turns":2},{"damage":15,"enemies":"Centurion and Healer","floor":28,"turns":4},{"damage":13,"enemies":"Chosen and Byrds","floor":30,"turns":4},{"damage":14,"enemies":"Cultist and Chosen","floor":31,"turns":3},{"damage":60,"enemies":"Automaton","floor":33,"turns":7},{"damage":8,"enemies":"Orb Walker","floor":35,"turns":2},{"damage":18,"enemies":"3 Shapes","floor":36,"turns":4},{"damage":0,"enemies":"3 Darklings","floor":41,"turns":3},{"damage":22,"enemies":"Nemesis","floor":44,"turns":5},{"damage":11,"enemies":"Transient","floor":46,"turns":5},{"damage":34,"enemies":"Giant Head","floor":47,"turns":6},{"damage":47,"enemies":"Maw","floor":48,"turns":6}],"seed_played":"-1076526765685858313","potions_obtained":[{"floor":6,"key":"CultistPotion"},{"floor":7,"key":"EssenceOfSteel"},{"floor":10,"key":"SmokeBomb"},{"floor":19,"key":"BloodPotion"},{"floor":28,"key":"DuplicationPotion"},{"floor":30,"key":"Strength Potion"}],"is_trial":false,"path_per_floor":["M","?","?","M","M","E","M","E","T","M","M","R","E","M","R","B",null,"M","M","?","M","?","M","?","?","T","R","M","R","M","M","R","B",null,"M","M","?","$","T","R","M","R","T","E","R","M","E","M"],"character_chosen":"IRONCLAD","items_purchased":["Orichalcum","Paper Frog","Inflame"],"campfire_rested":3,"item_purchase_floors":[38,38,38],"current_hp_per_floor":[80,85,85,85,85,60,58,51,51,43,36,61,42,42,67,34,85,73,81,81,77,77,76,76,76,76,76,67,67,60,52,77,23,85,83,71,71,71,71,71,77,77,77,61,61,56,28,0,0],"gold":190,"neow_bonus":"REMOVE_CARD","is_daily":false,"chose_seed":false,"campfire_upgraded":5,"win_rate":0.0,"timestamp":1612056685,"path_taken":["M","?","?","M","M","E","M","E","T","?","M","R","E","M","R","BOSS","M","M","?","M","?","M","?","?","T","R","M","R","M","M","R","BOSS","M","M","?","$","?","R","M","R","T","E","R","M","E","M"],"items_purchased_type":["Relic","Relic","Card"],"build_version":"2020-12-22","purchased_purges":1,"victory":false,"max_hp_per_floor":[80,85,85,85,85,85,85,85,85,85,85,85,85,85,85,85,85,85,85,85,85,85,85,85,85,85,85,85,85,85,85,85,85,85,85,85,85,85,85,85,85,85,85,85,85,85,85,85,85],"card_choices":[{"not_picked":["Pommel Strike","Clash"],"picked":"Anger","floor":1},{"not_picked":["Rupture","Thunderclap"],"picked":"Clothesline","floor":4},{"not_picked":["Burning Pact","Dark Embrace"],"picked":"Uppercut","floor":5},{"not_picked":["Iron Wave","Metallicize"],"picked":"Rampage","floor":6},{"not_picked":["Cleave","Entrench"],"picked":"Headbutt","floor":7},{"not_picked":["Feel No Pain","Fire Breathing"],"picked":"Carnage","floor":8},{"not_picked":["Searing Blow","Whirlwind"],"picked":"Headbutt","floor":10},{"not_picked":["Dark Embrace","Twin Strike","True Grit"],"picked":"SKIP","floor":10},{"not_picked":["Hemokinesis","Havoc"],"picked":"Pommel Strike","floor":11},{"not_picked":["Body Slam","Warcry"],"picked":"Combust","floor":11},{"not_picked":["Armaments","Second Wind"],"picked":"Clash","floor":13},{"not_picked":["Fiend Fire","Iron Wave"],"picked":"Rage","floor":14},{"not_picked":["Combust","Entrench"],"picked":"Rage","floor":14},{"not_picked":["Bludgeon","Offering"],"picked":"Limit Break","floor":16},{"not_picked":["Armaments+1","Evolve"],"picked":"Carnage+1","floor":18},{"not_picked":["Clash","Hemokinesis"],"picked":"Rage+1","floor":18},{"not_picked":["Clash+1","Sword Boomerang+1"],"picked":"Flex+1","floor":19},{"not_picked":["Iron Wave+1","Thunderclap"],"picked":"Perfected Strike","floor":19},{"not_picked":["Seeing Red","Burning Pact"],"picked":"Immolate","floor":21},{"not_picked":["Headbutt","Armaments+1"],"picked":"Heavy Blade","floor":21},{"not_picked":["Wild Strike","Sword Boomerang"],"picked":"Anger+1","floor":23},{"not_picked":["Warcry+1","Wild Strike","Perfected Strike"],"picked":"SKIP","floor":23},{"not_picked":["Feel No Pain","Infernal Blade"],"picked":"Limit Break","floor":28},{"not_picked":["Infernal Blade","Warcry"],"picked":"Body Slam+1","floor":28},{"not_picked":["Searing Blow","Perfected Strike"],"picked":"Seeing Red+1","floor":30},{"not_picked":["Rampage","Reckless Charge","Evolve+1"],"picked":"SKIP","floor":30},{"not_picked":["Iron Wave","True Grit+1"],"picked":"Wild Strike+1","floor":31},{"not_picked":["Warcry","Metallicize","True Grit"],"picked":"SKIP","floor":31},{"not_picked":["Barricade","Immolate"],"picked":"Double Tap","floor":33},{"not_picked":["Searing Blow","Power Through+1","Iron Wave"],"picked":"SKIP","floor":35},{"not_picked":["Cleave+1","True Grit+1","Anger"],"picked":"SKIP","floor":35},{"not_picked":["True Grit+1","Clash","Evolve+1"],"picked":"SKIP","floor":36},{"not_picked":["Heavy Blade","Sword Boomerang+1","Havoc+1"],"picked":"SKIP","floor":36},{"not_picked":["Armaments+1","Blood for Blood","Reckless Charge+1"],"picked":"SKIP","floor":41},{"not_picked":["True Grit+1","Perfected Strike","Sword Boomerang"],"picked":"SKIP","floor":41},{"not_picked":["Bludgeon","Searing Blow+1"],"picked":"Shrug It Off","floor":44},{"not_picked":["Armaments+1","Flex","Pommel Strike+1"],"picked":"SKIP","floor":46},{"not_picked":["Thunderclap+1","Burning Pact+1","Shrug It Off"],"picked":"SKIP","floor":46},{"not_picked":["Bludgeon","Dual Wield","Wild Strike"],"picked":"SKIP","floor":47}],"player_experience":455929,"relics_obtained":[{"floor":6,"key":"Happy Flower"},{"floor":8,"key":"Shovel"},{"floor":9,"key":"Prayer Wheel"},{"floor":13,"key":"Mercury Hourglass"},{"floor":26,"key":"Shuriken"},{"floor":39,"key":"War Paint"},{"floor":43,"key":"Pantograph"},{"floor":44,"key":"MealTicket"},{"floor":47,"key":"Anchor"}],"event_choices":[{"damage_healed":0,"gold_gain":0,"player_choice":"Donut","damage_taken":0,"max_hp_gain":5,"max_hp_loss":0,"event_name":"Big Fish","floor":2,"gold_loss":0},{"damage_healed":0,"gold_gain":0,"player_choice":"Upgraded","damage_taken":0,"max_hp_gain":0,"max_hp_loss":0,"event_name":"Upgrade Shrine","floor":3,"gold_loss":0,"cards_upgraded":["Anger"]},{"damage_healed":0,"gold_gain":0,"player_choice":"Inject Mutagens","damage_taken":0,"relics_obtained":["MutagenicStrength"],"max_hp_gain":0,"max_hp_loss":0,"event_name":"Drug Dealer","floor":20,"gold_loss":0},{"damage_healed":0,"gold_gain":0,"player_choice":"Ignored","damage_taken":0,"max_hp_gain":0,"max_hp_loss":0,"event_name":"The Mausoleum","floor":22,"gold_loss":0},{"damage_healed":0,"gold_gain":0,"player_choice":"Read","damage_taken":0,"max_hp_gain":0,"max_hp_loss":0,"event_name":"The Library","floor":24,"gold_loss":0,"cards_obtained":["Demon Form"]},{"damage_healed":0,"gold_gain":0,"player_choice":"Traded Relic","damage_taken":0,"relics_obtained":["Nloth\u0027s Gift"],"max_hp_gain":0,"max_hp_loss":0,"event_name":"N\u0027loth","floor":25,"relics_lost":["Shovel"],"gold_loss":0},{"cards_removed":["Strike_R"],"damage_healed":0,"gold_gain":0,"player_choice":"Purged","damage_taken":0,"max_hp_gain":0,"max_hp_loss":0,"event_name":"Purifier","floor":37,"gold_loss":0}],"is_beta":false,"boss_relics":[{"not_picked":["Black Blood","Calling Bell"],"picked":"Velvet Choker"},{"not_picked":["Runic Cube","Snecko Eye"],"picked":"SlaversCollar"}],"items_purged_floors":[38],"is_endless":false,"potions_floor_spawned":[6,7,10,11,13,14,19,28,30,31,35,36,46],"killed_by":"Maw","ascension_level":3}}