{"host":"uc8wz0q199a7d901","time":1612085809,"event":{"mods":["2.2 Compatiblity","BaseMod","Colored Map","DeckTracker","Highlight Path","Minty Spire (QoL Compilation)","Permanent Neow","Quick Restart","SuperFastMode"],"gold_per_floor":[216,216,6,23,23,23,57,72,72,92,92,92,124,139,139,139,139],"floor_reached":16,"language":"KOR","playtime":323,"items_purged":["Strike_R"],"score":220,"play_id":"de72f128-7188-4332-a989-8122eec51abe","local_time":"20210131183649","is_ascension_mode":true,"campfire_choices":[{"data":"Whirlwind","floor":6.0,"key":"SMITH"},{"data":"Flex","floor":12.0,"key":"SMITH"},{"floor":15,"key":"REST"}],"circlet_count":0,"master_deck":["AscendersBane","Strike_R","Strike_R","Strike_R","Strike_R","Defend_R","Defend_R","Defend_R","Defend_R","Bash","Pommel Strike","Whirlwind+1","Flex+1","Flex+1","Clothesline","Evolve","Reaper","Shrug It Off","Spot Weakness"],"relics":["Burning Blood","FossilizedHelix","Tiny Chest"],"acts_visited":["Exordium"],"potions_floor_usage":[13,14,16],"damage_taken":[{"damage":9.0,"enemies":"2 Louse","floor":1.0,"turns":3.0},{"damage":7.0,"enemies":"Jaw Worm","floor":4.0,"turns":3.0},{"damage":44.0,"enemies":"Gremlin Nob","floor":7.0,"turns":4.0},{"damage":0.0,"enemies":"Cultist","floor":8.0,"turns":3.0},{"damage":13.0,"enemies":"Large Slime","floor":10.0,"turns":6.0},{"damage":34,"enemies":"Lagavulin","floor":13,"turns":8},{"damage":0,"enemies":"Gremlin Gang","floor":14,"turns":2},{"damage":49,"enemies":"Hexaghost","floor":16,"turns":9}],"seed_played":"-6750132881995340470","potions_obtained":[{"floor":4.0,"key":"ColorlessPotion"},{"floor":10.0,"key":"Strength Potion"},{"floor":14,"key":"Swift Potion"}],"is_trial":false,"path_per_floor":["M","?","$","M","?","R","E","M","T","M","?","R","E","M","R","B"],"character_chosen":"IRONCLAD","items_purchased":["Whirlwind","Flex"],"campfire_rested":1,"item_purchase_floors":[3,3],"current_hp_per_floor":[65,65,65,64,75,75,37,43,43,36,36,36,18,24,46,0,0],"gold":139,"neow_bonus":"HUNDRED_GOLD","is_daily":false,"chose_seed":false,"campfire_upgraded":2,"win_rate":0.0,"timestamp":1612085809,"path_taken":["M","?","$","M","?","R","E","M","T","?","?","R","E","M","R","BOSS"],"items_purchased_type":["Card","Card"],"build_version":"2020-12-22","purchased_purges":1,"victory":false,"max_hp_per_floor":[75,75,75,75,75,75,75,75,75,75,75,75,75,75,75,75,75],"card_choices":[{"not_picked":["Iron Wave","Perfected Strike"],"picked":"Pommel Strike","floor":1.0},{"not_picked":["Pommel Strike","Searing Blow"],"picked":"Flex","floor":4.0},{"not_picked":["Warcry","Hemokinesis"],"picked":"Clothesline","floor":7.0},{"not_picked":["Feel No Pain","True Grit"],"picked":"Evolve","floor":8.0},{"not_picked":["Shockwave","Thunderclap"],"picked":"Reaper","floor":10.0},{"not_picked":["Spot Weakness","Evolve"],"picked":"Shrug It Off","floor":13},{"not_picked":["Warcry","Pommel Strike"],"picked":"Spot Weakness","floor":14}],"player_experience":705223,"relics_obtained":[{"floor":7.0,"key":"FossilizedHelix"},{"floor":13,"key":"Tiny Chest"}],"event_choices":[{"damage_healed":0.0,"max_hp_gain":0.0,"max_hp_loss":0.0,"gold_gain":0.0,"event_name":"The Cleric","player_choice":"Leave","floor":2.0,"gold_loss":0.0,"damage_taken":0.0},{"damage_healed":11.0,"max_hp_gain":0.0,"max_hp_loss":0.0,"gold_gain":0.0,"event_name":"Wheel of Change","player_choice":"Full Heal","floor":5.0,"gold_loss":0.0,"damage_taken":0.0},{"damage_healed":0.0,"max_hp_gain":0.0,"max_hp_loss":0.0,"gold_gain":0.0,"event_name":"Upgrade Shrine","player_choice":"Upgraded","floor":11.0,"gold_loss":0.0,"damage_taken":0.0,"cards_upgraded":["Flex"]}],"is_beta":false,"boss_relics":[],"items_purged_floors":[3],"is_endless":false,"potions_floor_spawned":[4,10,14],"killed_by":"Hexaghost","ascension_level":20}}