{"host":"hbel9g7s7ibv8po6","time":1612107966,"event":{"mods":["Act Like it!","BaseMod","Duelist Mod","Minty Spire (QoL Compilation)","StSLib"],"gold_per_floor":[141,154,168,184,184,210,26,60,84,101,111,141,161,177,177,274,374,387,301,226,226,246,246,246,246],"floor_reached":24,"language":"ENG","playtime":688,"items_purged":["theDuelist:BlockMetronome","theDuelist:BlockMetronome"],"score":405,"play_id":"037c55ff-33b7-4acc-b4a1-ee749b370a12","local_time":"20210131234606","is_ascension_mode":true,"campfire_choices":[{"floor":15,"key":"REST"},{"floor":23,"key":"REST"}],"circlet_count":0,"master_deck":["AscendersBane","theDuelist:AttackMetronome","theDuelist:AttackMetronome","theDuelist:AttackMetronome","theDuelist:BlockMetronome","theDuelist:BlockMetronome","theDuelist:Metronome","theDuelist:Metronome","theDuelist:PowerMetronome","theDuelist:SkillMetronome","theDuelist:TrapMetronome","theDuelist:UncommonAttackMetronome","theDuelist:DarkFactory+1","theDuelist:RareMetronome","theDuelist:MachineMonsterMetronome+1","theDuelist:Metronome+1","theDuelist:Metronome+1","theDuelist:UndeadMetronome+1","theDuelist:ScrapFactory+1","theDuelist:CommonSpireMetronome+1","theDuelist:YamiForm+1","CurseOfTheBell","theDuelist:RareAttackMetronome+1","theDuelist:PowerMetronome","theDuelist:AquaMetronome+1"],"relics":["theDuelist:MillenniumPuzzle","theDuelist:CardPoolRelic","theDuelist:CardPoolBasicRelic","theDuelist:BoosterPackPoolRelic","theDuelist:CardPoolAddRelic","theDuelist:CardPoolMinusRelic","theDuelist:CardPoolSaveRelic","theDuelist:CardPoolOptionsRelic","NeowsBlessing","theDuelist:TributeEggRelic","theDuelist:BoosterPackSpellEgg","Membership Card","Mummified Hand","Potion Belt","Calling Bell","theDuelist:SummonAnchor","theDuelist:MillenniumCoin","theDuelist:ElectricBurst","CeramicFish"],"acts_visited":["Exordium","TheCity"],"potions_floor_usage":[8,8,14,16],"damage_taken":[{"damage":0,"enemies":"Cultist","floor":1,"turns":2},{"damage":0,"enemies":"Small Slimes","floor":2,"turns":1},{"damage":0,"enemies":"Jaw Worm","floor":3,"turns":1},{"damage":0,"enemies":"Exordium Thugs","floor":4,"turns":4},{"damage":20,"enemies":"Lagavulin","floor":6,"turns":3},{"damage":14,"enemies":"3 Sentries","floor":8,"turns":5},{"damage":21,"enemies":"3 Louse","floor":10,"turns":5},{"damage":8,"enemies":"Red Slaver","floor":11,"turns":4},{"damage":0,"enemies":"Gremlin Nob","floor":12,"turns":3},{"damage":0,"enemies":"Exordium Wildlife","floor":13,"turns":2},{"damage":0,"enemies":"Looter","floor":14,"turns":1},{"damage":21,"enemies":"Slime Boss","floor":16,"turns":5},{"damage":5,"enemies":"Chosen","floor":18,"turns":2},{"damage":11,"enemies":"Spheric Guardian","floor":22,"turns":3},{"damage":80,"enemies":"Book of Stabbing","floor":24,"turns":5}],"seed_played":"-706916402285420995","potions_obtained":[{"floor":1,"key":"theDuelist:BigTributeBottle"},{"floor":2,"key":"AttackPotion"},{"floor":8,"key":"Strength Potion"},{"floor":10,"key":"theDuelist:DebuffArmorPotion"},{"floor":12,"key":"Fire Potion"},{"floor":14,"key":"EssenceOfSteel"},{"floor":16,"key":"BlessingOfTheForge"},{"floor":22,"key":"Weak Potion"}],"is_trial":false,"path_per_floor":["M","M","M","M","T","E","$","E","T","M","M","E","M","M","R","B",null,"M","$","?","?","M","R","E"],"character_chosen":"THE_DUELIST","items_purchased":["Membership Card","theDuelist:PowerMetronome"],"campfire_rested":2,"item_purchase_floors":[7,19],"current_hp_per_floor":[72,72,72,72,72,52,52,38,38,17,9,9,9,9,33,12,63,58,58,58,58,47,71,0,0],"gold":246,"neow_bonus":"THREE_ENEMY_KILL","is_daily":false,"chose_seed":false,"campfire_upgraded":0,"win_rate":0.0,"timestamp":1612107966,"path_taken":["M","M","M","?","?","E","?","E","T","M","M","E","M","M","R","BOSS","M","$","?","?","?","R","E"],"items_purchased_type":["Relic","Card"],"build_version":"2020-12-22","purchased_purges":2,"victory":false,"max_hp_per_floor":[80,80,80,80,80,80,80,80,80,80,80,80,80,80,80,80,80,80,80,80,80,80,80,80,80],"card_choices":[{"not_picked":["theDuelist:BattleguardKing","theDuelist:GaiaMidNightSun","theDuelist:OneForOne","theDuelist:PowerWall","theDuelist:PreventRat"],"picked":"SKIP","floor":1},{"not_picked":["theDuelist:EarthquakeGiant","theDuelist:AttackTheMoon","theDuelist:GiantSoldierSteel","theDuelist:GaiaMidNightSun"],"picked":"theDuelist:DarkFactory","floor":2},{"not_picked":["theDuelist:AttackTheMoon","theDuelist:WormKing","theDuelist:PurplePainOni","theDuelist:RedMedicine","theDuelist:GemElephant"],"picked":"SKIP","floor":3},{"not_picked":["theDuelist:BattleguardKing","theDuelist:EarthquakeGiant","theDuelist:GauntletWarrior","theDuelist:WormWarlord","theDuelist:ForbiddenLance"],"picked":"SKIP","floor":4},{"not_picked":["theDuelist:SpellMetronome","theDuelist:PlantMetronome","theDuelist:OverflowMetronome","theDuelist:MachineMonsterMetronome"],"picked":"theDuelist:RareMetronome","floor":6},{"not_picked":["theDuelist:BattleOx","theDuelist:BigFire+1","theDuelist:Sangan","theDuelist:DestroyerGolem","theDuelist:EarthquakeGiant"],"picked":"SKIP","floor":8},{"not_picked":["theDuelist:WyrmMetronome+1","theDuelist:SpellMetronome+1","theDuelist:PotMetronome+1","theDuelist:CyberMetronome+1"],"picked":"theDuelist:MachineMonsterMetronome+1","floor":10},{"not_picked":["theDuelist:UncommonAttackMetronome+1","theDuelist:SpellMetronome+1","theDuelist:BlockSpellMetronome+1","theDuelist:ArcaneMetronome+1"],"picked":"theDuelist:Metronome+1","floor":11},{"not_picked":["theDuelist:ZombieMetronome+1","theDuelist:UndeadMetronome+1","theDuelist:FiendMetronome+1","theDuelist:BlockSpellMetronome+1"],"picked":"theDuelist:Metronome+1","floor":12},{"not_picked":["theDuelist:VampireMetronome+1","theDuelist:MetalRaidersMetronome+1","theDuelist:GemKnightMetronome+1","theDuelist:AncientMetronome+1"],"picked":"theDuelist:UndeadMetronome+1","floor":13},{"not_picked":["theDuelist:WormWarlord","theDuelist:Wiretap","theDuelist:DummyGolem","theDuelist:Sangan"],"picked":"theDuelist:ScrapFactory+1","floor":14},{"not_picked":["theDuelist:WormKing","theDuelist:DarkFactory+1","theDuelist:MillenniumShield","theDuelist:SolemnStrike"],"picked":"theDuelist:YamiForm+1","floor":16},{"not_picked":["theDuelist:UndeadMetronome+1","theDuelist:SkillMetronome+1","theDuelist:NaturiaMetronome+1","theDuelist:MachineMetronome+1"],"picked":"theDuelist:RareAttackMetronome+1","floor":18},{"not_picked":["theDuelist:StartingDeckMetronome+1","theDuelist:OverflowMetronome+1","theDuelist:MonsterMetronome+1","theDuelist:ArcaneMetronome+1"],"picked":"theDuelist:AquaMetronome+1","floor":22}],"player_experience":182811,"relics_obtained":[{"floor":5,"key":"theDuelist:TributeEggRelic"},{"floor":6,"key":"theDuelist:BoosterPackSpellEgg"},{"floor":8,"key":"Mummified Hand"},{"floor":12,"key":"Potion Belt"},{"floor":17,"key":"theDuelist:SummonAnchor"},{"floor":17,"key":"theDuelist:MillenniumCoin"},{"floor":17,"key":"theDuelist:ElectricBurst"}],"event_choices":[{"cards_removed":["theDuelist:AttackMetronome"],"damage_healed":0,"gold_gain":0,"player_choice":"Gave Gold","damage_taken":0,"max_hp_gain":0,"max_hp_loss":0,"event_name":"Beggar","floor":20,"gold_loss":75},{"damage_healed":0,"gold_gain":0,"player_choice":"Gave Potion","damage_taken":0,"relics_obtained":["CeramicFish"],"max_hp_gain":0,"max_hp_loss":0,"event_name":"WeMeetAgain","floor":21,"gold_loss":0}],"is_beta":false,"boss_relics":[{"not_picked":["Mark of Pain","Fusion Hammer"],"picked":"Calling Bell"}],"items_purged_floors":[7,19],"is_endless":false,"potions_floor_spawned":[1,2,6,8,10,12,14,16,22],"killed_by":"Book of Stabbing","ascension_level":11}}