{"host":"uceopoba4zvqsgiy","time":1612078787,"event":{"mods":["Act Like it!","BaseMod","Better Skull","Better Third Choice","Elementarium","Evolution","GifTheSpireLib","Hermit","Humility","Infinite Spire","Jorbs\u0027s Wanderer Trilogy","Marked Mod","Minty Spire (QoL Compilation)","Potionbrewer","Reliquary","Replay The Spire","Robot Space Explorer","Shade Mod","Spicy Shops","StS++","StSLib","Stuff the Spire","The Blue Laboratory","The Caster","The Cursed","The Dragon Tamer","The Hierophant","The Jungle","TheSurvivalist","Wandering Minibosses"],"gold_per_floor":[113,113,133,151,2,36,36,36,36],"floor_reached":8,"language":"ENG","playtime":428,"items_purged":[],"score":64,"play_id":"3e6b33fa-9692-4a18-92d2-768e5461777a","local_time":"20210131180947","is_ascension_mode":true,"campfire_choices":[{"floor":7,"key":"REST"}],"circlet_count":0,"master_deck":["Strike_P","Strike_P","Strike_P","Strike_P","Defend_P","Defend_P","Defend_P","Defend_P","Eruption","Vigilance"],"relics":["Sizzling Blood","EVO:Axolotl","NeowsBlessing","infinitespire:Cubic Diamond","ClockworkSouvenir","HornCleat"],"acts_visited":["Exordium"],"potions_floor_usage":[8],"damage_taken":[{"damage":0,"enemies":"2 Louse","floor":1,"turns":1},{"damage":0,"enemies":"Jaw Worm","floor":3,"turns":1},{"damage":0,"enemies":"Small Slimes","floor":4,"turns":1},{"damage":58,"enemies":"Gremlin Nob","floor":6,"turns":4},{"damage":66,"enemies":"Lagavulin","floor":8,"turns":3}],"seed_played":"6939727531100275613","potions_obtained":[{"floor":1,"key":"potionbrewer:CleansingPotion"},{"floor":3,"key":"blueLaboratory:ForbiddenFruitJuice"},{"floor":6,"key":"blueLaboratory:FruitPunch"}],"is_trial":false,"path_per_floor":["M","?","M","M","$","E","R","E"],"character_chosen":"WATCHER","items_purchased":["ClockworkSouvenir"],"campfire_rested":1,"item_purchase_floors":[5],"current_hp_per_floor":[72,72,72,72,72,18,39,0,0],"gold":36,"neow_bonus":"THREE_ENEMY_KILL","is_daily":false,"chose_seed":false,"campfire_upgraded":0,"win_rate":0.0,"timestamp":1612078787,"path_taken":["M","?","M","M","$","E","R","E"],"items_purchased_type":["Relic"],"build_version":"2020-12-22","purchased_purges":0,"victory":false,"max_hp_per_floor":[72,72,72,72,72,72,72,74,74],"card_choices":[{"not_picked":["Replay:BluntJabs","MentalFortress","FlyingSleeves"],"picked":"SKIP","floor":1},{"not_picked":["CutThroughFate","EmptyMind","FollowUp"],"picked":"SKIP","floor":3},{"not_picked":["FlyingSleeves","Prostrate","Evaluate"],"picked":"SKIP","floor":4},{"not_picked":["FearNoEvil","InnerPeace","Wireheading"],"picked":"SKIP","floor":6}],"player_experience":1436706,"relics_obtained":[{"floor":6,"key":"HornCleat"}],"event_choices":[],"is_beta":false,"boss_relics":[],"items_purged_floors":[],"is_endless":false,"potions_floor_spawned":[1,3,6],"killed_by":"Lagavulin","ascension_level":3,"is_humility":true}}