{"host":"xkyjkr020mio9edy","time":1612078755,"event":{"mods":["AchievementEnabler","BaseMod","Block Reminder","Clockwork Mod","Colored Map","Colored Powertips","DNKmod","DeckTracker","Downfall","Friendly Minions","Glutton Mod","Gold Saver","Hubris","Minty Spire (QoL Compilation)","Permanent Neow","Quick Restart","Rare Cards Sparkle","Relic Filter Mod","Replay The Spire","StSLib","The Blue Laboratory","The Bug Knight","The Jungle","The Necromancer","TheHeartMod","Wandering Minibosses"],"gold_per_floor":[10016,10016,10031,10106,9529,9557,9567,9206,9206,9219,8505,8505,8518,8618,8618,8716,8716,8734,8745,8745,8767,8134,8134,8154,8165,8191,8201,8216,7565,7591,7603,7603,7700,7700,7712,7728,7728,7742,7224,7251,7251,7266,7266,6612,6647,6663,6320,6338,6338,6338,6338,6338,5819,5845,5845],"floor_reached":56,"language":"ENG","playtime":1861,"items_purged":["hexamod:Float+1","ReplayTheSpireMod:Doomed","Hallucinations"],"score":1558,"play_id":"7c7d603b-4f9f-410f-9761-afbf625ce626","local_time":"20210131023915","is_ascension_mode":false,"campfire_choices":[{"floor":12,"key":"RECALL"},{"data":"hexamod:RainOfEmbers","floor":15,"key":"SMITH"},{"data":"Epidemic","floor":23,"key":"SMITH"},{"floor":32,"key":"REST"},{"data":"hexamod:Sear","floor":41,"key":"SMITH"},{"data":"hexamod:Firestarter","floor":49,"key":"SMITH"},{"data":"hexamod:SuperheatedStrike","floor":52,"key":"SMITH"}],"circlet_count":0,"master_deck":["hexamod:Sear+1","hexamod:Firestarter+1","hexamod:SuperheatedStrike+1","Panache+1","hexamod:RainOfEmbers+1","hexamod:VolcanoVisage+1","hexamod:RainOfEmbers+1","hexamod:ParanormalForm+1","Swift Strike+1","ReplayUltimateDefense+1","downfall:Aged","hubris:Lust","hexamod:TimeOfNeed+1","Summon_Death_Knight+1","hexamod:RadiantFlame+1","Acid_Javelin","Epidemic+1","hexamod:EmpoweredFlame+1","Negative_Energy_Shield","Regret","hexamod:ExtraCrispy","hexamod:RadiantFlame+1","hexamod:Incineration+1","hexamod:UnlimitedPower+1","Death_Knell","hexamod:ApocalypticArmor+1","hexamod:FlamesFromBeyond","hexamod:Again","hexamod:DynamicBlow","hexamod:VolcanoVisage+1","hexamod:GhostflameInferno+1","hexamod:EtherealExpedition","hexamod:BurningTouch","hexamod:EmpoweredFlame","hexamod:ShieldOfDarkness","hexamod:HeatMetal","hexamod:HeatCrush+1","Hallucinations","Hallucinations"],"relics":["hexamod:SpiritBrand","hubris:Potato","hubris:Towel","hubris:SlimyHat","Golden Egg","hubris:DisguiseKit","HollowMod:StagPassRelic","Replay:Baseball","Art of War","Lee\u0027s Waffle","downfall:ExtraCursedKey","Runic Dome","ReplayTheSpireMod:TigerMarble","Matryoshka","Guide Book","hexamod:TheBrokenSeal","hexamod:CandleOfCauterizing","War Paint","wanderingMiniBosses:OtherGremlinHorn","hubris:GlazedTorus","Dream Catcher","BargainBundle","hubris:PeanutButter","Pandora\u0027s Box","Replay:Wax Seal","CaptainsWheel","Sling","hubris:TenFootPole","PreservedInsect","Du-Vu Doll","Darkstone Periapt","Ornamental Fan","hexamod:RecyclingMachine","Bottled Flame","Onion Ring","Blood Vial","Mirror","Guardian:PocketSentry"],"acts_visited":["Exordium","Exordium","TheBeyond","TheEnding"],"potions_floor_usage":[],"damage_taken":[{"damage":0,"enemies":"Jaw Worm","floor":1,"turns":3},{"damage":0,"enemies":"Small Slimes","floor":3,"turns":3},{"damage":1,"enemies":"HollowMod:MossKnight","floor":6,"turns":4},{"damage":0,"enemies":"2 Louse","floor":7,"turns":1},{"damage":0,"enemies":"Lots of Slimes","floor":10,"turns":1},{"damage":0,"enemies":"Gremlin Gang","floor":13,"turns":2},{"damage":0,"enemies":"Hexaghost","floor":16,"turns":2},{"damage":0,"enemies":"theJungle:5_Spyders","floor":18,"turns":3},{"damage":1,"enemies":"theJungle:MUSHROOMGANG","floor":19,"turns":2},{"damage":0,"enemies":"theJungle:JungleHuntersEncounter","floor":21,"turns":3},{"damage":18,"enemies":"theJungle:Lyon","floor":24,"turns":8},{"damage":0,"enemies":"theJungle:2_Flameangoes","floor":25,"turns":1},{"damage":10,"enemies":"theJungle:JungleHuntersEncounter","floor":27,"turns":3},{"damage":7,"enemies":"theJungle:Snecko_Cultist_And_Trap","floor":28,"turns":4},{"damage":0,"enemies":"theJungle:2_Phrogs","floor":30,"turns":3},{"damage":0,"enemies":"theJungle:SlimyTreeVines","floor":31,"turns":1},{"damage":12,"enemies":"theJungle:TotemBoss","floor":33,"turns":6},{"damage":0,"enemies":"3 Shapes","floor":35,"turns":1},{"damage":0,"enemies":"3 Darklings","floor":36,"turns":1},{"damage":0,"enemies":"4 Shapes","floor":38,"turns":2},{"damage":0,"enemies":"HollowMod:StalkingDevout","floor":40,"turns":2},{"damage":2,"enemies":"Writhing Mass","floor":42,"turns":3},{"damage":0,"enemies":"Nemesis","floor":45,"turns":2},{"damage":0,"enemies":"Spire Growth","floor":46,"turns":1},{"damage":0,"enemies":"4 Shapes","floor":48,"turns":1},{"damage":0,"enemies":"hubris:GrandSnecko","floor":50,"turns":1},{"damage":0,"enemies":"Shield and Spear","floor":54,"turns":1},{"damage":1,"enemies":"The Heart","floor":55,"turns":3}],"seed_played":"-4958947991531084537","potions_obtained":[{"floor":1,"key":"DuplicationPotion"},{"floor":7,"key":"Dexterity Potion"},{"floor":10,"key":"Venom Potion"},{"floor":36,"key":"hexamod:SoulburnPotion"}],"is_trial":false,"path_per_floor":["M","?","M","?","$","E","M","$","T","M","$","R","M","?","R","B",null,"M","M","?","M","$","R","M","M","T","M","M","$","E","M","R","B",null,"M","M","?","M","$","E","R","M","T","$","E","M","$","M","R","B",null,"R","$","E","B",null],"character_chosen":"THE_SPIRIT","items_purchased":["hubris:SlimyHat","Panache","Golden Egg","HollowMod:StagPassRelic","hexamod:ThirdSeal","hexamod:RainOfEmbers","Replay:Baseball","Swift Strike","ReplayUltimateDefense","Art of War","Lee\u0027s Waffle","hexamod:EmpoweredFlame","ReplayTheSpireMod:TigerMarble","Matryoshka","Guide Book","hubris:GlazedTorus","Dream Catcher","BargainBundle","hexamod:RadiantFlame","hexamod:Incineration","Replay:Wax Seal","CaptainsWheel","Sling","Darkstone Periapt","Ornamental Fan","hexamod:RecyclingMachine","Onion Ring","Blood Vial","Mirror"],"campfire_rested":1,"item_purchase_floors":[5,5,5,8,8,8,11,11,11,11,11,22,22,22,22,29,29,29,29,29,39,39,39,44,44,44,47,53,53],"current_hp_per_floor":[1000,1000,1000,989,989,988,988,988,988,988,1007,1007,1007,1012,1012,1012,1012,1012,1011,1011,1011,1011,1011,1015,1015,1015,1005,998,998,998,998,1022,1010,1022,1022,1022,1022,1022,1022,1022,1022,1020,1020,1020,1020,1020,1020,1020,1020,1020,1022,1022,1022,1022,1021],"gold":5845,"neow_bonus":"ONE_RARE_RELIC","is_daily":false,"chose_seed":false,"campfire_upgraded":5,"win_rate":0.0,"timestamp":1612078755,"path_taken":["M","?","M","?","?","E","M","$","T","M","$","R","M","?","R","BOSS","M","M","?","M","$","R","?","M","T","M","M","$","E","M","R","BOSS","M","?","?","M","$","E","R","M","T","?","E","M","$","?","R","BOSS","R","$","E","BOSS"],"items_purchased_type":["Relic","Card","Relic","Relic","Card","Card","Relic","Card","Card","Relic","Relic","Card","Relic","Relic","Relic","Relic","Relic","Relic","Card","Card","Relic","Relic","Relic","Relic","Relic","Relic","Relic","Relic","Relic"],"build_version":"2020-12-22","purchased_purges":3,"victory":true,"max_hp_per_floor":[1000,1000,1000,1000,1000,1000,1000,1000,1000,1000,1007,1007,1007,1012,1012,1012,1012,1012,1012,1012,1012,1012,1012,1022,1022,1022,1022,1022,1022,1022,1022,1022,1022,1022,1022,1022,1022,1022,1022,1022,1022,1022,1022,1022,1022,1022,1022,1022,1022,1022,1022,1022,1022,1022,1022],"card_choices":[{"not_picked":["hexamod:GhostShield","hexamod:SwordOfDarkness"],"picked":"hexamod:Firestarter","floor":1},{"not_picked":["hexamod:SkipABeat","hexamod:SwordOfDarkness"],"picked":"hexamod:SuperheatedStrike","floor":3},{"not_picked":["hexamod:Hexaguard","hexamod:BacktrackSmack"],"picked":"hexamod:RainOfEmbers","floor":6},{"not_picked":["hexamod:SoulSteal","hexamod:SuperheatedStrike","Chill_Blood"],"picked":"hexamod:VolcanoVisage","floor":7},{"not_picked":["hexamod:SpectersWail","hexamod:ShieldOfDarkness","Negative_Energy_Javelin"],"picked":"hexamod:ParanormalForm","floor":10},{"not_picked":["hexamod:AdvancingGuard","hexamod:ThermalTransfer","hexamod:HeatMetal","Blood_Curse"],"picked":"SKIP","floor":13},{"not_picked":["hexamod:GhostflameInferno","hexamod:ParanormalForm","hexamod:ApocalypseNow"],"picked":"Summon_Death_Knight","floor":16},{"not_picked":["hexamod:WildfireWeapon","hexamod:TimeWarp","Negative_Energy_Bomb"],"picked":"hexamod:FifthSeal","floor":16},{"not_picked":["hexamod:ThirdSeal","hexamod:FourthSeal"],"picked":"hexamod:SecondSeal","floor":18},{"not_picked":["hexamod:SpectersWail","hexamod:InspiringFlames+1","Death_March_Dance"],"picked":"hexamod:RadiantFlame","floor":18},{"not_picked":["hexamod:ThirdSeal","hexamod:SecondSeal"],"picked":"hexamod:FirstSeal","floor":19},{"not_picked":["hexamod:HeatMetal","hexamod:GhostShield+1","hexamod:ThermalTransfer"],"picked":"Acid_Javelin","floor":19},{"not_picked":["hexamod:FirstSeal","hexamod:SecondSeal"],"picked":"hexamod:SixthSeal","floor":21},{"not_picked":["hexamod:HeatMetal","hexamod:ThirdSeal","hexamod:SuperheatedStrike"],"picked":"Epidemic","floor":21},{"not_picked":["hexamod:RetreatToShadows","hexamod:InspiringFlames","Thousand_Bone_Knives"],"picked":"hexamod:FourthSeal","floor":21},{"not_picked":["hexamod:NightmareStrike","hexamod:Firestarter+1","hexamod:SwordOfDarkness"],"picked":"Negative_Energy_Shield","floor":24},{"not_picked":["hexamod:NightmareGuise","hexamod:BacktrackSmack","hexamod:ShieldOfDarkness","Shackles_Of_Pain"],"picked":"SKIP","floor":25},{"not_picked":["hexamod:TurnItUp","hexamod:SpectersWail+1","hexamod:AdvancingGuard+1","Shackles_Of_Pain"],"picked":"SKIP","floor":27},{"not_picked":["hexamod:GhostflameBarrier+1","hexamod:RetreatToShadows","Bone_Shift"],"picked":"hexamod:ExtraCrispy","floor":28},{"not_picked":["hexamod:ThermalTransfer+1","hexamod:Incineration","Uncharnel"],"picked":"hexamod:UnlimitedPower","floor":30},{"not_picked":["hexamod:GhostShield","hexamod:FastForward","hexamod:Firestarter+1","Toxic_Smoke_Screen"],"picked":"SKIP","floor":31},{"not_picked":["hexamod:NightmareStrike","hexamod:FlamesFromBeyond+1","hexamod:SwordOfDarkness"],"picked":"Death_Knell","floor":32},{"not_picked":["hexamod:FlameSwitch","hexamod:TimeWarp","Blood_Wake"],"picked":"hexamod:ApocalypticArmor","floor":33},{"not_picked":["hexamod:Haunt+1","hexamod:GhostLash+1","hexamod:SuperheatedStrike","Negative_Energy_Mist"],"picked":"SKIP","floor":35},{"not_picked":["hexamod:CatchUp+1","hexamod:NightmareStrike+1","hexamod:PhantomFireball","Negative_Energy_Mist"],"picked":"SKIP","floor":36},{"not_picked":["hexamod:GhostflameBarrier","hexamod:TurnItUp","hexamod:SkipABeat","Scare"],"picked":"SKIP","floor":38},{"not_picked":["hexamod:SuperheatedStrike","hexamod:FastForward+1","hexamod:HauntingEcho","Chill_Blood"],"picked":"SKIP","floor":40},{"not_picked":["hexamod:ShieldOfDarkness+1","hexamod:AdvancingGuard+1","Bone_Armor"],"picked":"hexamod:HeatCrush+1","floor":42},{"not_picked":["hexamod:RecurringNightmare+1","hexamod:ShieldOfDarkness","hexamod:FirstSeal","Blood_Magic"],"picked":"SKIP","floor":45},{"not_picked":["hexamod:SwordOfDarkness+1","hexamod:Hexaguard+1","hexamod:NightmareGuise+1","Toxic_Smoke_Screen"],"picked":"SKIP","floor":46},{"not_picked":["hexamod:DynamicBlow","hexamod:GhostLash","hexamod:Toasty","Negative_Energy_Mist"],"picked":"SKIP","floor":48},{"not_picked":["hexamod:NightmareGuise+1","hexamod:NightmareStrike+1","hexamod:FifthSeal","Negative_Energy_Burst"],"picked":"SKIP","floor":54}],"player_experience":153108,"relics_obtained":[{"floor":6,"key":"hubris:DisguiseKit"},{"floor":26,"key":"hexamod:CandleOfCauterizing"},{"floor":26,"key":"War Paint"},{"floor":27,"key":"wanderingMiniBosses:OtherGremlinHorn"},{"floor":30,"key":"hubris:PeanutButter"},{"floor":40,"key":"hubris:TenFootPole"},{"floor":43,"key":"PreservedInsect"},{"floor":43,"key":"Du-Vu Doll"},{"floor":45,"key":"Bottled Flame"},{"floor":54,"key":"Guardian:PocketSentry"}],"event_choices":[{"damage_healed":0,"gold_gain":75,"player_choice":"Gather Gold","damage_taken":11,"max_hp_gain":0,"max_hp_loss":0,"event_name":"World of Goop","floor":4,"gold_loss":0},{"damage_healed":0,"gold_gain":0,"player_choice":"Bought 0 Potions","damage_taken":0,"max_hp_gain":0,"max_hp_loss":0,"event_name":"The Woman in Blue","floor":20,"gold_loss":0},{"damage_healed":0,"gold_gain":0,"player_choice":"Ignored","damage_taken":0,"max_hp_gain":0,"max_hp_loss":0,"event_name":"Tomb of Lord Red Mask","floor":37,"gold_loss":0}],"is_beta":false,"boss_relics":[{"not_picked":["Replay:Fungal Core","ReplayTheSpireMod:DimensionalGlitch"],"picked":"Runic Dome"},{"not_picked":["Coffee Dripper","Velvet Choker"],"picked":"Pandora\u0027s Box"}],"items_purged_floors":[39,47,53],"is_endless":false,"potions_floor_spawned":[1,7,10,21,27,30,36,40,42,54],"ascension_level":0}}