{"host":"dw8189mw8rzr4e13","time":1612098684,"event":{"mods":["Act Like it!","BaseMod","Better Vampires","Colored Powertips","Minty Spire (QoL Compilation)","Rare Cards Sparkle","StSLib"],"gold_per_floor":[117,130,15,31,31,61,78,78,78,96,111,137,137,164,164,164,164],"floor_reached":16,"language":"ZHS","playtime":784,"items_purged":["Strike_G"],"score":153,"play_id":"9a155766-3a36-4c34-96c3-6732d4d4150f","local_time":"20210131211124","is_ascension_mode":true,"campfire_choices":[{"data":"Terror","floor":13,"key":"SMITH"},{"data":"Leg Sweep","floor":15,"key":"SMITH"}],"circlet_count":0,"master_deck":["Strike_G","Strike_G","Strike_G","Strike_G","Defend_G","Defend_G","Defend_G","Defend_G","Defend_G","Survivor","Neutralize+1","Terror+1","Riddle With Holes","Accuracy","Leg Sweep+1","Flying Knee","Backflip"],"relics":["Ring of the Snake","NeowsBlessing","Darkstone Periapt","Meat on the Bone","Tiny Chest","Bag of Preparation"],"acts_visited":["Exordium"],"potions_floor_usage":[12,16,16],"damage_taken":[{"damage":0,"enemies":"Cultist","floor":1,"turns":1},{"damage":0,"enemies":"2 Louse","floor":2,"turns":1},{"damage":0,"enemies":"Small Slimes","floor":4,"turns":1},{"damage":42,"enemies":"3 Sentries","floor":6,"turns":12},{"damage":0,"enemies":"2 Fungi Beasts","floor":7,"turns":5},{"damage":3,"enemies":"Large Slime","floor":10,"turns":6},{"damage":8,"enemies":"3 Louse","floor":11,"turns":8},{"damage":4,"enemies":"Lagavulin","floor":12,"turns":7},{"damage":24,"enemies":"3 Sentries","floor":14,"turns":12},{"damage":30,"enemies":"Slime Boss","floor":16,"turns":14}],"seed_played":"-2397199302962539057","potions_obtained":[{"floor":2,"key":"SteroidPotion"},{"floor":11,"key":"Dexterity Potion"},{"floor":14,"key":"DuplicationPotion"}],"is_trial":false,"path_per_floor":["M","M","$","M","$","E","M","?","T","M","M","E","R","E","R","B"],"character_chosen":"THE_SILENT","items_purchased":["Accuracy"],"campfire_rested":0,"item_purchase_floors":[3],"current_hp_per_floor":[70,70,70,70,70,28,28,28,28,37,41,37,37,25,25,0,0],"gold":164,"neow_bonus":"THREE_ENEMY_KILL","is_daily":false,"chose_seed":false,"campfire_upgraded":2,"win_rate":0.0,"timestamp":1612098684,"path_taken":["M","M","$","M","?","E","?","?","T","M","M","E","R","E","R","BOSS"],"items_purchased_type":["Card"],"build_version":"2020-12-22","purchased_purges":1,"victory":false,"max_hp_per_floor":[70,70,70,70,70,70,70,70,70,70,70,70,70,70,70,70,70],"card_choices":[{"not_picked":["Dagger Throw","Underhanded Strike"],"picked":"Terror","floor":1},{"not_picked":["Quick Slash","Backflip"],"picked":"Riddle With Holes","floor":2},{"not_picked":["Poisoned Stab","Sucker Punch","Quick Slash"],"picked":"SKIP","floor":4},{"not_picked":["Wraith Form v2","Tools of the Trade"],"picked":"Leg Sweep","floor":6},{"not_picked":["Endless Agony","Dash"],"picked":"Flying Knee","floor":7},{"not_picked":["Dagger Throw","Prepared","Expertise"],"picked":"SKIP","floor":10},{"not_picked":["Well Laid Plans","Tactician"],"picked":"Backflip","floor":11},{"not_picked":["Slice","Expertise","Finisher"],"picked":"SKIP","floor":12},{"not_picked":["Underhanded Strike","Slice","Terror"],"picked":"SKIP","floor":14}],"player_experience":594227,"relics_obtained":[{"floor":6,"key":"Darkstone Periapt"},{"floor":9,"key":"Meat on the Bone"},{"floor":12,"key":"Tiny Chest"},{"floor":14,"key":"Bag of Preparation"}],"event_choices":[{"damage_healed":0,"gold_gain":0,"player_choice":"Grow","damage_taken":0,"max_hp_gain":0,"max_hp_loss":0,"event_name":"Living Wall","floor":8,"gold_loss":0,"cards_upgraded":["Neutralize"]}],"is_beta":false,"boss_relics":[],"items_purged_floors":[3],"is_endless":false,"potions_floor_spawned":[2,11,14],"killed_by":"Slime Boss","ascension_level":5}}