{"host":"7gewg82ormp6yt4e","time":1612095900,"event":{"mods":["BaseMod","Block Reminder","Colored Map","DeckTracker","Highlight Path","Minty Spire (QoL Compilation)","Relic Stats","StSLib","ojb\u0027s Info Mod"],"gold_per_floor":[119,119,44,57,72,72,105,119,119,154,226,26,26,51,51,124,124,138,138,138,149,149,149,183,183,183,183,30,30,62,73,73,150,150,166,177,228,228,1227,1227,1554,1554,1554,1582,1582,1582,1595,1615,1615,1615,1615,1615],"floor_reached":51,"language":"JPN","playtime":3585,"items_purged":["Pain"],"score":1714,"play_id":"fc5008e9-2c65-4b9c-af63-69215ea03ee0","local_time":"20210131212500","is_ascension_mode":true,"campfire_choices":[{"data":"BowlingBash","floor":6,"key":"SMITH"},{"data":"Judgement","floor":13,"key":"SMITH"},{"data":"Eruption","floor":15,"key":"SMITH"},{"data":"RitualDagger","floor":23,"key":"SMITH"},{"data":"Vigilance","floor":25,"key":"SMITH"},{"data":"ThirdEye","floor":27,"key":"SMITH"},{"data":"WheelKick","floor":32,"key":"SMITH"},{"data":"Omniscience","floor":40,"key":"SMITH"},{"floor":42,"key":"RECALL"},{"data":"Wallop","floor":49,"key":"SMITH"}],"circlet_count":0,"master_deck":["AscendersBane","Defend_P","Defend_P","Defend_P","Defend_P","Eruption+1","Vigilance+1","FollowUp","BowlingBash+1","EmptyBody","Judgement+1","CutThroughFate","Indignation","ThirdEye+1","EmptyFist","Blasphemy","Necronomicurse","Bite","Bite","Bite","Bite","Bite","EmptyMind","RitualDagger+1","CutThroughFate+1","WheelKick+1","Adaptation","Meditate","Indignation","Omniscience+1","Wallop+1","Wallop","DevaForm","Wallop","FlurryOfBlows"],"relics":["PureWater","NeowsBlessing","WarpedTongs","White Beast Statue","The Courier","Shuriken","Membership Card","Strawberry","StoneCalendar","Runic Pyramid","Necronomicon","Orichalcum","Eternal Feather","Omamori","Ancient Tea Set","Runic Dome","CaptainsWheel","Old Coin","Question Card","Oddly Smooth Stone"],"acts_visited":["Exordium","TheCity","TheBeyond"],"potions_floor_usage":[16,24,24,30,47,50],"damage_taken":[{"damage":0,"enemies":"Jaw Worm","floor":1,"turns":1},{"damage":0,"enemies":"Cultist","floor":4,"turns":1},{"damage":0,"enemies":"Small Slimes","floor":5,"turns":1},{"damage":0,"enemies":"Gremlin Nob","floor":7,"turns":2},{"damage":0,"enemies":"Exordium Wildlife","floor":8,"turns":3},{"damage":20,"enemies":"Lagavulin","floor":10,"turns":6},{"damage":5,"enemies":"3 Sentries","floor":14,"turns":4},{"damage":0,"enemies":"Slime Boss","floor":16,"turns":3},{"damage":0,"enemies":"3 Byrds","floor":18,"turns":2},{"damage":6,"enemies":"2 Thieves","floor":21,"turns":3},{"damage":11,"enemies":"Slavers","floor":24,"turns":3},{"damage":14,"enemies":"Gremlin Leader","floor":30,"turns":4},{"damage":11,"enemies":"Centurion and Healer","floor":31,"turns":7},{"damage":24,"enemies":"Automaton","floor":33,"turns":6},{"damage":7,"enemies":"3 Darklings","floor":35,"turns":3},{"damage":0,"enemies":"3 Shapes","floor":36,"turns":2},{"damage":10,"enemies":"2 Orb Walkers","floor":37,"turns":3},{"damage":2,"enemies":"Giant Head","floor":41,"turns":6},{"damage":15,"enemies":"Nemesis","floor":44,"turns":3},{"damage":23,"enemies":"Jaw Worm Horde","floor":47,"turns":4},{"damage":24,"enemies":"Maw","floor":48,"turns":3},{"damage":59,"enemies":"Time Eater","floor":50,"turns":7},{"damage":18,"enemies":"Donu and Deca","floor":51,"turns":1}],"seed_played":"1039203393071521981","potions_obtained":[{"floor":1,"key":"Dexterity Potion"},{"floor":4,"key":"Ambrosia"},{"floor":10,"key":"PowerPotion"},{"floor":16,"key":"PowerPotion"},{"floor":21,"key":"FearPotion"},{"floor":24,"key":"FairyPotion"},{"floor":30,"key":"Swift Potion"},{"floor":31,"key":"DuplicationPotion"},{"floor":47,"key":"EssenceOfSteel"},{"floor":48,"key":"FairyPotion"}],"is_trial":false,"path_per_floor":["M","?","$","M","M","R","E","M","T","E","?","$","R","E","R","B",null,"M","?","?","M","?","R","E","R","T","R","$","T","E","M","R","B",null,"M","M","?","?","?","R","E","R","T","E","?","?","M","M","R","B","B"],"character_chosen":"WATCHER","items_purchased":["Membership Card","ThirdEye","Strawberry","WheelKick","Adaptation","Omamori","BlessingOfTheForge"],"campfire_rested":0,"item_purchase_floors":[12,12,12,28,28,28,28],"current_hp_per_floor":[61,61,61,61,61,61,61,61,61,41,41,48,48,43,43,43,67,67,46,46,46,40,40,34,34,34,49,49,49,46,52,52,34,48,50,50,44,44,44,52,51,52,52,37,37,37,19,16,37,11,0,0],"gold":1615,"neow_bonus":"THREE_ENEMY_KILL","is_daily":false,"chose_seed":false,"campfire_upgraded":9,"win_rate":0.0,"timestamp":1612095900,"path_taken":["M","?","$","M","?","R","E","M","T","E","?","?","R","E","R","BOSS","M","?","?","M","?","R","E","R","T","R","$","?","E","M","R","BOSS","M","M","?","?","?","R","E","R","T","E","?","?","M","M","R","BOSS","BOSS"],"items_purchased_type":["Relic","Card","Relic","Card","Card","Relic","Potion"],"build_version":"2020-12-22","purchased_purges":1,"victory":false,"max_hp_per_floor":[68,68,68,68,68,68,68,68,68,68,68,75,75,75,75,75,75,75,75,52,52,52,52,52,52,52,52,52,52,52,52,52,52,52,52,52,52,52,52,52,52,52,52,52,52,49,49,49,49,49,49,49],"relic_stats":{"counters":[23,78],"Shuriken":[41],"StoneCalendar":[0],"Eternal Feather":45,"Necronomicon":[21],"Orichalcum":[60],"Question Card":3,"obtain_stats":[{"NeowsBlessing":0,"Oddly Smooth Stone":44,"StoneCalendar":14,"Eternal Feather":26,"The Courier":9,"Omamori":28,"Orichalcum":24,"Ancient Tea Set":30,"Question Card":43,"White Beast Statue":7,"WarpedTongs":2,"Old Coin":41,"Runic Dome":34,"CaptainsWheel":37,"Shuriken":10,"Strawberry":12,"Necronomicon":19,"Membership Card":12,"PureWater":0,"Runic Pyramid":17},{"NeowsBlessing":0,"Oddly Smooth Stone":19,"StoneCalendar":7,"Eternal Feather":11,"The Courier":5,"Omamori":11,"Orichalcum":11,"Ancient Tea Set":12,"Question Card":18,"White Beast Statue":4,"WarpedTongs":1,"Old Coin":18,"Runic Dome":14,"CaptainsWheel":17,"Shuriken":6,"Strawberry":6,"Necronomicon":9,"Membership Card":6,"PureWater":0,"Runic Pyramid":8},{"NeowsBlessing":0,"Oddly Smooth Stone":63,"StoneCalendar":18,"Eternal Feather":29,"The Courier":8,"Omamori":29,"Orichalcum":29,"Ancient Tea Set":33,"Question Card":60,"White Beast Statue":5,"WarpedTongs":1,"Old Coin":60,"Runic Dome":46,"CaptainsWheel":54,"Shuriken":14,"Strawberry":14,"Necronomicon":23,"Membership Card":14,"PureWater":0,"Runic Pyramid":21}],"WarpedTongs":[77]},"card_choices":[{"not_picked":["Evaluate","Crescendo"],"picked":"FollowUp","floor":1},{"not_picked":["Study","EmptyFist"],"picked":"BowlingBash","floor":4},{"not_picked":["Prostrate","PathToVictory"],"picked":"EmptyBody","floor":5},{"not_picked":["Perseverance","EmptyBody"],"picked":"Judgement","floor":7},{"not_picked":["Protect","Indignation"],"picked":"CutThroughFate","floor":8},{"not_picked":["FlurryOfBlows","Wireheading"],"picked":"Indignation","floor":10},{"not_picked":["Study","Protect"],"picked":"EmptyFist","floor":14},{"not_picked":["Brilliance","ConjureBlade"],"picked":"Blasphemy","floor":16},{"not_picked":["EmptyBody","Protect"],"picked":"Consecrate","floor":18},{"not_picked":["FollowUp","JustLucky"],"picked":"EmptyMind","floor":21},{"not_picked":["Consecrate","CrushJoints"],"picked":"CutThroughFate+1","floor":24},{"not_picked":["EmptyFist","DeusExMachina"],"picked":"Meditate","floor":30},{"not_picked":["ForeignInfluence","Vengeance"],"picked":"Indignation","floor":31},{"not_picked":["DeusExMachina","Scrawl"],"picked":"Omniscience","floor":33},{"not_picked":["Swivel+1","WheelKick"],"picked":"Wallop","floor":35},{"not_picked":["ClearTheMind","Fasting2"],"picked":"Wallop","floor":36},{"not_picked":["ForeignInfluence+1","JustLucky"],"picked":"DevaForm","floor":41},{"not_picked":["EmptyFist","Consecrate","BowlingBash","Adaptation+1"],"picked":"SKIP","floor":44},{"not_picked":["EmptyBody","PathToVictory","FlurryOfBlows"],"picked":"Wallop","floor":47},{"not_picked":["ThirdEye","Halt","FlyingSleeves"],"picked":"FlurryOfBlows","floor":48}],"player_experience":2726851,"relics_obtained":[{"floor":7,"key":"White Beast Statue"},{"floor":9,"key":"The Courier"},{"floor":10,"key":"Shuriken"},{"floor":14,"key":"StoneCalendar"},{"floor":19,"key":"Necronomicon"},{"floor":24,"key":"Orichalcum"},{"floor":26,"key":"Eternal Feather"},{"floor":30,"key":"Ancient Tea Set"},{"floor":37,"key":"CaptainsWheel"},{"floor":41,"key":"Old Coin"},{"floor":43,"key":"Question Card"},{"floor":44,"key":"Oddly Smooth Stone"}],"event_choices":[{"damage_healed":0,"gold_gain":0,"player_choice":"Rummage","damage_taken":0,"relics_obtained":["WarpedTongs"],"max_hp_gain":0,"max_hp_loss":0,"event_name":"Accursed Blacksmith","floor":2,"gold_loss":0,"cards_obtained":["Pain"]},{"damage_healed":0,"gold_gain":72,"player_choice":"Gained Gold","damage_taken":0,"max_hp_gain":0,"max_hp_loss":0,"event_name":"Golden Wing","floor":11,"gold_loss":0},{"damage_healed":0,"gold_gain":0,"player_choice":"Obtained Book","damage_taken":21,"max_hp_gain":0,"max_hp_loss":0,"event_name":"Cursed Tome","floor":19,"gold_loss":0},{"damage_healed":0,"gold_gain":0,"player_choice":"Became a vampire","damage_taken":0,"max_hp_gain":0,"max_hp_loss":23,"event_name":"Vampires","floor":20,"gold_loss":0,"cards_obtained":["Bite","Bite","Bite","Bite","Bite"]},{"damage_healed":0,"gold_gain":0,"player_choice":"Joined the Cult","damage_taken":6,"max_hp_gain":0,"max_hp_loss":0,"event_name":"Nest","floor":22,"gold_loss":0,"cards_obtained":["RitualDagger"]},{"damage_healed":0,"gold_gain":0,"player_choice":"Fight","damage_taken":0,"max_hp_gain":0,"max_hp_loss":0,"event_name":"Mysterious Sphere","floor":37,"gold_loss":0},{"cards_removed":["Consecrate"],"damage_healed":0,"gold_gain":0,"player_choice":"Removed Attack","damage_taken":0,"max_hp_gain":0,"max_hp_loss":0,"event_name":"Falling","floor":38,"gold_loss":0},{"damage_healed":0,"gold_gain":999,"player_choice":"Gold","damage_taken":0,"max_hp_gain":0,"max_hp_loss":0,"event_name":"MindBloom","floor":39,"gold_loss":0,"cards_obtained":["Normality","Normality"]},{"damage_healed":0,"gold_gain":0,"player_choice":"Ignored","damage_taken":0,"max_hp_gain":0,"max_hp_loss":0,"event_name":"Tomb of Lord Red Mask","floor":45,"gold_loss":0},{"damage_healed":0,"gold_gain":0,"player_choice":"Max HP","damage_taken":0,"max_hp_gain":0,"max_hp_loss":3,"event_name":"Winding Halls","floor":46,"gold_loss":0}],"is_beta":false,"boss_relics":[{"not_picked":["Ectoplasm","SlaversCollar"],"picked":"Runic Pyramid"},{"not_picked":["Philosopher\u0027s Stone","Velvet Choker"],"picked":"Runic Dome"}],"items_purged_floors":[3],"is_endless":false,"potions_floor_spawned":[1,4,5,8,10,14,16,18,21,24,30,31,33,35,36,37,41,44,47,48],"killed_by":"Donu and Deca","ascension_level":20}}