{"host":"0068lo8nqxkxlxxx","time":1612074958,"event":{"mods":["2.2 Compatiblity","AchievementEnabler","Act Like it!","Aspiration","BaseMod","Better Altar","Better Match","Better Note","Better Sensory Stone","Better Skull","Better Third Choice","BetterRewards","Colored Map","Elementarium","Energized Spire","Fox Events","Friendly Minions","GifTheSpireLib","Halation","Hubris","Infinite Spire","Jedi Mod","Minty Spire (QoL Compilation)","Pale of the Ancients","Potionbrewer","Replay The Spire","Shop Mod","Somnambulant","Spikes Relics","StSLib","Stuff the Spire","The Disciple","The Jungle","The Marked","The Sage","Trackpad"],"gold_per_floor":[110,110,135,36,36,36,69,69,116,132,150,150,162,195,195,300,300,316,343,357,372,55,55,81,21,21,38,38,58,58,74,141,141,141],"floor_reached":33,"language":"ENG","playtime":2119,"items_purged":["somnambulantmod: SomnambulantStrike"],"score":298,"play_id":"129bcc1e-668f-42b6-95d0-69f8190e49d8","local_time":"20210131013558","is_ascension_mode":false,"campfire_choices":[{"data":"somnambulantmod: DarkeningMind","floor":6,"key":"SMITH"},{"floor":8,"key":"REST"},{"floor":15,"key":"REST"},{"floor":23,"key":"REST"},{"floor":28,"key":"REST"}],"circlet_count":0,"master_deck":["somnambulantmod: SomnambulantStrike","somnambulantmod: SomnambulantStrike","somnambulantmod: SomnambulantStrike","somnambulantmod: Defend_Somnambulant","somnambulantmod: Defend_Somnambulant","somnambulantmod: Defend_Somnambulant","somnambulantmod: Defend_Somnambulant","somnambulantmod: Defend_Somnambulant","somnambulantmod: QuickNap+1","somnambulantmod: PrimingPunch","somnambulantmod: Trauma+1","StuffTheSpire:Recharge+1","somnambulantmod: DarkeningMind+1","somnambulantmod: Repression+1","somnambulantmod: LightSleeper","somnambulantmod: Remember","somnambulantmod: MindWave","somnambulantmod: Trauma","somnambulantmod: Narcolepsy","somnambulantmod: Unmake+1","Sickly","somnambulantmod: Repression","somnambulantmod: Repression+1","SwitchThreat","somnambulantmod: InLimbo","somnambulantmod: Repression","hubris:Envy","somnambulantmod: Bruise+1","ReplayTheSpireMod:Haul","somnambulantmod: Extract"],"relics":["somnambulantmod: DreamJournal","MerchantsRug","trackpad:WritersBlock","aspiration:AnachronicSnailShell","infinitespire:Beetle Shell","Smiling Mask","Replay:Grab Bag","Cursed Key","energizedSpire:RedRose","aspiration:RitualDagger","trackpad:AdjectivePendant","ReplayTheSpireMod:CursedCoin","StuffTheSpire:Wildfire","StuffTheSpire:MayFlowers","StuffTheSpire:ForceGauntlet"],"acts_visited":["Exordium","TheCity"],"potions_floor_usage":[7,16,16,21,24,24,31],"damage_taken":[{"damage":16,"enemies":"Jaw Worm","floor":1,"turns":9},{"damage":19,"enemies":"Replay:BlueRogue","floor":7,"turns":5},{"damage":1,"enemies":"Cultist","floor":10,"turns":4},{"damage":7,"enemies":"Small Slimes","floor":11,"turns":4},{"damage":11,"enemies":"Red Slaver","floor":13,"turns":5},{"damage":31,"enemies":"Lagavulin","floor":14,"turns":6},{"damage":1,"enemies":"Slime Boss","floor":16,"turns":8},{"damage":66,"enemies":"3 Byrds","floor":18,"turns":7},{"damage":19,"enemies":"Shell Parasite","floor":20,"turns":3},{"damage":28,"enemies":"Snake Plant","floor":21,"turns":5},{"damage":65,"enemies":"Nightmare","floor":24,"turns":7},{"damage":35,"enemies":"Snecko","floor":29,"turns":7},{"damage":46,"enemies":"Centurion and Healer","floor":31,"turns":9},{"damage":45,"enemies":"Pondfish","floor":33,"turns":5}],"seed_played":"-292177906998448541","potions_obtained":[{"floor":1,"key":"potionbrewer:FreezingPotion"},{"floor":10,"key":"potionbrewer:ToxicPotion"},{"floor":12,"key":"Milkshake"},{"floor":14,"key":"potionbrewer:InfectionPotion"},{"floor":16,"key":"SteroidPotion"},{"floor":18,"key":"Block Potion"},{"floor":21,"key":"SpeedPotion"},{"floor":24,"key":"potionbrewer:CleansingPotion"},{"floor":31,"key":"potionbrewer:DiscountPotion"}],"is_trial":false,"path_per_floor":["M","?","T","$","?","R","E","R","T","M","M","?","M","E","R","B",null,"M","T","M","M","$","R","NM","?","T","$","R","M","AVR","M","R_BF","B"],"character_chosen":"THE_SOMNAMBULANT","items_purchased":["hubris:AstralHammer","MerchantsRug","CultistPotion","Death Potion","ReplayTheSpireMod:CursedCoin","StuffTheSpire:Wildfire","somnambulantmod: InLimbo"],"campfire_rested":4,"item_purchase_floors":[0,0,4,22,22,22,22],"current_hp_per_floor":[47,70,70,70,70,70,51,72,72,71,64,64,53,22,45,44,74,8,8,73,55,55,76,33,33,33,33,57,42,42,31,31,0,0],"gold":141,"neow_bonus":"","is_daily":false,"chose_seed":false,"campfire_upgraded":1,"win_rate":0.0,"timestamp":1612074958,"path_taken":["M","?","?","$","?","R","E","R","T","?","?","?","M","E","R","BOSS","M","?","M","?","$","R","NM","?","T","?","R","?","AVR","M","R_BF","BOSS"],"items_purchased_type":["Relic","Relic","Potion","Potion","Relic","Relic","Card"],"build_version":"2020-12-22","purchased_purges":1,"victory":false,"max_hp_per_floor":[70,70,70,70,70,70,70,72,72,72,72,72,72,72,74,74,74,74,74,74,74,74,76,76,76,76,76,78,78,78,78,78,78,78],"card_choices":[{"not_picked":["somnambulantmod: Harden","somnambulantmod: BadIdea"],"picked":"somnambulantmod: DarkeningMind","floor":1},{"not_picked":["somnambulantmod: Mindlessness","somnambulantmod: Extract"],"picked":"somnambulantmod: Repression","floor":7},{"not_picked":["somnambulantmod: Withdraw","somnambulantmod: HappyThoughts"],"picked":"somnambulantmod: LightSleeper","floor":10},{"not_picked":["somnambulantmod: Bruise","somnambulantmod: Wake"],"picked":"somnambulantmod: Remember","floor":11},{"not_picked":["somnambulantmod: Trauma","somnambulantmod: Unmake"],"picked":"somnambulantmod: MindWave","floor":13},{"not_picked":["somnambulantmod: SickeningSwathe","somnambulantmod: HorrificThought"],"picked":"somnambulantmod: Trauma","floor":14},{"not_picked":["somnambulantmod: Amnausea","somnambulantmod: Lucidity"],"picked":"somnambulantmod: Narcolepsy","floor":16},{"not_picked":["somnambulantmod: Hush","somnambulantmod: TrepanningBlow","somnambulantmod: Unmake+1"],"picked":"SKIP","floor":18},{"not_picked":["somnambulantmod: Hush","somnambulantmod: TrepanningBlow"],"picked":"somnambulantmod: Unmake+1","floor":18},{"not_picked":["somnambulantmod: ShowerThought","somnambulantmod: BadIdea"],"picked":"somnambulantmod: Repression","floor":20},{"not_picked":["somnambulantmod: NightHaunts","somnambulantmod: Trauma"],"picked":"somnambulantmod: Repression+1","floor":21},{"not_picked":["somnambulantmod: LightSleeper","somnambulantmod: PourItOut+1"],"picked":"somnambulantmod: Repression","floor":24},{"not_picked":["somnambulantmod: Reject","somnambulantmod: Cower"],"picked":"somnambulantmod: Bruise+1","floor":29},{"not_picked":["somnambulantmod: Cower+1","somnambulantmod: Trauma+1"],"picked":"somnambulantmod: Extract","floor":31}],"player_experience":87018,"relics_obtained":[{"floor":3,"key":"trackpad:WritersBlock"},{"floor":7,"key":"aspiration:AnachronicSnailShell"},{"floor":9,"key":"infinitespire:Beetle Shell"},{"floor":14,"key":"Smiling Mask"},{"floor":19,"key":"trackpad:AdjectivePendant"},{"floor":24,"key":"StuffTheSpire:MayFlowers"},{"floor":26,"key":"StuffTheSpire:ForceGauntlet"}],"event_choices":[{"damage_healed":23,"gold_gain":0,"player_choice":"Banana","damage_taken":0,"max_hp_gain":0,"max_hp_loss":0,"event_name":"Big Fish","floor":2,"gold_loss":0},{"damage_healed":0,"gold_gain":0,"player_choice":"Ignored","damage_taken":0,"max_hp_gain":0,"max_hp_loss":0,"event_name":"Golden Idol","floor":5,"gold_loss":0},{"damage_healed":0,"gold_gain":0,"player_choice":"Got Potions","damage_taken":0,"max_hp_gain":0,"max_hp_loss":0,"event_name":"Lab","floor":12,"gold_loss":0},{"cards_removed":["somnambulantmod: SomnambulantStrike"],"damage_healed":0,"gold_gain":0,"player_choice":"Single Remove","damage_taken":0,"max_hp_gain":0,"max_hp_loss":0,"event_name":"Designer","floor":25,"gold_loss":60}],"is_beta":false,"boss_relics":[{"not_picked":["aspiration:PoetsPen_weak","energizedSpire:DeadBattery"],"picked":"Replay:Grab Bag"},{"not_picked":["jedi:paperlyon","Painkiller Herb"],"picked":"Cursed Key"},{"not_picked":["Philosopher\u0027s Stone","ReplayTheSpireMod:Onyx Gauntlets"],"picked":"energizedSpire:RedRose"},{"not_picked":["aspiration:SecretTechniqueScroll","ReplayTheSpireMod:SealedPack"],"picked":"aspiration:RitualDagger"}],"items_purged_floors":[22],"is_endless":false,"potions_floor_spawned":[1,10,14,16,18,21,24,31],"killed_by":"Pondfish","ascension_level":0}}