{"host":"xg4r5pv6chpuampg","time":1612093058,"event":{"mods":["AchievementEnabler","BaseMod","Googly Eyes","Minty Spire (QoL Compilation)"],"gold_per_floor":[111,131,131,131,131,131,144,144,144,144,163,184,34,34,34,157,157,175,175,193,193,214,214,214,214],"floor_reached":24,"language":"ENG","playtime":1399,"items_purged":[],"score":186,"play_id":"44e03fb6-9560-42ff-9056-968d8d07f7b5","local_time":"20210131143738","is_ascension_mode":false,"campfire_choices":[{"floor":6,"key":"REST"},{"floor":8,"key":"REST"},{"data":"Tactician","floor":10,"key":"SMITH"},{"data":"PiercingWail","floor":15,"key":"SMITH"},{"floor":23,"key":"REST"}],"circlet_count":0,"master_deck":["Strike_G","Strike_G+1","Strike_G","Strike_G+1","Strike_G","Defend_G","Defend_G","Defend_G","Defend_G","Defend_G","Survivor","Neutralize","PiercingWail+1","Tactician+1","Bane","Burst","Deadly Poison+1","RitualDagger","Deadly Poison","PiercingWail"],"relics":["Runic Pyramid","Golden Idol","Frozen Egg 2","MealTicket","Philosopher\u0027s Stone","MutagenicStrength"],"acts_visited":["Exordium","TheCity"],"potions_floor_usage":[16,16,16,24],"damage_taken":[{"damage":8,"enemies":"Small Slimes","floor":1,"turns":4},{"damage":14,"enemies":"Jaw Worm","floor":2,"turns":4},{"damage":2,"enemies":"2 Louse","floor":7,"turns":3},{"damage":2,"enemies":"Blue Slaver","floor":11,"turns":4},{"damage":0,"enemies":"Looter","floor":12,"turns":4},{"damage":10,"enemies":"The Guardian","floor":16,"turns":14},{"damage":25,"enemies":"Shell Parasite","floor":18,"turns":12},{"damage":4,"enemies":"Chosen","floor":20,"turns":5},{"damage":29,"enemies":"Snake Plant","floor":22,"turns":3},{"damage":32,"enemies":"Gremlin Leader","floor":24,"turns":5}],"seed_played":"-5979282941217509825","potions_obtained":[{"floor":1,"key":"FearPotion"},{"floor":2,"key":"LiquidMemories"},{"floor":12,"key":"PowerPotion"},{"floor":16,"key":"BlessingOfTheForge"},{"floor":20,"key":"Fruit Juice"}],"is_trial":false,"path_per_floor":["M","M","?","?","?","R","M","R","T","R","M","M","$","?","R","B",null,"M","?","M","?","M","R","E"],"character_chosen":"THE_SILENT","items_purchased":["MealTicket"],"campfire_rested":3,"item_purchase_floors":[13],"current_hp_per_floor":[62,48,31,17,17,38,36,57,57,57,55,55,55,55,55,45,70,45,39,35,35,6,27,0,0],"gold":214,"neow_bonus":"BOSS_RELIC","is_daily":false,"chose_seed":false,"campfire_upgraded":2,"win_rate":0.0,"timestamp":1612093058,"path_taken":["M","M","?","?","?","R","M","R","T","R","?","M","$","?","R","BOSS","M","?","M","?","M","R","E"],"items_purchased_type":["Relic"],"build_version":"2020-12-22","purchased_purges":0,"victory":false,"max_hp_per_floor":[70,70,70,70,70,70,70,70,70,70,70,70,70,70,70,70,70,70,70,70,70,70,70,75,75],"card_choices":[{"not_picked":["Noxious Fumes","Reflex","Dagger Throw"],"picked":"SKIP","floor":1},{"not_picked":["Dagger Throw","Calculated Gamble"],"picked":"PiercingWail","floor":2},{"not_picked":["Calculated Gamble","PiercingWail"],"picked":"Tactician","floor":7},{"not_picked":["Dodge and Roll","Dash"],"picked":"Bane","floor":11},{"not_picked":["Infinite Blades+1","Dodge and Roll","Heel Hook"],"picked":"SKIP","floor":12},{"not_picked":["Glass Knife","Doppelganger"],"picked":"Burst","floor":16},{"not_picked":["Terror","Sucker Punch+1"],"picked":"Deadly Poison+1","floor":18},{"not_picked":["Acrobatics","Leg Sweep"],"picked":"Deadly Poison","floor":20},{"not_picked":["Slice+1","Expertise+1"],"picked":"PiercingWail","floor":22}],"player_experience":13106,"relics_obtained":[{"floor":9,"key":"Frozen Egg 2"}],"event_choices":[{"damage_healed":0,"gold_gain":0,"player_choice":"Take Damage","damage_taken":17,"relics_obtained":["Golden Idol"],"max_hp_gain":0,"max_hp_loss":0,"event_name":"Golden Idol","floor":3,"gold_loss":0},{"damage_healed":0,"gold_gain":0,"player_choice":"Entered Light","damage_taken":14,"max_hp_gain":0,"max_hp_loss":0,"event_name":"Shining Light","floor":4,"gold_loss":0,"cards_upgraded":["Strike_G","Strike_G"]},{"damage_healed":0,"gold_gain":0,"player_choice":"Ignored","damage_taken":0,"max_hp_gain":0,"max_hp_loss":0,"event_name":"Golden Wing","floor":5,"gold_loss":0},{"damage_healed":0,"gold_gain":0,"player_choice":"Ignored","damage_taken":0,"max_hp_gain":0,"max_hp_loss":0,"event_name":"Liars Game","floor":14,"gold_loss":0},{"damage_healed":0,"gold_gain":0,"player_choice":"Joined the Cult","damage_taken":6,"max_hp_gain":0,"max_hp_loss":0,"event_name":"Nest","floor":19,"gold_loss":0,"cards_obtained":["RitualDagger"]},{"damage_healed":0,"gold_gain":0,"player_choice":"Inject Mutagens","damage_taken":0,"relics_obtained":["MutagenicStrength"],"max_hp_gain":0,"max_hp_loss":0,"event_name":"Drug Dealer","floor":21,"gold_loss":0}],"is_beta":false,"boss_relics":[{"not_picked":["HoveringKite","Coffee Dripper"],"picked":"Philosopher\u0027s Stone"}],"items_purged_floors":[],"is_endless":false,"potions_floor_spawned":[1,2,12,16,20],"killed_by":"Gremlin Leader","ascension_level":0}}