{"host":"hzswyuuwdl03wwzr","time":1612111984,"event":{"mods":["100% Spire Juice","ATMod(∞¢Ë™Mod)","AchievementEnabler","Act Like it!","BaseMod","Gensokyo","Hallownest","Marisa£®ÏF”Í°°ƒß¿Ì…≥£©","Minty Spire (QoL Compilation)","Prisma Mod","Reliquary","Remilia_Scarlet Moed£®¿Ÿ√◊¿Ú—«°§Àπø®¿◊Ãÿ£©3.3.5","Replay The Spire","StSLib","The Animator","The Bug Knight","The Cursed","The Servant 0.9.4","Warlord Emblem","Yakumo Yukari mod","Youmu£®ªÍ∆«—˝√Œ£©","°æπ¶ƒ‹Mod°øªÏ„Á÷Æª∑–ﬁ∏¥≤π∂°","°æ“≈ŒÔø®≈∆°øREMEMod"],"gold_per_floor":[113,113,128,155,155,155,171,101,155,80,80,80,80,99,99,201,201,220,237,237,237,237,237,237,237],"floor_reached":24,"language":"ZHS","playtime":861,"items_purged":["PrismaMod:MiyuCommonAttack"],"score":232,"play_id":"ece1f6c6-1ef7-474d-a464-c1d37d3787c0","local_time":"20210201005304","is_ascension_mode":false,"campfire_choices":[{"data":"PrismaMod:MiyuOrbIncreasePerm","floor":6,"key":"SMITH"},{"data":"PrismaMod:MiyuCheapChannelDefend","floor":13,"key":"SMITH"},{"data":"PrismaMod:MiyuUncommonStrBuff","floor":15,"key":"SMITH"},{"data":"PrismaMod:MiyuUncommonDefend","floor":23,"key":"SMITH"}],"circlet_count":0,"master_deck":["PrismaMod:MiyuCommonDefend+1","PrismaMod:MiyuCommonDefend+1","PrismaMod:MiyuCommonDefend+1","PrismaMod:MiyuCommonDefend+1","PrismaMod:MiyuCommonDefend+1","PrismaMod:MiyuCommonAttack+1","PrismaMod:MiyuCommonAttack+1","PrismaMod:MiyuCommonAttack+1","PrismaMod:MiyuCommonAttack+1","PrismaMod:MiyuCheapChannelAttack+1","PrismaMod:MiyuCheapChannelDefend+1","PrismaMod:MiyuUncommonDefend+1","PrismaMod:MiyuUncommonStrBuff+1","PrismaMod:MiyuOrbIncreasePerm+1","PrismaMod:MiyuOrbIncreasePerm+1","PrismaMod:MiyuUncommonDefend+1","PrismaMod:MiyuUberAttack+1"],"relics":["PrismaMod:PrismaSapphire","AT_ATBox","REME_ComplimentaryCards","Strawberry","Happy Flower","Philosopher\u0027s Stone"],"acts_visited":["Gensokyo:Gensokyo","TheCity"],"potions_floor_usage":[4,16,16,16,19,24,24],"damage_taken":[{"damage":0,"enemies":"Gensokyo:2_Kodama","floor":1,"turns":4},{"damage":0,"enemies":"Gensokyo:Python","floor":3,"turns":3},{"damage":5,"enemies":"Gensokyo:3_Fairies","floor":7,"turns":5},{"damage":4,"enemies":"Gensokyo:LivingMonolith","floor":14,"turns":5},{"damage":0,"enemies":"Gensokyo:Reimu","floor":16,"turns":21},{"damage":47,"enemies":"3 Byrds","floor":18,"turns":7},{"damage":0,"enemies":"Centurion and Healer","floor":19,"turns":10},{"damage":44,"enemies":"Gremlin Leader","floor":24,"turns":2}],"seed_played":"-7780606934365508102","potions_obtained":[{"floor":3,"key":"SmokeBomb"},{"floor":4,"key":"DistilledChaos"},{"floor":4,"key":"Fruit Juice"},{"floor":4,"key":"EntropicBrew"},{"floor":16,"key":"Block Potion"},{"floor":19,"key":"Death Potion"}],"is_trial":false,"path_per_floor":["M","?","M","?","?","R","M","?","T","$","COS","?","R","M","R","B",null,"M","M","?","?","$","R","E"],"character_chosen":"MIYU","items_purchased":[],"campfire_rested":0,"item_purchase_floors":[],"current_hp_per_floor":[75,72,72,45,45,45,40,40,40,40,40,40,40,36,36,36,87,40,40,40,40,40,40,0,0],"gold":237,"neow_bonus":"UPGRADE_CARD","is_daily":false,"chose_seed":false,"campfire_upgraded":4,"win_rate":0.0,"timestamp":1612111984,"path_taken":["M","?","M","?","?","R","?","?","T","?","COS","?","R","M","R","BOSS","M","M","?","?","$","R","E"],"items_purchased_type":[],"build_version":"2020-12-22","purchased_purges":1,"victory":false,"max_hp_per_floor":[75,82,82,87,87,87,87,87,87,87,87,87,87,87,87,87,87,87,87,87,87,87,87,87,87],"card_choices":[{"not_picked":["PrismaMod:MiyuCheapChannelVul","PrismaMod:MiyuEvokeBuffDex"],"picked":"PrismaMod:MiyuUncommonDefend","floor":1},{"not_picked":["PrismaMod:MiyuCheapStrBuff","PrismaMod:MiyuCheapChannelAttack"],"picked":"PrismaMod:MiyuUncommonStrBuff","floor":3},{"not_picked":["PrismaMod:MiyuCarnivalAttack","PrismaMod:MiyuUncommonPlate"],"picked":"PrismaMod:MiyuOrbIncreasePerm","floor":4},{"not_picked":["PrismaMod:MiyuUncommonAOEAttack","PrismaMod:MiyuCheapAttack2"],"picked":"PrismaMod:MiyuAttackChannelAttack","floor":7},{"not_picked":["PrismaMod:MiyuUncommonAOEAttack","PrismaMod:MiyuDefenseExplosion","PrismaMod:MiyuCheapChannelDefend"],"picked":"SKIP","floor":14},{"not_picked":["PrismaMod:MiyuCheapChannelVul","PrismaMod:MiyuEvokeCheapDefend"],"picked":"PrismaMod:MiyuUncommonDefend","floor":18},{"not_picked":["PrismaMod:MiyuCheapStrBuff+1","PrismaMod:MiyuUncommonAOEAttack+1"],"picked":"PrismaMod:MiyuUberAttack+1","floor":19}],"player_experience":35543,"relics_obtained":[],"event_choices":[{"damage_healed":0,"gold_gain":0,"player_choice":"Simplicity","damage_taken":0,"max_hp_gain":0,"max_hp_loss":0,"event_name":"Back to Basics","floor":20,"gold_loss":0,"cards_upgraded":["PrismaMod:MiyuCommonDefend","PrismaMod:MiyuCommonDefend","PrismaMod:MiyuCommonDefend","PrismaMod:MiyuCommonDefend","PrismaMod:MiyuCommonAttack","PrismaMod:MiyuCommonAttack","PrismaMod:MiyuCommonAttack","PrismaMod:MiyuCommonAttack"]}],"is_beta":false,"boss_relics":[{"not_picked":["ChewingGum","Busted Crown"],"picked":"Philosopher\u0027s Stone"}],"items_purged_floors":[10],"is_endless":false,"potions_floor_spawned":[3,14,16,19],"killed_by":"Gremlin Leader","ascension_level":0}}