{"host":"5x08nt64u3vxxcfi","time":1612081823,"event":{"mods":["BaseMod","Minty Spire (QoL Compilation)","StSLib","SuperFastMode"],"gold_per_floor":[409,428,51,51,72,72,93,93,93,93,132,0,19,40,40,40,40],"floor_reached":16,"language":"KOR","playtime":639,"items_purged":["Strike_G"],"score":189,"play_id":"ebb70136-bec2-49a2-91dc-3d5942aa42ca","local_time":"20210131173023","is_ascension_mode":true,"campfire_choices":[{"data":"Footwork","floor":6,"key":"SMITH"},{"data":"Neutralize","floor":15,"key":"SMITH"}],"circlet_count":0,"master_deck":["AscendersBane","Strike_G+1","Strike_G","Strike_G","Defend_G","Defend_G","Defend_G","Defend_G","Defend_G","Survivor","Neutralize+1","Cloak And Dagger","PiercingWail","Footwork+1","Backflip","Setup","Dagger Throw+1","Glass Knife","Blade Dance","Footwork+1","Prepared","Prepared"],"relics":["Ring of the Snake","Old Coin","Membership Card","Pen Nib","Lantern","Golden Idol","Matryoshka","Bag of Preparation","DollysMirror"],"acts_visited":["Exordium"],"potions_floor_usage":[11,11,16],"damage_taken":[{"damage":5,"enemies":"Small Slimes","floor":1,"turns":5},{"damage":0,"enemies":"2 Louse","floor":2,"turns":3},{"damage":0,"enemies":"Jaw Worm","floor":5,"turns":5},{"damage":0,"enemies":"3 Louse","floor":7,"turns":4},{"damage":10,"enemies":"Lagavulin","floor":11,"turns":7},{"damage":0,"enemies":"Exordium Wildlife","floor":13,"turns":6},{"damage":0,"enemies":"Lots of Slimes","floor":14,"turns":5},{"damage":11,"enemies":"Hexaghost","floor":16,"turns":16}],"seed_played":"-4446194840332037527","potions_obtained":[{"floor":1,"key":"BlessingOfTheForge"},{"floor":7,"key":"SteroidPotion"},{"floor":11,"key":"Fire Potion"}],"is_trial":false,"path_per_floor":["M","M","$","?","M","R","M","?","T","?","E","$","M","M","R","B"],"character_chosen":"THE_SILENT","items_purchased":["Membership Card","Footwork","Pen Nib","Lantern","Blade Dance","DollysMirror"],"campfire_rested":0,"item_purchase_floors":[3,3,3,3,12,12],"current_hp_per_floor":[39,39,39,39,39,39,39,39,39,21,11,11,11,11,11,0,0],"gold":40,"neow_bonus":"ONE_RARE_RELIC","is_daily":false,"chose_seed":false,"campfire_upgraded":2,"win_rate":0.0,"timestamp":1612081823,"path_taken":["M","M","$","?","M","R","M","?","T","?","E","$","M","M","R","BOSS"],"items_purchased_type":["Relic","Card","Relic","Relic","Card","Relic"],"build_version":"2020-12-22","purchased_purges":1,"victory":false,"max_hp_per_floor":[66,66,66,60,60,60,60,60,60,60,60,60,60,60,60,60,60],"card_choices":[{"not_picked":["All Out Attack","Deflect"],"picked":"Cloak And Dagger","floor":1},{"not_picked":["Masterful Stab","Deflect"],"picked":"PiercingWail","floor":2},{"not_picked":["Underhanded Strike","Bane"],"picked":"Backflip","floor":5},{"not_picked":["Bane","Outmaneuver"],"picked":"Setup","floor":7},{"not_picked":["Dagger Spray","Deadly Poison"],"picked":"Glass Knife","floor":11},{"not_picked":["Bane","Setup"],"picked":"Prepared","floor":13},{"not_picked":["Underhanded Strike","Eviscerate"],"picked":"Prepared","floor":14}],"player_experience":120529,"relics_obtained":[{"floor":9,"key":"Matryoshka"},{"floor":11,"key":"Bag of Preparation"}],"event_choices":[{"damage_healed":0,"gold_gain":0,"player_choice":"Lose Max HP","damage_taken":0,"relics_obtained":["Golden Idol"],"max_hp_gain":0,"max_hp_loss":6,"event_name":"Golden Idol","floor":4,"gold_loss":0},{"damage_healed":0,"gold_gain":0,"cards_transformed":["Strike_G"],"player_choice":"Change","damage_taken":0,"max_hp_gain":0,"max_hp_loss":0,"event_name":"Living Wall","floor":8,"gold_loss":0,"cards_obtained":["Dagger Throw"]},{"damage_healed":0,"gold_gain":0,"player_choice":"Entered Light","damage_taken":18,"max_hp_gain":0,"max_hp_loss":0,"event_name":"Shining Light","floor":10,"gold_loss":0,"cards_upgraded":["Strike_G","Dagger Throw"]}],"is_beta":false,"boss_relics":[],"items_purged_floors":[12],"is_endless":false,"potions_floor_spawned":[1,7,11],"killed_by":"Hexaghost","ascension_level":17}}