{"host":"1u5b8mzv927aru3b","time":1612080559,"event":{"mods":["AchievementEnabler","BaseMod","Colored Map","Colored Powertips","Downfall","GifTheSpireLib","Googly Eyes","Minty Spire (QoL Compilation)","Quick Restart","Relic Sorter","StSLib","The IronCluck","Unceasing Turn Reminder"],"gold_per_floor":[99,114,124,134,152,163,163,181,207,207,226,226,254,272,291,291,291,291],"floor_reached":16,"language":"ENG","playtime":637,"items_purged":[],"score":148,"play_id":"55f8fae9-bb6d-4cac-9851-3305535b04fb","local_time":"20210131120919","is_ascension_mode":true,"campfire_choices":[{"data":"Guardian:TwinSlam","floor":1,"key":"SMITH"},{"data":"Guardian:ShieldCharger","floor":10,"key":"SMITH"},{"data":"Guardian:TimeCapacitor","floor":12,"key":"SMITH"}],"circlet_count":0,"master_deck":["Guardian:Strike_Guardian","Guardian:Strike_Guardian","Guardian:Strike_Guardian","Guardian:Strike_Guardian","Guardian:Defend_Guardian","Guardian:Defend_Guardian","Guardian:Defend_Guardian","Guardian:Defend_Guardian","Guardian:CurlUp","Guardian:TwinSlam+1","Guardian:TemporalShield","Guardian:FuturePlans","Guardian:ShieldCharger+1","Guardian:TimeBomb","Guardian:FastForward","Guardian:TimeCapacitor+1","Guardian:Gem_Purple","Guardian:StasisStrike","Guardian:Clone"],"relics":["Runic Dome","White Beast Statue","Eternal Feather","Mercury Hourglass"],"acts_visited":["Exordium"],"potions_floor_usage":[5,8,9,13,13,16,16,16],"damage_taken":[{"damage":0,"enemies":"Cultist","floor":2,"turns":3},{"damage":0,"enemies":"Jaw Worm","floor":3,"turns":5},{"damage":4,"enemies":"2 Louse","floor":4,"turns":2},{"damage":2,"enemies":"Exordium Wildlife","floor":5,"turns":7},{"damage":31,"enemies":"Lots of Slimes","floor":6,"turns":5},{"damage":8,"enemies":"Blue Slaver","floor":8,"turns":3},{"damage":2,"enemies":"Lagavulin","floor":9,"turns":7},{"damage":12,"enemies":"2 Fungi Beasts","floor":11,"turns":4},{"damage":14,"enemies":"Gremlin Nob","floor":13,"turns":4},{"damage":1,"enemies":"Red Slaver","floor":14,"turns":5},{"damage":17,"enemies":"Gremlin Gang","floor":15,"turns":4},{"damage":10,"enemies":"IC_STATUS_ARCHETYPE","floor":16,"turns":2}],"seed_played":"-4987017470841958596","potions_obtained":[{"floor":3,"key":"LiquidBronze"},{"floor":6,"key":"FearPotion"},{"floor":8,"key":"AttackPotion"},{"floor":9,"key":"champ:CounterPotion"},{"floor":11,"key":"SteroidPotion"},{"floor":13,"key":"BlessingOfTheForge"},{"floor":14,"key":"DistilledChaos"},{"floor":15,"key":"AttackPotion"}],"is_trial":false,"path_per_floor":["R","M","M","M","M","M","T","M","E","R","M","R","E","M","M","B"],"character_chosen":"GUARDIAN","items_purchased":[],"campfire_rested":0,"item_purchase_floors":[],"current_hp_per_floor":[80,80,80,76,74,43,43,35,33,42,30,39,25,24,7,0,0,0],"gold":291,"neow_bonus":"BOSS_RELIC","is_daily":false,"chose_seed":false,"campfire_upgraded":3,"win_rate":0.0,"timestamp":1612080559,"path_taken":["R","M","M","M","M","M","T","M","E","R","M","R","E","M","M","BOSS"],"items_purchased_type":[],"build_version":"2020-12-22","purchased_purges":0,"victory":false,"max_hp_per_floor":[80,80,80,80,80,80,80,80,80,80,80,80,80,80,80,80,80,80],"card_choices":[{"not_picked":["Guardian:Gem_Green","Guardian:WalkerClaw"],"picked":"Guardian:TemporalShield","floor":2},{"not_picked":["Guardian:WalkerClaw","Guardian:Gem_Cyan"],"picked":"Guardian:FuturePlans","floor":3},{"not_picked":["Guardian:PiercingHide","Guardian:Gem_Red"],"picked":"Guardian:ShieldCharger","floor":4},{"not_picked":["Guardian:Reroute","Guardian:Gem_Lightblue"],"picked":"Guardian:TimeBomb","floor":5},{"not_picked":["Guardian:PrismaticBarrier","Guardian:VentSteam"],"picked":"Guardian:FastForward","floor":6},{"not_picked":["Guardian:Gem_Cyan","Guardian:VentSteam"],"picked":"Guardian:Gem_Purple","floor":8},{"not_picked":["Guardian:Gem_Lightblue","Guardian:Harden"],"picked":"Guardian:Gem_Cyan","floor":9},{"not_picked":["Guardian:VentSteam","Guardian:Gem_Green"],"picked":"Guardian:TimeCapacitor","floor":11},{"not_picked":["Guardian:Gem_Red","Guardian:ArmoredProtocol"],"picked":"Guardian:Gem_Purple","floor":13},{"not_picked":["Guardian:PrismaticBeam","Guardian:TimeBomb"],"picked":"Guardian:StasisStrike","floor":14},{"not_picked":["Guardian:BodySlam","Guardian:CrystalBeam"],"picked":"Guardian:Clone","floor":15}],"player_experience":176503,"relics_obtained":[{"floor":7,"key":"White Beast Statue"},{"floor":9,"key":"Eternal Feather"},{"floor":13,"key":"Mercury Hourglass"}],"event_choices":[],"is_beta":false,"boss_relics":[],"items_purged_floors":[],"is_endless":false,"potions_floor_spawned":[3,6,8,9,11,13,14,15],"killed_by":"IC_STATUS_ARCHETYPE","ascension_level":5}}