{"host":"hpn0uxah5qjr7pa6","time":1612078519,"event":{"mods":["Act Like it!","Aspiration","BaseMod","Better Third Choice","BetterRewards","Challenge The Spire","Colored Powertips","Conspire","Downfall","Energized Spire","Hallownest","Hermit","Hubris","Infinite Spire","Minty Spire (QoL Compilation)","Permanent Neow","Quick Restart","Rare Cards Sparkle","Replay The Spire","Spicy Shops","StSLib","The Bug Knight","The Jungle"],"gold_per_floor":[99,109,121,7,7,23,23,23,41,60,77,94,105,124,142,245,245,245,260,260,260,260,280,280,280,17,32,32,63,63,75,86,189,189,189,205,219,219,238,265,265,265,282,282,301,301,315,329,343,343,343,343],"floor_reached":50,"language":"ENG","playtime":2513,"items_purged":["bronze:Philosophize","bronze:Frontload","bronze:ClassDefault"],"score":586,"play_id":"9ead69db-1f58-4831-9d8e-ff42cd991e2e","local_time":"20210130233519","daily_mods":["Draft","Vintage"],"is_ascension_mode":true,"campfire_choices":[{"floor":8,"key":"REST"},{"data":"bronze:ChosenStrike","floor":18,"key":"SMITH"},{"floor":28,"key":"REST"},{"floor":42,"key":"REST"},{"floor":46,"key":"RECALL"}],"circlet_count":0,"master_deck":["bronze:DelayedGuard","bronze:DelayedSlice","bronze:Overheat","bronze:ChosenStrike+1","bronze:OilSpill+1","bronze:Boost+1","bronze:Backtrace","bronze:DelayedGuard","bronze:Separator","bronze:WhirlingStrike+1","bronze:FollowUp","bronze:OilSpill+1","m_BronzeSurvivor","bronze:OilSpill","bronze:AlphaBuild"],"relics":["bronze:BronzeCore","Replay:WaspNest","Pear","Toy Ornithopter","aspiration:SeaSaltIceCream","aspiration:Nostalgia","Sizzling Blood","Replay:Bottled Flurry","Tiny Chest","conspire:Flyswatter","Shuriken","aspiration:ChemicalBlood","Blood Vial","Happy Flower","Replay:Fungal Core","ReplayTheSpireMod:TigerMarble","conspire:RoyalGoblet","aspiration:Headhunter","conspire:TopHat","Akabeko","infinitespire:PuzzleCube","Gremlin Food","Bird Faced Urn","hubris:MysteriousPyramids","hexamod:BolsterEngine","HornCleat","Fusion Hammer","Eternal Feather","infinitespire:Lucky Rock","Bronze Scales","Anchor","Snack Pack","Torii","Simple Rune","White Beast Statue","Lantern","Unceasing Top"],"acts_visited":["Exordium","TheCity","TheBeyond"],"potions_floor_usage":[16,16,23,26,29,29,33,33,37,48,49,50,50,50,50,50,50,50],"damage_taken":[{"damage":12,"enemies":"Jaw Worm","floor":2,"turns":2},{"damage":0,"enemies":"Cultist","floor":3,"turns":2},{"damage":0,"enemies":"downfall:FleeingMerchant","floor":4,"turns":4},{"damage":15,"enemies":"conspire:RoseBush","floor":6,"turns":1},{"damage":3,"enemies":"3 Louse","floor":9,"turns":2},{"damage":9,"enemies":"Blue Slaver","floor":10,"turns":2},{"damage":0,"enemies":"Large Slime","floor":11,"turns":2},{"damage":6,"enemies":"Gremlin Gang","floor":12,"turns":2},{"damage":8,"enemies":"Exordium Wildlife","floor":13,"turns":2},{"damage":0,"enemies":"Blue Slaver","floor":14,"turns":1},{"damage":3,"enemies":"Exordium Thugs","floor":15,"turns":2},{"damage":20,"enemies":"IC_STATUS_ARCHETYPE","floor":16,"turns":3},{"damage":8,"enemies":"Chosen","floor":19,"turns":3},{"damage":24,"enemies":"Snake Plant","floor":23,"turns":2},{"damage":0,"enemies":"downfall:FleeingMerchant","floor":26,"turns":4},{"damage":14,"enemies":"Centurion and Healer","floor":27,"turns":2},{"damage":6,"enemies":"Nightmare","floor":29,"turns":6},{"damage":0,"enemies":"Cultist and Chosen","floor":31,"turns":3},{"damage":3,"enemies":"Sentry and Sphere","floor":32,"turns":3},{"damage":26,"enemies":"DF_ARCHETYPE_CLAW","floor":33,"turns":5},{"damage":28,"enemies":"3 Shapes","floor":36,"turns":1},{"damage":11,"enemies":"Orb Walker","floor":37,"turns":2},{"damage":0,"enemies":"Transient","floor":39,"turns":5},{"damage":0,"enemies":"3 Darklings","floor":43,"turns":1},{"damage":0,"enemies":"Spire Growth","floor":45,"turns":2},{"damage":2,"enemies":"Sphere and 2 Shapes","floor":47,"turns":1},{"damage":0,"enemies":"Transient","floor":48,"turns":5},{"damage":0,"enemies":"Writhing Mass","floor":49,"turns":3},{"damage":109,"enemies":"WA_ARCHETYPE_DIVINITY","floor":50,"turns":5}],"seed_played":"-429283043251357145","potions_obtained":[{"floor":1,"key":"LiquidBronze"},{"floor":1,"key":"Languid Potion"},{"floor":2,"key":"GamblersBrew"},{"floor":10,"key":"Explosive Potion"},{"floor":14,"key":"Guardian:BlockOnCardUsePotion"},{"floor":16,"key":"FearPotion"},{"floor":23,"key":"PowerPotion"},{"floor":32,"key":"Swift Potion"},{"floor":33,"key":"Regen Potion"},{"floor":35,"key":"LiquidMemories"},{"floor":35,"key":"Flashbang"},{"floor":37,"key":"Strength Potion"},{"floor":39,"key":"Explosive Potion"},{"floor":43,"key":"Adrenaline Potion"},{"floor":48,"key":"GamblersBrew"},{"floor":49,"key":"LiquidBronze"},{"floor":50,"key":"sneckomod:MuddlingPotion"}],"is_trial":true,"path_per_floor":["R","M","M","$","?","M","T","R","M","M","M","M","M","M","M","B",null,"R","M","AVR","?","?","M","T","T","$","M","R","NM","?","M","M","B",null,"R","M","M","?","M","T","T","R","M","AVR","M","R","M","M","M","B"],"character_chosen":"THE_AUTOMATON","items_purchased":["bronze:OilSpill","Gremlin Food"],"campfire_rested":3,"item_purchase_floors":[4,26],"current_hp_per_floor":[70,58,68,68,68,53,57,82,83,78,82,80,76,80,83,68,84,84,80,80,80,80,67,67,67,82,74,84,84,84,84,84,67,84,84,60,60,60,68,68,68,84,84,84,84,84,84,84,84,0,0,0],"gold":343,"neow_bonus":"","is_daily":false,"chose_seed":false,"campfire_upgraded":1,"win_rate":0.0,"timestamp":1612078519,"path_taken":["R","M","M","$","?","M","T","R","M","?","M","M","?","M","M","BOSS","R","M","AVR","?","?","M","T","?","$","?","R","NM","?","M","M","BOSS","R","M","M","?","M","?","T","R","M","AVR","?","R","M","M","M","BOSS"],"items_purchased_type":["Card","Relic"],"build_version":"2020-12-22","purchased_purges":3,"victory":false,"max_hp_per_floor":[70,70,80,80,80,80,84,84,84,84,84,84,84,84,84,84,84,84,84,84,84,84,84,84,84,84,84,84,84,84,84,84,84,84,84,84,84,84,84,84,84,84,84,84,84,84,84,84,84,84,84,84],"card_choices":[{"not_picked":["bronze:BitShift","bronze:ForceShield"],"picked":"bronze:DelayedGuard","floor":0},{"not_picked":["bronze:Separator","bronze:Deprecate"],"picked":"bronze:DelayedSlice","floor":0},{"not_picked":["bronze:NullPointer","bronze:DarkDash"],"picked":"bronze:Overheat","floor":0},{"not_picked":["bronze:ForLoop","bronze:Turbo"],"picked":"bronze:ChosenStrike","floor":0},{"not_picked":["bronze:BitShift","bronze:BugBarrage"],"picked":"bronze:Philosophize","floor":0},{"not_picked":["bronze:Flail","bronze:Turbo"],"picked":"bronze:Frontload","floor":0},{"not_picked":["bronze:BuggyMess","bronze:NullPointer"],"picked":"bronze:Deprecate","floor":0},{"not_picked":["bronze:ChildClass","bronze:DelayedSlice"],"picked":"bronze:OilSpill","floor":0},{"not_picked":["bronze:Refactor","bronze:Fortify"],"picked":"bronze:Boost","floor":0},{"not_picked":["bronze:Turbo","bronze:WildBeam"],"picked":"bronze:Backtrace","floor":0},{"not_picked":["bronze:BitShift","bronze:ItsAFeature"],"picked":"bronze:Fortify","floor":0},{"not_picked":["bronze:InfiniteBeams","bronze:Invalidate"],"picked":"bronze:DelayedGuard","floor":0},{"not_picked":["bronze:Constructor","bronze:Shell"],"picked":"bronze:Separator","floor":0},{"not_picked":["bronze:CutThrough","bronze:Turbo"],"picked":"bronze:ClassDefault","floor":0},{"not_picked":["bronze:Separator","bronze:Deprecate"],"picked":"bronze:WhirlingStrike","floor":0},{"not_picked":["bronze:Terminator","bronze:BugBarrage"],"picked":"bronze:FollowUp","floor":4},{"not_picked":["bronze:Shield+1","bronze:ForLoop","bronze:Overheat"],"picked":"SKIP","floor":26},{"not_picked":["bronze:Shell","bronze:ForceShield"],"picked":"bronze:OilSpill","floor":29},{"not_picked":["bronze:HardenedForm","bronze:Verify"],"picked":"bronze:AlphaBuild","floor":33}],"player_experience":134791,"relics_obtained":[{"floor":2,"key":"Replay:WaspNest"},{"floor":3,"key":"Pear"},{"floor":6,"key":"Toy Ornithopter"},{"floor":7,"key":"aspiration:SeaSaltIceCream"},{"floor":9,"key":"Replay:Bottled Flurry"},{"floor":10,"key":"Tiny Chest"},{"floor":11,"key":"conspire:Flyswatter"},{"floor":12,"key":"Shuriken"},{"floor":13,"key":"aspiration:ChemicalBlood"},{"floor":14,"key":"Blood Vial"},{"floor":15,"key":"Happy Flower"},{"floor":19,"key":"ReplayTheSpireMod:TigerMarble"},{"floor":23,"key":"conspire:TopHat"},{"floor":24,"key":"Akabeko"},{"floor":25,"key":"infinitespire:PuzzleCube"},{"floor":27,"key":"Bird Faced Urn"},{"floor":29,"key":"hubris:MysteriousPyramids"},{"floor":31,"key":"hexamod:BolsterEngine"},{"floor":32,"key":"HornCleat"},{"floor":36,"key":"Eternal Feather"},{"floor":37,"key":"infinitespire:Lucky Rock"},{"floor":39,"key":"Bronze Scales"},{"floor":40,"key":"Anchor"},{"floor":41,"key":"Snack Pack"},{"floor":43,"key":"Torii"},{"floor":45,"key":"White Beast Statue"},{"floor":47,"key":"Lantern"},{"floor":49,"key":"Unceasing Top"}],"event_choices":[],"is_beta":false,"boss_relics":[{"not_picked":["aspiration:FutureDiary","Replay:Grab Bag"],"picked":"Replay:Fungal Core"},{"not_picked":["hubris:CrackedHourglass","Replay:Ancient Bell"],"picked":"Fusion Hammer"}],"items_purged_floors":[4,26,44],"is_endless":true,"potions_floor_spawned":[2,6,10,11,13,14,16,23,32,33,37,39,43,47,48,49],"killed_by":"WA_ARCHETYPE_DIVINITY","ascension_level":3}}