{"host":"lnt5dzsuhru0aonl","time":1612061951,"event":{"mods":["2.2 Compatiblity","BaseMod","Colored Map","Colored Powertips","DeckTracker","Keyboard Shortcuts","Minty Spire (QoL Compilation)","Permanent Neow","Rare Cards Sparkle","StSLib","SuperFastMode","everything is the same but u backflip on backflip"],"gold_per_floor":[110,124,48,65,85,85,97,129,129,162,162,87,87,105,105,179,179,195,22,72,72,82,82,82,93,93,110,129,141,172,188,188,267,267,267,267],"floor_reached":35,"language":"KOR","playtime":1417,"items_purged":["Strike_R"],"score":832,"play_id":"b44e2d62-a8bf-4328-a0a7-048277de5dd7","local_time":"20210131115911","is_ascension_mode":true,"campfire_choices":[{"data":"Pommel Strike","floor":6.0,"key":"SMITH"},{"data":"Pommel Strike","floor":15.0,"key":"SMITH"},{"data":"Sentinel","floor":23.0,"key":"SMITH"},{"data":"Battle Trance","floor":32.0,"key":"SMITH"}],"circlet_count":0,"master_deck":["AscendersBane","Defend_R","Defend_R","Bash","Shrug It Off","Pommel Strike+1","Battle Trance+1","Dropkick","Shockwave","Pommel Strike+1","Second Wind","Sentinel+1","Offering"],"relics":["Burning Blood","Kunai","White Beast Statue","Lantern","Empty Cage","Bronze Scales","Lizard Tail","StrikeDummy","Regal Pillow","SlaversCollar"],"acts_visited":["Exordium","TheCity","TheBeyond"],"potions_floor_usage":[],"damage_taken":[{"damage":7.0,"enemies":"Small Slimes","floor":1.0,"turns":4.0},{"damage":3.0,"enemies":"2 Louse","floor":2.0,"turns":4.0},{"damage":1.0,"enemies":"Cultist","floor":4.0,"turns":3.0},{"damage":4.0,"enemies":"Red Slaver","floor":5.0,"turns":6.0},{"damage":1.0,"enemies":"Large Slime","floor":7.0,"turns":5.0},{"damage":22.0,"enemies":"3 Sentries","floor":8.0,"turns":6.0},{"damage":8.0,"enemies":"Gremlin Nob","floor":10.0,"turns":4.0},{"damage":8.0,"enemies":"Gremlin Gang","floor":14.0,"turns":4.0},{"damage":4.0,"enemies":"Hexaghost","floor":16.0,"turns":7.0},{"damage":21.0,"enemies":"Spheric Guardian","floor":18.0,"turns":5.0},{"damage":0.0,"enemies":"2 Thieves","floor":22.0,"turns":2.0},{"damage":6.0,"enemies":"3 Cultists","floor":25.0,"turns":6.0},{"damage":6.0,"enemies":"Centurion and Healer","floor":27.0,"turns":3.0},{"damage":3.0,"enemies":"Snake Plant","floor":28.0,"turns":3.0},{"damage":36.0,"enemies":"Sentry and Sphere","floor":29.0,"turns":8.0},{"damage":0.0,"enemies":"Book of Stabbing","floor":30.0,"turns":3.0},{"damage":6.0,"enemies":"Centurion and Healer","floor":31.0,"turns":3.0},{"damage":95.0,"enemies":"Champ","floor":33.0,"turns":10.0},{"damage":0,"enemies":"3 Shapes","floor":35,"turns":1}],"seed_played":"1154645555103975204","potions_obtained":[{"floor":2.0,"key":"DuplicationPotion"},{"floor":4.0,"key":"SkillPotion"},{"floor":8.0,"key":"SpeedPotion"},{"floor":10.0,"key":"PowerPotion"},{"floor":14.0,"key":"Swift Potion"},{"floor":16.0,"key":"SpeedPotion"},{"floor":22.0,"key":"SkillPotion"},{"floor":25.0,"key":"DuplicationPotion"},{"floor":27.0,"key":"EssenceOfSteel"},{"floor":28.0,"key":"Energy Potion"},{"floor":29.0,"key":"CultistPotion"},{"floor":30.0,"key":"EntropicBrew"},{"floor":31.0,"key":"Strength Potion"},{"floor":33.0,"key":"AttackPotion"}],"is_trial":false,"path_per_floor":["M","M","$","M","M","R","M","E","T","E","?","$","?","M","R","B",null,"M","$","?","?","M","R","$","M","T","M","M","M","E","M","R","B",null,"M"],"character_chosen":"IRONCLAD","items_purchased":["Battle Trance","Bronze Scales"],"campfire_rested":0,"item_purchase_floors":[3,19],"current_hp_per_floor":[67,68,68,68,68,68,68,52,52,50,50,50,50,48,48,50,64,49,49,49,49,55,55,55,55,55,55,58,28,34,34,34,7,53,53,53],"gold":267,"neow_bonus":"REMOVE_TWO","is_daily":false,"chose_seed":false,"campfire_upgraded":4,"win_rate":0.0,"timestamp":1612061951,"path_taken":["M","M","$","M","M","R","M","E","T","E","?","$","?","?","R","BOSS","M","$","?","?","M","R","$","?","T","M","M","?","E","M","R","BOSS","M"],"items_purchased_type":["Card","Relic"],"build_version":"2020-12-22","purchased_purges":1,"victory":false,"max_hp_per_floor":[68,68,68,68,68,68,68,68,68,68,68,68,68,68,68,68,68,68,68,68,68,68,68,68,68,68,68,68,68,68,68,68,68,68,68,68],"card_choices":[{"not_picked":["Headbutt","Clash"],"picked":"Shrug It Off","floor":1.0},{"not_picked":["Cleave","Pummel"],"picked":"Pommel Strike","floor":2.0},{"not_picked":["Feel No Pain","Power Through"],"picked":"Dropkick","floor":4.0},{"not_picked":["Blood for Blood","Uppercut"],"picked":"Shockwave","floor":5.0},{"not_picked":["Flex","Twin Strike"],"picked":"Pommel Strike","floor":7.0},{"not_picked":["Shockwave","Inflame"],"picked":"Second Wind","floor":8.0},{"not_picked":["Clothesline","Havoc","Headbutt"],"picked":"SKIP","floor":10.0},{"not_picked":["Shockwave","Anger","Shrug It Off"],"picked":"SKIP","floor":14.0},{"not_picked":["Uppercut","Intimidate"],"picked":"Sentinel","floor":18.0},{"not_picked":["Body Slam","True Grit","Rupture"],"picked":"SKIP","floor":22.0},{"not_picked":["Sword Boomerang","Cleave","Pommel Strike"],"picked":"SKIP","floor":25.0},{"not_picked":["Clothesline","Flame Barrier","Spot Weakness"],"picked":"SKIP","floor":27.0},{"not_picked":["Thunderclap","Havoc","Sword Boomerang"],"picked":"SKIP","floor":28.0},{"not_picked":["Heavy Blade","Reckless Charge","Warcry"],"picked":"SKIP","floor":29.0},{"not_picked":["Infernal Blade","Shrug It Off","Metallicize"],"picked":"SKIP","floor":30.0},{"not_picked":["Dual Wield","Uppercut+1","Perfected Strike"],"picked":"SKIP","floor":31.0},{"not_picked":["Impervious","Double Tap"],"picked":"Offering","floor":33.0}],"player_experience":782675,"relics_obtained":[{"floor":8.0,"key":"Kunai"},{"floor":9.0,"key":"White Beast Statue"},{"floor":10.0,"key":"Lantern"},{"floor":26.0,"key":"StrikeDummy"},{"floor":30.0,"key":"Regal Pillow"}],"event_choices":[{"cards_removed":["Strike_R"],"damage_healed":0.0,"max_hp_gain":0.0,"max_hp_loss":0.0,"gold_gain":0.0,"event_name":"Living Wall","player_choice":"Forget","floor":11.0,"gold_loss":0.0,"damage_taken":0.0},{"cards_removed":["Strike_R"],"damage_healed":0.0,"max_hp_gain":0.0,"max_hp_loss":0.0,"gold_gain":0.0,"event_name":"Bonfire Elementals","player_choice":"Offered Basic","floor":13.0,"gold_loss":0.0,"damage_taken":0.0},{"damage_healed":0.0,"max_hp_gain":0.0,"max_hp_loss":0.0,"gold_gain":50.0,"event_name":"Nest","player_choice":"Stole From Cult","floor":20.0,"gold_loss":0.0,"damage_taken":0.0},{"damage_healed":0.0,"max_hp_gain":0.0,"max_hp_loss":0.0,"gold_gain":0.0,"event_name":"WeMeetAgain","player_choice":"Gave Potion","floor":21.0,"gold_loss":0.0,"damage_taken":0.0,"relics_obtained":["Lizard Tail"]}],"is_beta":false,"boss_relics":[{"not_picked":["Coffee Dripper","Runic Cube"],"picked":"Empty Cage"},{"not_picked":["Tiny House","Runic Dome"],"picked":"SlaversCollar"}],"items_purged_floors":[12],"is_endless":false,"potions_floor_spawned":[2,4,8,10,14,16,18,22,25,27,28,29,30,31,33],"killed_by":"3 Shapes","ascension_level":20}}