{"host":"6r762osam2bvfm66","time":1612112089,"event":{"mods":["BaseMod","Colored Map","Minty Spire (QoL Compilation)"],"gold_per_floor":[119,134,152,5,21,21,48,68,95,123,137,61,72,87,87,191,191,201,201,215,234,246,246,246,277,301,334,334,334,350,361,361,463,463,473,473,95,111,130,162,162,208,208,256,256,256,256,284,284,284],"floor_reached":51,"language":"ENG","playtime":2671,"items_purged":["Strike_R"],"score":859,"play_id":"839c0835-2340-4923-b7bf-9629a610ad5f","local_time":"20210131105449","is_ascension_mode":false,"campfire_choices":[{"data":"Rampage","floor":6,"key":"SMITH"},{"data":"Feed","floor":15,"key":"SMITH"},{"data":"Reaper","floor":23,"key":"SMITH"},{"data":"Feed","floor":29,"key":"SMITH"},{"data":"Inflame","floor":32,"key":"SMITH"},{"floor":41,"key":"REST"},{"data":"Pain","floor":45,"key":"PURGE"},{"data":"Writhe","floor":47,"key":"PURGE"},{"data":"Decay","floor":49,"key":"PURGE"}],"circlet_count":0,"master_deck":["Strike_R","Strike_R","Strike_R","Defend_R","Defend_R","Defend_R","Defend_R","Bash","Cleave","Clothesline","Rampage+1","Offering","Metallicize","Inflame+1","Sword Boomerang","Thunderclap","Flame Barrier","Feed+1","Shrug It Off","Offering","Shrug It Off+1","Iron Wave","Reaper+1","Shrug It Off","Corruption","Shockwave+1","Feed+1","J.A.X.","Carnage","Barricade","Bloodletting+1","Reaper+1","Inflame+1","Inflame+1","Armaments+1","Feel No Pain+1","Dark Embrace+1"],"relics":["Burning Blood","Thread and Needle","Nunchaku","Bronze Scales","Cursed Key","Red Skull","Blood Vial","Gremlin Horn","Fusion Hammer","Bag of Preparation","DollysMirror","Dream Catcher","Bird Faced Urn","Peace Pipe","Centennial Puzzle","Regal Pillow"],"acts_visited":["Exordium","TheCity","TheBeyond"],"potions_floor_usage":[5,8,8,31,33,50,50,50],"damage_taken":[{"damage":2,"enemies":"Small Slimes","floor":1,"turns":3},{"damage":6,"enemies":"Cultist","floor":2,"turns":3},{"damage":8,"enemies":"Jaw Worm","floor":3,"turns":4},{"damage":6,"enemies":"2 Fungi Beasts","floor":5,"turns":2},{"damage":20,"enemies":"Gremlin Nob","floor":7,"turns":3},{"damage":12,"enemies":"Large Slime","floor":8,"turns":2},{"damage":20,"enemies":"Lagavulin","floor":10,"turns":4},{"damage":6,"enemies":"Gremlin Gang","floor":11,"turns":2},{"damage":6,"enemies":"2 Fungi Beasts","floor":13,"turns":3},{"damage":3,"enemies":"Blue Slaver","floor":14,"turns":3},{"damage":24,"enemies":"The Guardian","floor":16,"turns":12},{"damage":16,"enemies":"Spheric Guardian","floor":18,"turns":4},{"damage":12,"enemies":"Shell Parasite","floor":20,"turns":2},{"damage":12,"enemies":"3 Cultists","floor":21,"turns":4},{"damage":12,"enemies":"Cultist and Chosen","floor":22,"turns":4},{"damage":25,"enemies":"Slavers","floor":25,"turns":4},{"damage":21,"enemies":"Book of Stabbing","floor":27,"turns":5},{"damage":15,"enemies":"Centurion and Healer","floor":30,"turns":7},{"damage":22,"enemies":"Snake Plant","floor":31,"turns":4},{"damage":114,"enemies":"Champ","floor":33,"turns":14},{"damage":24,"enemies":"Orb Walker","floor":35,"turns":4},{"damage":12,"enemies":"3 Shapes","floor":38,"turns":9},{"damage":13,"enemies":"Sphere and 2 Shapes","floor":39,"turns":3},{"damage":29,"enemies":"Nemesis","floor":40,"turns":7},{"damage":48,"enemies":"2 Orb Walkers","floor":42,"turns":6},{"damage":18,"enemies":"Giant Head","floor":48,"turns":6},{"damage":91,"enemies":"Awakened One","floor":50,"turns":10}],"seed_played":"-6713858143262952564","potions_obtained":[{"floor":2,"key":"Explosive Potion"},{"floor":5,"key":"Fruit Juice"},{"floor":7,"key":"Explosive Potion"},{"floor":11,"key":"CultistPotion"},{"floor":13,"key":"BloodPotion"},{"floor":21,"key":"SpeedPotion"},{"floor":31,"key":"ElixirPotion"},{"floor":33,"key":"Fire Potion"},{"floor":48,"key":"Weak Potion"}],"is_trial":false,"path_per_floor":["M","M","M","$","M","R","E","M","T","E","M","$","M","M","R","B",null,"M","?","M","M","M","R","?","E","T","E","?","R","M","M","R","B",null,"M","?","$","M","M","E","R","?","T","T","R","?","R","E","R","B",null],"character_chosen":"IRONCLAD","items_purchased":["Offering","Feed","Bag of Preparation","DollysMirror"],"campfire_rested":1,"item_purchase_floors":[4,12,37,37],"current_hp_per_floor":[80,80,78,78,83,83,69,63,63,49,49,49,52,55,55,37,88,78,78,76,74,84,84,84,84,84,71,71,71,86,100,100,9,112,98,98,98,104,103,114,116,102,102,102,102,102,102,106,106,57],"gold":284,"neow_bonus":"","is_daily":false,"chose_seed":false,"campfire_upgraded":5,"win_rate":0.0,"timestamp":1612112089,"path_taken":["M","M","M","$","M","R","E","M","T","E","M","$","M","M","R","BOSS","M","?","M","M","?","R","?","E","T","E","?","R","M","M","R","BOSS","M","?","$","M","?","E","R","?","T","?","R","?","R","E","R","BOSS"],"items_purchased_type":["Card","Card","Relic","Relic"],"build_version":"2020-12-22","purchased_purges":1,"victory":true,"max_hp_per_floor":[80,80,80,80,85,85,85,85,85,85,85,85,88,88,88,88,88,88,88,92,96,100,100,100,104,104,104,104,104,112,112,112,112,112,112,112,112,112,116,116,116,120,120,120,120,120,120,120,120,120],"card_choices":[{"not_picked":["Intimidate","True Grit"],"picked":"Cleave","floor":1},{"not_picked":["Rupture","Cleave"],"picked":"Clothesline","floor":2},{"not_picked":["Warcry","Body Slam"],"picked":"Rampage","floor":3},{"not_picked":["Second Wind","True Grit"],"picked":"Metallicize","floor":5},{"not_picked":["Juggernaut","Reckless Charge"],"picked":"Inflame","floor":7},{"not_picked":["Clash","Perfected Strike"],"picked":"Sword Boomerang","floor":8},{"not_picked":["Dark Embrace","Iron Wave"],"picked":"Thunderclap","floor":10},{"not_picked":["Flex","Rampage"],"picked":"Flame Barrier","floor":11},{"not_picked":["Body Slam","Clash","Thunderclap"],"picked":"SKIP","floor":13},{"not_picked":["Power Through","Twin Strike"],"picked":"Shrug It Off","floor":14},{"not_picked":["Impervious","Juggernaut"],"picked":"Offering","floor":16},{"not_picked":["Iron Wave","Rage"],"picked":"Shrug It Off+1","floor":18},{"not_picked":["Clash","Body Slam","Feel No Pain"],"picked":"SKIP","floor":20},{"not_picked":["Shockwave","Thunderclap+1"],"picked":"Reaper","floor":21},{"not_picked":["Clothesline","Cleave+1"],"picked":"Shrug It Off","floor":22},{"not_picked":["Anger","Cleave"],"picked":"Shockwave+1","floor":25},{"not_picked":["Twin Strike","Thunderclap"],"picked":"Feed","floor":27},{"not_picked":["Anger+1","Cleave","Perfected Strike"],"picked":"SKIP","floor":30},{"not_picked":["Sword Boomerang","Thunderclap"],"picked":"Carnage","floor":31},{"not_picked":["Brutality","Impervious"],"picked":"Barricade","floor":33},{"not_picked":["True Grit+1","Twin Strike+1"],"picked":"Bloodletting+1","floor":35},{"not_picked":["Headbutt","Shrug It Off"],"picked":"Inflame+1","floor":38},{"not_picked":["Anger+1","Intimidate","Rage+1"],"picked":"SKIP","floor":39},{"not_picked":["Power Through+1","Offering"],"picked":"Armaments+1","floor":40},{"not_picked":["Intimidate","Anger"],"picked":"Feel No Pain+1","floor":41},{"not_picked":["Thunderclap","Shrug It Off"],"picked":"Dark Embrace+1","floor":48}],"player_experience":0,"relics_obtained":[{"floor":7,"key":"Thread and Needle"},{"floor":9,"key":"Nunchaku"},{"floor":10,"key":"Bronze Scales"},{"floor":25,"key":"Red Skull"},{"floor":26,"key":"Blood Vial"},{"floor":27,"key":"Gremlin Horn"},{"floor":40,"key":"Dream Catcher"},{"floor":42,"key":"Bird Faced Urn"},{"floor":43,"key":"Peace Pipe"},{"floor":44,"key":"Centennial Puzzle"},{"floor":48,"key":"Regal Pillow"}],"event_choices":[{"cards_removed":["Strike_R"],"damage_healed":0,"gold_gain":0,"player_choice":"Took Card","damage_taken":0,"max_hp_gain":0,"max_hp_loss":0,"event_name":"NoteForYourself","floor":19,"gold_loss":0,"cards_obtained":["Iron Wave"]},{"damage_healed":0,"gold_gain":0,"player_choice":"Read","damage_taken":0,"max_hp_gain":0,"max_hp_loss":0,"event_name":"The Library","floor":24,"gold_loss":0,"cards_obtained":["Corruption"]},{"damage_healed":0,"gold_gain":0,"player_choice":"Obtain J.A.X.","damage_taken":0,"max_hp_gain":0,"max_hp_loss":0,"event_name":"Drug Dealer","floor":28,"gold_loss":0,"cards_obtained":["J.A.X."]},{"damage_healed":0,"gold_gain":0,"player_choice":"Copied","damage_taken":0,"max_hp_gain":0,"max_hp_loss":0,"event_name":"Duplicator","floor":36,"gold_loss":0,"cards_obtained":["Reaper"]},{"damage_healed":0,"gold_gain":0,"player_choice":"Fight","damage_taken":0,"max_hp_gain":0,"max_hp_loss":0,"event_name":"Mysterious Sphere","floor":42,"gold_loss":0},{"damage_healed":0,"gold_gain":0,"player_choice":"Ignored","damage_taken":0,"max_hp_gain":0,"max_hp_loss":0,"event_name":"Tomb of Lord Red Mask","floor":46,"gold_loss":0}],"is_beta":false,"boss_relics":[{"not_picked":["Calling Bell","Runic Cube"],"picked":"Cursed Key"},{"not_picked":["Tiny House","Mark of Pain"],"picked":"Fusion Hammer"}],"items_purged_floors":[37],"is_endless":false,"potions_floor_spawned":[2,5,7,11,13,21,30,31,33,35,42,48],"ascension_level":0}}