{"host":"gttgmv2wah99hzdm","time":1612128412,"event":{"mods":["AchievementEnabler","BaseMod","Bestiary","Block Reminder","Filter the Spire","Jorbs\u0027s Wanderer Trilogy","Minty Spire (QoL Compilation)","Relic Stats","StSLib","Weighted Paths","ojb\u0027s Info Mod"],"gold_per_floor":[114,126,126,145,159,159,179,210,210,210,41,41,59,88,88,165,165,179,190,206,11,24,24,40,40,40,40,40,65,76,111,111,111,111],"floor_reached":33,"language":"ENG","playtime":2056,"items_purged":["Strike_B"],"score":598,"play_id":"f6459f74-34d4-4d95-b5f1-9bd21b92fc86","local_time":"20210131152652","is_ascension_mode":true,"campfire_choices":[{"data":"Streamline","floor":6.0,"key":"SMITH"},{"data":"Static Discharge","floor":10.0,"key":"SMITH"},{"data":"Go for the Eyes","floor":12.0,"key":"SMITH"},{"data":"Ball Lightning","floor":15.0,"key":"SMITH"},{"floor":23.0,"key":"REST"},{"data":"Defragment","floor":25.0,"key":"SMITH"},{"floor":32,"key":"REST"}],"circlet_count":0,"master_deck":["AscendersBane","Strike_B","Strike_B","Strike_B","Defend_B","Defend_B","Defend_B","Defend_B","Zap","Dualcast","Streamline+1","Compile Driver","Go for the Eyes+1","Ball Lightning+1","Glacier","Static Discharge+1","Chill","Cold Snap","Biased Cognition","Defragment+1","Hologram+1","Self Repair","Defragment","Glacier","Reinforced Body","Biased Cognition","Compile Driver+1"],"relics":["Philosopher\u0027s Stone","White Beast Statue","Incense Burner","Lantern","Ornamental Fan","Nuclear Battery","HornCleat","Turnip","Boot"],"acts_visited":["Exordium","TheCity"],"potions_floor_usage":[30,31],"damage_taken":[{"damage":2.0,"enemies":"Small Slimes","floor":1.0,"turns":3.0},{"damage":4.0,"enemies":"Cultist","floor":2.0,"turns":4.0},{"damage":8.0,"enemies":"Jaw Worm","floor":4.0,"turns":2.0},{"damage":0.0,"enemies":"2 Fungi Beasts","floor":5.0,"turns":4.0},{"damage":7.0,"enemies":"Looter","floor":7.0,"turns":3.0},{"damage":4.0,"enemies":"Lagavulin","floor":8.0,"turns":6.0},{"damage":8.0,"enemies":"Gremlin Gang","floor":13.0,"turns":3.0},{"damage":12.0,"enemies":"3 Sentries","floor":14.0,"turns":6.0},{"damage":10.0,"enemies":"Slime Boss","floor":16.0,"turns":6.0},{"damage":0.0,"enemies":"2 Thieves","floor":18.0,"turns":4.0},{"damage":18.0,"enemies":"Chosen","floor":19.0,"turns":4.0},{"damage":16.0,"enemies":"Centurion and Healer","floor":20.0,"turns":9.0},{"damage":21.0,"enemies":"Snake Plant","floor":22.0,"turns":3.0},{"damage":16.0,"enemies":"3 Cultists","floor":24.0,"turns":7.0},{"damage":16.0,"enemies":"Gremlin Leader","floor":29.0,"turns":10.0},{"damage":15,"enemies":"Chosen and Byrds","floor":30,"turns":7},{"damage":16,"enemies":"Slavers","floor":31,"turns":9},{"damage":41,"enemies":"Champ","floor":33,"turns":18}],"seed_played":"-1460368916767807374","potions_obtained":[{"floor":5.0,"key":"EntropicBrew"},{"floor":7.0,"key":"Dexterity Potion"},{"floor":8.0,"key":"SkillPotion"},{"floor":13.0,"key":"AttackPotion"},{"floor":16.0,"key":"Fire Potion"},{"floor":18.0,"key":"Swift Potion"},{"floor":19.0,"key":"BlessingOfTheForge"},{"floor":24.0,"key":"Fire Potion"},{"floor":29.0,"key":"Strength Potion"},{"floor":30,"key":"DuplicationPotion"},{"floor":31,"key":"Fire Potion"}],"is_trial":false,"path_per_floor":["M","M","?","M","M","R","M","E","T","R","$","R","M","E","R","B",null,"M","M","M","$","M","R","M","R","T","?","?","E","M","E","R","B"],"character_chosen":"DEFECT","items_purchased":["Lantern","Defragment","Glacier"],"campfire_rested":2,"item_purchase_floors":[11,21,21],"current_hp_per_floor":[62,58,63,55,55,55,48,44,44,44,44,44,36,24,24,14,61,61,43,27,27,13,35,26,26,26,41,41,32,24,15,37,0,0],"gold":111,"neow_bonus":"BOSS_RELIC","is_daily":false,"chose_seed":false,"campfire_upgraded":5,"win_rate":0.0,"timestamp":1612128412,"path_taken":["M","M","?","M","M","R","M","E","T","R","$","R","M","E","R","BOSS","M","M","M","$","M","R","M","R","T","?","?","E","M","E","R","BOSS"],"items_purchased_type":["Relic","Card","Card"],"build_version":"2020-12-22","purchased_purges":1,"victory":false,"max_hp_per_floor":[71,71,76,76,76,76,76,76,76,76,76,76,76,76,76,76,76,76,76,76,76,76,76,76,76,76,76,76,76,76,76,76,76,76],"relic_stats":{"counters":[18,108],"Ornamental Fan":[92],"Turnip":[10],"Boot":[8],"obtain_stats":[{"Lantern":11,"HornCleat":26,"Ornamental Fan":14,"Philosopher\u0027s Stone":0,"Turnip":29,"Incense Burner":9,"Cracked Core":0,"Boot":31,"White Beast Statue":8,"Nuclear Battery":17},{"Lantern":6,"HornCleat":14,"Ornamental Fan":8,"Philosopher\u0027s Stone":0,"Turnip":15,"Incense Burner":6,"Cracked Core":0,"Boot":17,"White Beast Statue":6,"Nuclear Battery":9},{"Lantern":22,"HornCleat":64,"Ornamental Fan":31,"Philosopher\u0027s Stone":0,"Turnip":74,"Incense Burner":22,"Cracked Core":0,"Boot":90,"White Beast Statue":22,"Nuclear Battery":37}]},"card_choices":[{"not_picked":["Hologram","Go for the Eyes"],"picked":"Streamline","floor":1.0},{"not_picked":["Redo","Barrage"],"picked":"Compile Driver","floor":2.0},{"not_picked":["Rebound","Barrage"],"picked":"Go for the Eyes","floor":4.0},{"not_picked":["Cold Snap","Hologram"],"picked":"Ball Lightning","floor":5.0},{"not_picked":["Double Energy","Coolheaded"],"picked":"Glacier","floor":7.0},{"not_picked":["Machine Learning","Steam Power"],"picked":"Static Discharge","floor":8.0},{"not_picked":["Go for the Eyes","Gash"],"picked":"Chill","floor":13.0},{"not_picked":["Redo","Blizzard"],"picked":"Cold Snap","floor":14.0},{"not_picked":["Machine Learning","Rainbow"],"picked":"Biased Cognition","floor":16.0},{"not_picked":["Conserve Battery","Force Field"],"picked":"Defragment","floor":18.0},{"not_picked":["Go for the Eyes","Sweeping Beam"],"picked":"Hologram+1","floor":19.0},{"not_picked":["Steam","Doom and Gloom"],"picked":"Self Repair","floor":20.0},{"not_picked":["Double Energy","Lockon"],"picked":"Reinforced Body","floor":22.0},{"not_picked":["Cold Snap","Doom and Gloom","Redo"],"picked":"SKIP","floor":24.0},{"not_picked":["Rebound","Consume"],"picked":"Biased Cognition","floor":29.0},{"not_picked":["Rebound","Ball Lightning"],"picked":"Compile Driver+1","floor":30},{"not_picked":["Compile Driver+1","Conserve Battery+1","Glacier"],"picked":"SKIP","floor":31}],"player_experience":1190617,"relics_obtained":[{"floor":8.0,"key":"White Beast Statue"},{"floor":9.0,"key":"Incense Burner"},{"floor":14.0,"key":"Ornamental Fan"},{"floor":26.0,"key":"HornCleat"},{"floor":29.0,"key":"Turnip"},{"floor":31,"key":"Boot"}],"event_choices":[{"damage_healed":0.0,"max_hp_gain":5.0,"max_hp_loss":0.0,"gold_gain":0.0,"event_name":"Big Fish","player_choice":"Donut","floor":3.0,"gold_loss":0.0,"damage_taken":0.0},{"damage_healed":15.0,"max_hp_gain":0.0,"max_hp_loss":0.0,"gold_gain":0.0,"event_name":"The Library","player_choice":"Heal","floor":27.0,"gold_loss":0.0,"damage_taken":0.0},{"damage_healed":0.0,"max_hp_gain":0.0,"max_hp_loss":0.0,"gold_gain":0.0,"event_name":"N\u0027loth","player_choice":"Ignored","floor":28.0,"gold_loss":0.0,"damage_taken":0.0}],"is_beta":false,"boss_relics":[{"not_picked":["Runic Dome","Coffee Dripper"],"picked":"Nuclear Battery"}],"items_purged_floors":[21],"is_endless":false,"potions_floor_spawned":[5,7,8,13,14,16,18,19,20,22,24,29,30,31],"killed_by":"Champ","ascension_level":20}}