{"host":"cq8xacpj8p19paz6","time":1612127086,"event":{"mods":["Aspiration","BaseMod","Better Altar","Better Match","Better Sensory Stone","Better Skull","Better Third Choice","BetterRewards","Conspire","Downfall","Hermit","Infinite Spire","Marisa????????","Minty Spire (QoL Compilation)","Replay The Spire","Shop Mod","StSLib","The Bladedancer","The Cursed","The Disciple","The Hierophant","The Jungle","The Necromancer","The Poker Player","The Runesmith","The Servant 0.9.4"],"gold_per_floor":[110,129,129,343,0,313,313,434,434,449,468,468,468,468,468,573,573,584,602,602,602,612,612,612,522,522,539,557,577,1,16,116,221,221,232,289,771,788,295,295,308,308,331,331,81,81,92,102,102,102],"floor_reached":51,"language":"ENG","playtime":3836,"items_purged":["conspire:Blindness","blademaster:Defend","blademaster:Strike"],"score":887,"play_id":"a046fdb6-d5e4-4df8-b8e0-05ae84bf2a04","local_time":"20210131210446","is_ascension_mode":false,"campfire_choices":[{"data":"blademaster:AspectOfWind","floor":7,"key":"SMITH"},{"floor":13,"key":"REST"},{"floor":15,"key":"DIG"},{"data":"blademaster:EyeOfTheTornado","floor":23,"key":"SMITH"},{"floor":40,"key":"REST"},{"data":"blademaster:BladeMastery","floor":40,"key":"SMITH"},{"data":"blademaster:LightningDraw","floor":46,"key":"SMITH"},{"floor":49,"key":"DIG"}],"circlet_count":0,"master_deck":["blademaster:Strike+1","blademaster:Strike","blademaster:Strike","blademaster:Defend","blademaster:Defend","blademaster:Defend","blademaster:RagingBlow","blademaster:HighVoltage","blademaster:EyeOfTheTornado+1","blademaster:AwakeningStrike","blademaster:AspectOfWind+1","blademaster:AirSlash","Panache+1","Enlightenment","blademaster:LightningDraw+1","Violence","blademaster:Overcharge+1","blademaster:BladeMastery+1","blademaster:ParryingStrike","blademaster:Quickstep+1","blademaster:ChargingUp+1","blademaster:DragonStrike","blademaster:ColdBlood+1","blademaster:Frontflip+1","blademaster:Sunder+1","blademaster:SharpBlades+1","Violence","blademaster:Stability+1","infinitespire:Execution","blademaster:Safeguard+1"],"relics":["blademaster:DancersAmulet","Incense Burner","StoneCalendar","Gremlin Horn","ReplayTheSpireMod:CursedCoin","aspiration:RunesmithSkillbook","Runesmith:AutoHammer","Frozen Egg 2","aspiration:Nostalgia","Guardian:ModeShifter","ReplayTheSpireMod:TigerMarble","Pen Nib","Sling","ReplayTheSpireMod:Lightbulb","Replay:Towering Pillar of Hats","OrangePellets","Quantum Egg","aspiration:AnachronicSnailShell","Divine Protection","Mummified Hand","Replay:Bronze Core","betterThird:NestCultRelic","Ring of Panic","Ring of Fangs","ReplayTheSpireMod:Ninjato","infinitespire:BottledMercury","infinitespire:Golems Mask","Replay:Rubber Ducky","infinitespire:Magic Flask","infinitespire:CheckeredPen","conspire:RunicOctahedron","infinitespire:WardingShard","Membership Card","Boot","HornCleat","Meat on the Bone","infinitespire:Beetle Shell","CaptainsWheel","BargainBundle","Counterbalance","Ornamental Fan"],"acts_visited":["Exordium","TheCity","TheBeyond"],"potions_floor_usage":[16],"damage_taken":[{"damage":5,"enemies":"Jaw Worm","floor":1,"turns":6},{"damage":0,"enemies":"Small Slimes","floor":2,"turns":3},{"damage":5,"enemies":"Cultist","floor":10,"turns":3},{"damage":31,"enemies":"Exordium Thugs","floor":11,"turns":4},{"damage":5,"enemies":"Fading Forest","floor":16,"turns":11},{"damage":20,"enemies":"conspire:FuzzyDice","floor":18,"turns":4},{"damage":0,"enemies":"Shell Parasite","floor":19,"turns":2},{"damage":5,"enemies":"Snake Plant","floor":22,"turns":2},{"damage":0,"enemies":"Shelled Parasite and Fungi","floor":27,"turns":2},{"damage":0,"enemies":"Centurion and Healer","floor":28,"turns":2},{"damage":0,"enemies":"Snecko","floor":29,"turns":2},{"damage":0,"enemies":"Shelled Parasite and Fungi","floor":31,"turns":2},{"damage":6,"enemies":"Colosseum Slavers","floor":32,"turns":2},{"damage":0,"enemies":"Colosseum Nobs","floor":32,"turns":2},{"damage":0,"enemies":"Collector","floor":33,"turns":2},{"damage":0,"enemies":"3 Shapes","floor":35,"turns":1},{"damage":0,"enemies":"Orb Walker","floor":38,"turns":1},{"damage":0,"enemies":"Spire Growth","floor":41,"turns":1},{"damage":0,"enemies":"Transient","floor":47,"turns":1},{"damage":0,"enemies":"Jaw Worm Horde","floor":48,"turns":1},{"damage":0,"enemies":"conspire:OrnateMirror","floor":50,"turns":1}],"seed_played":"5569098194881132236","potions_obtained":[{"floor":2,"key":"Weak Potion"},{"floor":16,"key":"Doom Potion"},{"floor":19,"key":"EntropicBrew"},{"floor":28,"key":"LifebloodPotion"},{"floor":31,"key":"sneckomod:MuddlingPotion"},{"floor":41,"key":"hexamod:SoulburnPotion"}],"is_trial":false,"path_per_floor":["M","M","?","$","?","$","R","$","T","M","M","T","R","?","R","B",null,"M","M","?","?","M","R","T","?","T","M","M","M","$","M","R","B",null,"M","?","$","M","?","R","M","AVR","T","T","$","R","M","M","R","B",null],"character_chosen":"THE_BLADEMASTER","items_purchased":["blademaster:EyeOfTheTornado","StoneCalendar","Gremlin Horn","ReplayTheSpireMod:CursedCoin","blademaster:AirSlash","Runesmith:AutoHammer","Frozen Egg 2","aspiration:Nostalgia","Panache+1","ReplayTheSpireMod:TigerMarble","Pen Nib","Sling","blademaster:LightningDraw","Violence","blademaster:Overcharge+1","ReplayTheSpireMod:Lightbulb","blademaster:BladeMastery","Replay:Towering Pillar of Hats","OrangePellets","infinitespire:Golems Mask","Replay:Rubber Ducky","blademaster:SharpBlades+1","Membership Card","Boot","HornCleat","Violence","BargainBundle","Counterbalance"],"campfire_rested":2,"item_purchase_floors":[0,0,0,0,4,4,4,4,4,6,6,6,6,6,8,8,8,8,8,30,30,37,37,37,37,37,45,45],"current_hp_per_floor":[70,70,63,63,69,69,69,69,69,64,33,33,57,54,54,76,81,61,61,61,61,56,56,56,56,56,56,56,56,56,56,50,81,81,81,61,61,61,61,81,81,81,81,81,81,81,81,81,81,81],"gold":102,"neow_bonus":"","is_daily":false,"chose_seed":false,"campfire_upgraded":4,"win_rate":0.0,"timestamp":1612127086,"path_taken":["M","M","?","$","?","$","R","?","T","M","?","?","R","?","R","BOSS","M","M","?","?","M","R","?","?","T","M","?","M","$","M","R","BOSS","M","?","$","M","?","R","M","AVR","T","?","?","R","?","M","R","BOSS"],"items_purchased_type":["Card","Relic","Relic","Relic","Card","Relic","Relic","Relic","Card","Relic","Relic","Relic","Card","Card","Card","Relic","Card","Relic","Relic","Relic","Relic","Card","Relic","Relic","Relic","Card","Relic","Relic"],"build_version":"2020-12-22","purchased_purges":3,"victory":true,"max_hp_per_floor":[75,75,75,75,81,81,81,81,81,81,81,81,81,81,81,81,81,81,81,81,81,81,81,81,81,81,81,81,81,81,81,81,81,81,81,81,81,81,81,81,81,81,81,81,81,81,81,81,81,81],"card_choices":[{"not_picked":["blademaster:BrainBloom","blademaster:Cut","blademaster:SlyStabs"],"picked":"blademaster:AwakeningStrike","floor":1},{"not_picked":["blademaster:Vortex","Runesmith:Attraction","Runesmith:CraftVitae"],"picked":"blademaster:AspectOfWind","floor":2},{"not_picked":["blademaster:BloodyBlow","Runesmith:ChiselStab","Runesmith:UnstableHammer","Runesmith:Terraform"],"picked":"SKIP","floor":10},{"not_picked":["blademaster:Flash","Runesmith:CraftProtectio","blademaster:ChargingUp","Runesmith:NanitesCloud"],"picked":"SKIP","floor":11},{"not_picked":["Runesmith:RuneHurl","Runesmith:ElementalConversion","Runesmith:MakeshiftArmor+1"],"picked":"blademaster:ParryingStrike","floor":18},{"not_picked":["Runesmith:Grindstone+1","blademaster:BloodyBlow","blademaster:FuriousStrike"],"picked":"blademaster:Quickstep+1","floor":19},{"not_picked":["blademaster:Breeze","Runesmith:ChaoticBlast+1","blademaster:Sunder+1","blademaster:ThunderSlash"],"picked":"SKIP","floor":22},{"not_picked":["Runesmith:BackupBattery+1","Runesmith:CraftProtectio","blademaster:AspectOfWind+1","blademaster:LeechingStrike"],"picked":"SKIP","floor":27},{"not_picked":["Runesmith:StaticCage","Runesmith:EnergizedChisel","Runesmith:Malloc"],"picked":"blademaster:ChargingUp+1","floor":28},{"not_picked":["Runesmith:Discharge","Runesmith:HammerThrow","blademaster:HighVoltage","Runesmith:MakeshiftArmor"],"picked":"SKIP","floor":29},{"not_picked":["Runesmith:HammerTime","blademaster:Sharpen+1","blademaster:Slice","Runesmith:CraftIncendium+1"],"picked":"SKIP","floor":31},{"not_picked":["blademaster:CombatPrep","blademaster:RagingBlow","blademaster:Stability+1"],"picked":"blademaster:DragonStrike","floor":32},{"not_picked":["Runesmith:GenerateForcefield","blademaster:Blindside","blademaster:BladeDance+1"],"picked":"blademaster:ColdBlood+1","floor":33},{"not_picked":["Runesmith:CraftMagma+1","blademaster:FuriousStrike+1","blademaster:TraverseCut+1"],"picked":"blademaster:Frontflip+1","floor":35},{"not_picked":["blademaster:AwakeningStrike","Runesmith:CraftMagma","blademaster:AspectOfWind+1"],"picked":"blademaster:Sunder+1","floor":36},{"not_picked":["blademaster:CullingStrike","blademaster:ParryingStrike","Runesmith:Grindstone"],"picked":"blademaster:Stability+1","floor":38},{"not_picked":["ReplayTheSpireMod:??????????????????????","infinitespire:DeathsTouch"],"picked":"infinitespire:Execution","floor":39},{"not_picked":["Runesmith:HeatExchange+1","Runesmith:LithiumIon+1","Runesmith:GenerateForcefield","Runesmith:ChiselStab+1"],"picked":"SKIP","floor":41},{"not_picked":["blademaster:BrainBloom","blademaster:AirSlash","Runesmith:HeatExchange+1","Runesmith:Augment+1"],"picked":"SKIP","floor":47},{"not_picked":["blademaster:BloodyBlow","blademaster:FuriousStrike+1","Runesmith:MetallurgicalResearch"],"picked":"blademaster:Safeguard+1","floor":48}],"player_experience":94578,"relics_obtained":[{"floor":9,"key":"Quantum Egg"},{"floor":12,"key":"aspiration:AnachronicSnailShell"},{"floor":15,"key":"Mummified Hand"},{"floor":21,"key":"Ring of Panic"},{"floor":21,"key":"Ring of Fangs"},{"floor":24,"key":"ReplayTheSpireMod:Ninjato"},{"floor":26,"key":"infinitespire:BottledMercury"},{"floor":32,"key":"infinitespire:Magic Flask"},{"floor":32,"key":"blademaster:BonusFuryPerk"},{"floor":32,"key":"infinitespire:CheckeredPen"},{"floor":36,"key":"infinitespire:WardingShard"},{"floor":43,"key":"infinitespire:Beetle Shell"},{"floor":44,"key":"CaptainsWheel"},{"floor":49,"key":"Ornamental Fan"}],"event_choices":[{"cards_removed":["blademaster:EyeOfTheStorm"],"damage_healed":0,"gold_gain":0,"player_choice":"Card Removal","damage_taken":7,"max_hp_gain":0,"max_hp_loss":0,"event_name":"Golden Wing","floor":3,"gold_loss":0},{"damage_healed":0,"gold_gain":0,"player_choice":"RENOUNCE","damage_taken":343,"max_hp_gain":0,"max_hp_loss":0,"event_name":"betterThird:BetterSerpent","floor":5,"gold_loss":343,"cards_obtained":["Enlightenment"]},{"damage_healed":0,"gold_gain":0,"player_choice":"Relic ","damage_taken":3,"max_hp_gain":0,"max_hp_loss":0,"event_name":"betterThird:BetterScrap","floor":14,"gold_loss":0,"cards_obtained":["Replay:DivineShield"]},{"damage_healed":0,"gold_gain":0,"player_choice":"Madness","damage_taken":0,"relics_obtained":["betterThird:NestCultRelic"],"max_hp_gain":0,"max_hp_loss":0,"event_name":"betterThird:BetterNest","floor":20,"gold_loss":0},{"cards_removed":["Looming Evil"],"damage_healed":0,"gold_gain":0,"player_choice":"Upgrade and Remove","damage_taken":0,"max_hp_gain":0,"max_hp_loss":0,"event_name":"Designer","floor":25,"gold_loss":90,"cards_upgraded":["blademaster:Strike"]},{"damage_healed":0,"gold_gain":0,"player_choice":"Fight","damage_taken":0,"max_hp_gain":0,"max_hp_loss":0,"event_name":"Colosseum","floor":32,"gold_loss":0},{"damage_healed":0,"gold_gain":0,"player_choice":"Fought Nobs","damage_taken":0,"max_hp_gain":0,"max_hp_loss":0,"event_name":"Colosseum","floor":32,"gold_loss":0}],"is_beta":false,"boss_relics":[{"not_picked":["aspiration:RitualDagger","Coffee Dripper"],"picked":"Replay:Bronze Core"},{"not_picked":["conspire:SeveredTorchhead","Runesmith:UraniumAnvil"],"picked":"conspire:RunicOctahedron"}],"items_purged_floors":[0,8,30],"is_endless":false,"potions_floor_spawned":[2,16,19,28,31,32,32,33,41,48],"ascension_level":0}}