{"host":"4pckc3u5mqcilakq","time":1612106784,"event":{"mods":["AchievementEnabler","BaseMod","Bestiary","Colored Map","Colored Powertips","Highlight Path","Minty Spire (QoL Compilation)","Quick Restart","Relic Stats"],"gold_per_floor":[118,118,118,130,148,180,180,209,209,235,235,279,3,23,23,146,146,194,194,134,169,187,239,239,283,283,335,377,411,467,519,531,664,676,708,720,116,116,184,184,264,264,264,264,84,84,157,244,244,244],"floor_reached":51,"language":"ENG","playtime":6901,"items_purged":["Protect","ClearTheMind"],"score":1213,"play_id":"ba26697d-eb55-4e6c-a939-f030e8d0b156","local_time":"20210131182624","is_ascension_mode":true,"campfire_choices":[{"data":"Eruption","floor":7.0,"key":"SMITH"},{"floor":15.0,"key":"REST"},{"data":"WindmillStrike","floor":32.0,"key":"SMITH"},{"data":"Blasphemy","floor":40.0,"key":"SMITH"},{"data":"ClearTheMind","floor":42,"key":"SMITH"},{"data":"BowlingBash","floor":44,"key":"SMITH"},{"data":"Wish","floor":46,"key":"SMITH"},{"data":"Wish","floor":49,"key":"SMITH"}],"circlet_count":0,"master_deck":["Eruption+1","Vigilance","Tantrum","BattleHymn","Consecrate","WindmillStrike+1","Evaluate+1","Devotion+1","BowlingBash+1","Nirvana+1","Adaptation+1","Wish+1","ThirdEye+1","Wallop+1","ThirdEye","CrushJoints+1","FlurryOfBlows+1","ThirdEye+1","CutThroughFate+1","MasterReality+1","BowlingBash+1","Wish+1","Weave+1","ClearTheMind+1","CarveReality+1","Blasphemy+1","Scrawl","Study+1","ForeignInfluence+1","Conclude+1"],"relics":["Black Star","Kunai","Pocketwatch","Anchor","Bottled Flame","Lizard Tail","Omamori","Frozen Egg 2","Bloody Idol","Dream Catcher","Potion Belt","Mummified Hand","SlaversCollar","Mercury Hourglass","Molten Egg 2","War Paint","Toy Ornithopter","Gremlin Horn","MawBank","Ornamental Fan","Pandora\u0027s Box","TeardropLocket","FossilizedHelix","Smiling Mask","Orichalcum","Toxic Egg 2","White Beast Statue","Bottled Tornado"],"acts_visited":["Exordium","TheCity","TheBeyond"],"potions_floor_usage":[41,41,48,50,50],"damage_taken":[{"damage":4.0,"enemies":"2 Louse","floor":1.0,"turns":3.0},{"damage":0.0,"enemies":"Small Slimes","floor":4.0,"turns":2.0},{"damage":2.0,"enemies":"Jaw Worm","floor":5.0,"turns":2.0},{"damage":13.0,"enemies":"Gremlin Nob","floor":6.0,"turns":3.0},{"damage":0.0,"enemies":"3 Sentries","floor":8.0,"turns":2.0},{"damage":10.0,"enemies":"Gremlin Nob","floor":10.0,"turns":3.0},{"damage":0.0,"enemies":"Lagavulin","floor":12.0,"turns":4.0},{"damage":0.0,"enemies":"Looter","floor":14.0,"turns":2.0},{"damage":6.0,"enemies":"The Guardian","floor":16.0,"turns":7.0},{"damage":0.0,"enemies":"Chosen","floor":18.0,"turns":4.0},{"damage":11.0,"enemies":"2 Thieves","floor":21.0,"turns":3.0},{"damage":21.0,"enemies":"Shelled Parasite and Fungi","floor":22.0,"turns":5.0},{"damage":7.0,"enemies":"Slavers","floor":23.0,"turns":4.0},{"damage":39.0,"enemies":"Snake Plant","floor":25.0,"turns":6.0},{"damage":27.0,"enemies":"Gremlin Leader","floor":27.0,"turns":5.0},{"damage":3.0,"enemies":"Snecko","floor":28.0,"turns":8.0},{"damage":11.0,"enemies":"Book of Stabbing","floor":29.0,"turns":5.0},{"damage":4.0,"enemies":"Centurion and Healer","floor":30.0,"turns":3.0},{"damage":3.0,"enemies":"Cultist and Chosen","floor":31.0,"turns":5.0},{"damage":29.0,"enemies":"Automaton","floor":33.0,"turns":10.0},{"damage":9.0,"enemies":"3 Shapes","floor":35.0,"turns":7.0},{"damage":36.0,"enemies":"3 Darklings","floor":39.0,"turns":5.0},{"damage":5,"enemies":"Reptomancer","floor":41,"turns":8},{"damage":16,"enemies":"Jaw Worm Horde","floor":47,"turns":5},{"damage":0,"enemies":"Giant Head","floor":48,"turns":6},{"damage":7,"enemies":"Donu and Deca","floor":50,"turns":5}],"seed_played":"-997314654130831301","potions_obtained":[{"floor":1.0,"key":"BlessingOfTheForge"},{"floor":4.0,"key":"StancePotion"},{"floor":5.0,"key":"Strength Potion"},{"floor":6.0,"key":"Swift Potion"},{"floor":12.0,"key":"Weak Potion"},{"floor":16.0,"key":"DistilledChaos"},{"floor":18.0,"key":"DistilledChaos"},{"floor":22.0,"key":"AttackPotion"},{"floor":23.0,"key":"Dexterity Potion"},{"floor":25.0,"key":"AttackPotion"},{"floor":28.0,"key":"GamblersBrew"},{"floor":31.0,"key":"LiquidBronze"},{"floor":35.0,"key":"FearPotion"},{"floor":38.0,"key":"Energy Potion"},{"floor":38.0,"key":"Regen Potion"},{"floor":48,"key":"ColorlessPotion"}],"is_trial":false,"path_per_floor":["M","?","?","M","M","E","R","E","T","E","?","E","$","M","R","B",null,"M","?","?","M","M","E","?","M","T","E","M","E","M","M","R","B",null,"M","?","$","?","M","R","E","R","T","R","$","R","M","E","R","B",null],"character_chosen":"WATCHER","items_purchased":["Mummified Hand","BowlingBash","TeardropLocket","FossilizedHelix","ForeignInfluence+1","ColorlessPotion"],"campfire_rested":1,"item_purchase_floors":[13,13,37,37,45,45],"current_hp_per_floor":[61,66,66,66,64,51,51,51,51,41,22,22,22,22,45,39,68,68,68,68,72,56,59,59,30,30,13,25,19,35,47,52,38,69,70,73,73,73,46,46,73,73,73,73,73,73,67,73,73,66],"gold":244,"neow_bonus":"BOSS_RELIC","is_daily":false,"chose_seed":false,"campfire_upgraded":7,"win_rate":0.0,"timestamp":1612106784,"path_taken":["M","?","?","M","M","E","R","E","T","E","?","E","$","M","R","BOSS","M","?","?","?","M","E","?","M","T","E","M","E","M","M","R","BOSS","M","?","$","?","?","R","E","R","T","R","$","R","M","E","R","BOSS"],"items_purchased_type":["Relic","Card","Relic","Relic","Card","Potion"],"build_version":"2020-12-22","purchased_purges":2,"victory":true,"max_hp_per_floor":[72,77,77,77,77,77,77,77,77,77,77,77,77,77,77,77,77,77,77,77,77,77,77,77,77,77,77,77,77,77,77,77,77,77,77,73,73,73,73,73,73,73,73,73,73,73,73,73,73,73],"relic_stats":{"Gremlin Horn":[18,18],"counters":[26,121],"War Paint":["ThirdEye","Evaluate"],"Orichalcum":[12],"MawBank":96,"Smiling Mask":50,"Mercury Hourglass":[304],"Lizard Tail":0,"Dream Catcher":1,"Mummified Hand":[119],"Ornamental Fan":[140],"Bloody Idol":170,"Pandora\u0027s Box":["Weave","ClearTheMind","CarveReality","Blasphemy","Scrawl","Protect","Study"],"Black Star":9,"Kunai":[55],"obtain_stats":[{"Gremlin Horn":27,"TeardropLocket":37,"Bottled Tornado":48,"Smiling Mask":41,"Lizard Tail":9,"Dream Catcher":12,"Mummified Hand":13,"Kunai":6,"Toxic Egg 2":43,"Potion Belt":12,"Golden Idol":11,"Omamori":10,"Frozen Egg 2":10,"War Paint":26,"Orichalcum":41,"MawBank":29,"White Beast Statue":48,"Mercury Hourglass":23,"SlaversCollar":17,"Anchor":8,"Bottled Flame":8,"Ornamental Fan":29,"Bloody Idol":19,"Molten Egg 2":23,"Pandora\u0027s Box":34,"Black Star":0,"PureWater":0,"Toy Ornithopter":27,"FossilizedHelix":37,"Pocketwatch":6},{"Gremlin Horn":15,"TeardropLocket":21,"Bottled Tornado":25,"Smiling Mask":23,"Lizard Tail":5,"Dream Catcher":7,"Mummified Hand":7,"Kunai":4,"Toxic Egg 2":23,"Potion Belt":7,"Golden Idol":6,"Omamori":6,"Frozen Egg 2":6,"War Paint":14,"Orichalcum":23,"MawBank":17,"White Beast Statue":25,"Mercury Hourglass":13,"SlaversCollar":9,"Anchor":5,"Bottled Flame":5,"Ornamental Fan":17,"Bloody Idol":10,"Molten Egg 2":13,"Pandora\u0027s Box":20,"Black Star":0,"PureWater":0,"Toy Ornithopter":15,"FossilizedHelix":21,"Pocketwatch":4},{"Gremlin Horn":55,"TeardropLocket":92,"Bottled Tornado":116,"Smiling Mask":105,"Lizard Tail":12,"Dream Catcher":19,"Mummified Hand":19,"Kunai":10,"Toxic Egg 2":105,"Potion Belt":19,"Golden Idol":15,"Omamori":15,"Frozen Egg 2":15,"War Paint":50,"Orichalcum":105,"MawBank":68,"White Beast Statue":116,"Mercury Hourglass":44,"SlaversCollar":28,"Anchor":12,"Bottled Flame":12,"Ornamental Fan":68,"Bloody Idol":32,"Molten Egg 2":44,"Pandora\u0027s Box":86,"Black Star":0,"PureWater":0,"Toy Ornithopter":55,"FossilizedHelix":92,"Pocketwatch":10}],"Toy Ornithopter":20,"Pocketwatch":[63]},"card_choices":[{"not_picked":["Halt","Weave"],"picked":"Tantrum","floor":1.0},{"not_picked":["JustLucky","Prostrate"],"picked":"BattleHymn","floor":4.0},{"not_picked":["SashWhip","ClearTheMind"],"picked":"Consecrate","floor":5.0},{"not_picked":["SpiritShield","InnerPeace"],"picked":"ClearTheMind","floor":6.0},{"not_picked":["EmptyBody","Protect"],"picked":"WindmillStrike","floor":8.0},{"not_picked":["Consecrate","SandsOfTime"],"picked":"Evaluate","floor":10.0},{"not_picked":["BattleHymn+1","Omniscience"],"picked":"Devotion+1","floor":12.0},{"not_picked":["FlyingSleeves","Crescendo"],"picked":"Nirvana+1","floor":14.0},{"not_picked":["EmptyBody","EmptyMind"],"picked":"Adaptation+1","floor":15.0},{"not_picked":["SpiritShield","Scrawl"],"picked":"Wish","floor":16.0},{"not_picked":["Halt","FlyingSleeves"],"picked":"ThirdEye","floor":18.0},{"not_picked":["Swivel","Adaptation+1"],"picked":"Wallop+1","floor":21.0},{"not_picked":["Halt+1","SandsOfTime"],"picked":"ThirdEye","floor":22.0},{"not_picked":["SignatureMove+1","EmptyFist+1"],"picked":"CrushJoints+1","floor":23.0},{"not_picked":["EmptyFist+1","JustLucky+1"],"picked":"FlurryOfBlows+1","floor":25.0},{"not_picked":["Halt","Consecrate+1"],"picked":"ThirdEye+1","floor":27.0},{"not_picked":["Worship+1","DeceiveReality"],"picked":"CutThroughFate+1","floor":28.0},{"not_picked":["LessonLearned+1","FlyingSleeves+1"],"picked":"MasterReality+1","floor":29.0},{"not_picked":["Prostrate","JustLucky+1"],"picked":"BowlingBash+1","floor":30.0},{"not_picked":["FlurryOfBlows+1","Swivel+1","EmptyFist+1"],"picked":"SKIP","floor":31.0},{"not_picked":["Brilliance+1","Blasphemy"],"picked":"Wish","floor":33.0},{"not_picked":["Adaptation+1","Protect","EmptyBody"],"picked":"SKIP","floor":35.0},{"not_picked":["SignatureMove+1","FollowUp+1","InnerPeace+1"],"picked":"SKIP","floor":39.0},{"not_picked":["Halt+1","WindmillStrike+1","Prostrate+1"],"picked":"SKIP","floor":41},{"not_picked":["SashWhip+1","FollowUp+1","JustLucky+1"],"picked":"SKIP","floor":47},{"not_picked":["JustLucky+1","CutThroughFate+1"],"picked":"Conclude+1","floor":48}],"player_experience":230835,"relics_obtained":[{"floor":6.0,"key":"Kunai"},{"floor":6.0,"key":"Pocketwatch"},{"floor":8.0,"key":"Anchor"},{"floor":8.0,"key":"Bottled Flame"},{"floor":9.0,"key":"Lizard Tail"},{"floor":10.0,"key":"Omamori"},{"floor":10.0,"key":"Frozen Egg 2"},{"floor":12.0,"key":"Dream Catcher"},{"floor":12.0,"key":"Potion Belt"},{"floor":23.0,"key":"Mercury Hourglass"},{"floor":23.0,"key":"Molten Egg 2"},{"floor":26.0,"key":"War Paint"},{"floor":27.0,"key":"Toy Ornithopter"},{"floor":27.0,"key":"Gremlin Horn"},{"floor":29.0,"key":"MawBank"},{"floor":29.0,"key":"Ornamental Fan"},{"floor":41,"key":"Smiling Mask"},{"floor":41,"key":"Orichalcum"},{"floor":43,"key":"Toxic Egg 2"},{"floor":48,"key":"White Beast Statue"},{"floor":48,"key":"Bottled Tornado"}],"event_choices":[{"damage_healed":0.0,"max_hp_gain":5.0,"max_hp_loss":0.0,"gold_gain":0.0,"event_name":"Big Fish","player_choice":"Donut","floor":2.0,"gold_loss":0.0,"damage_taken":0.0},{"damage_healed":0.0,"max_hp_gain":0.0,"max_hp_loss":0.0,"gold_gain":0.0,"event_name":"Liars Game","player_choice":"Ignored","floor":3.0,"gold_loss":0.0,"damage_taken":0.0},{"damage_healed":0.0,"max_hp_gain":0.0,"max_hp_loss":0.0,"gold_gain":0.0,"event_name":"Golden Idol","player_choice":"Take Damage","floor":11.0,"gold_loss":0.0,"damage_taken":19.0,"relics_obtained":["Golden Idol"]},{"damage_healed":0.0,"max_hp_gain":0.0,"max_hp_loss":0.0,"gold_gain":0.0,"event_name":"Forgotten Altar","player_choice":"Gave Idol","floor":19.0,"relics_lost":["Golden Idol"],"gold_loss":0.0,"damage_taken":0.0,"relics_obtained":["Bloody Idol"]},{"cards_removed":["Strike_P"],"damage_healed":0.0,"max_hp_gain":0.0,"max_hp_loss":0.0,"gold_gain":0.0,"event_name":"Designer","player_choice":"Single Remove","floor":20.0,"gold_loss":60.0,"damage_taken":0.0},{"damage_healed":0.0,"max_hp_gain":0.0,"max_hp_loss":0.0,"gold_gain":0.0,"event_name":"Vampires","player_choice":"Ignored","floor":24.0,"gold_loss":0.0,"damage_taken":0.0},{"damage_healed":0.0,"max_hp_gain":0.0,"max_hp_loss":4.0,"gold_gain":0.0,"event_name":"Winding Halls","player_choice":"Max HP","floor":36.0,"gold_loss":0.0,"damage_taken":0.0},{"damage_healed":0.0,"max_hp_gain":0.0,"max_hp_loss":0.0,"gold_gain":0.0,"event_name":"Lab","player_choice":"Got Potions","floor":38.0,"gold_loss":0.0,"damage_taken":0.0}],"is_beta":false,"boss_relics":[{"not_picked":["Fusion Hammer","Snecko Eye"],"picked":"SlaversCollar"},{"not_picked":["Runic Pyramid","Velvet Choker"],"picked":"Pandora\u0027s Box"}],"items_purged_floors":[37,45],"is_endless":false,"potions_floor_spawned":[1,4,5,6,12,16,18,22,23,25,28,31,35,48],"ascension_level":7}}