{"host":"6xsbn6ynqlzwllfm","time":1612064473,"event":{"mods":["2.2 Compatiblity","BaseMod","Bestiary","Colored Map","Colored Powertips","Curses Come First","Highlight Path","Keyboard Shortcuts","Minty Spire (QoL Compilation)","Relic Stats","Slay the Relics Exporter","StSLib","SuperFastMode"],"gold_per_floor":[111,111,130,130,146,146,181,181,181,181,211,51,63,77,77,150,150,163,163,163,163],"floor_reached":20,"language":"ENG","playtime":399,"items_purged":[],"score":364,"play_id":"618c7999-e1bc-469b-87bc-4df4f258d4e2","local_time":"20210130224113","is_ascension_mode":true,"campfire_choices":[{"floor":6.0,"key":"REST"},{"floor":10.0,"key":"REST"},{"data":"Wallop","floor":15.0,"key":"SMITH"}],"circlet_count":0,"master_deck":["AscendersBane","Strike_P+1","Strike_P+1","Defend_P","Defend_P","Defend_P","Eruption","Vigilance","MentalFortress","EmptyFist","ReachHeaven","DeusExMachina","Omniscience","Omniscience","Wallop+1","Wallop","Blasphemy","MentalFortress","WindmillStrike","ThirdEye"],"relics":["Velvet Choker","MealTicket","Ancient Tea Set","Sundial","Pen Nib","DollysMirror","Cursed Key"],"acts_visited":["Exordium","TheCity"],"potions_floor_usage":[16,20],"damage_taken":[{"damage":0.0,"enemies":"Small Slimes","floor":1.0,"turns":2.0},{"damage":8.0,"enemies":"2 Louse","floor":3.0,"turns":3.0},{"damage":0.0,"enemies":"Jaw Worm","floor":5.0,"turns":2.0},{"damage":12.0,"enemies":"3 Sentries","floor":7.0,"turns":4.0},{"damage":4.0,"enemies":"Lagavulin","floor":11.0,"turns":7.0},{"damage":1.0,"enemies":"Looter","floor":13.0,"turns":2.0},{"damage":0.0,"enemies":"Large Slime","floor":14.0,"turns":2.0},{"damage":8,"enemies":"Slime Boss","floor":16,"turns":6},{"damage":25,"enemies":"Shell Parasite","floor":18,"turns":4},{"damage":43,"enemies":"3 Byrds","floor":20,"turns":3}],"seed_played":"-3586169256653202346","potions_obtained":[{"floor":1.0,"key":"DistilledChaos"},{"floor":5.0,"key":"ColorlessPotion"},{"floor":7.0,"key":"SteroidPotion"},{"floor":14.0,"key":"FearPotion"},{"floor":16,"key":"Fire Potion"}],"is_trial":false,"path_per_floor":["M","?","M","?","M","R","E","?","T","R","E","$","M","M","R","B",null,"M","?","M"],"character_chosen":"WATCHER","items_purchased":["DollysMirror"],"campfire_rested":2,"item_purchase_floors":[12],"current_hp_per_floor":[61,41,33,15,15,35,23,23,23,43,39,54,53,53,53,45,62,37,37,0,0],"gold":163,"neow_bonus":"BOSS_RELIC","is_daily":false,"chose_seed":false,"campfire_upgraded":1,"win_rate":0.0,"timestamp":1612064473,"path_taken":["M","?","M","?","M","R","E","?","T","R","E","?","M","M","R","BOSS","M","?","M"],"items_purchased_type":["Relic"],"build_version":"2020-12-22","purchased_purges":0,"victory":false,"max_hp_per_floor":[68,68,68,68,68,68,68,68,68,68,68,68,68,68,68,68,68,68,68,68,68],"relic_stats":{"counters":[10,35],"Sundial":[2],"MealTicket":15,"Pen Nib":[3],"Cursed Key":0,"obtain_stats":[{"Sundial":9,"DollysMirror":12,"Velvet Choker":0,"MealTicket":4,"Pen Nib":11,"PureWater":0,"Ancient Tea Set":7,"Cursed Key":17},{"Sundial":4,"DollysMirror":5,"Velvet Choker":0,"MealTicket":2,"Pen Nib":5,"PureWater":0,"Ancient Tea Set":4,"Cursed Key":8},{"Sundial":11,"DollysMirror":18,"Velvet Choker":0,"MealTicket":5,"Pen Nib":18,"PureWater":0,"Ancient Tea Set":11,"Cursed Key":28}]},"card_choices":[{"not_picked":["ThirdEye","EmptyBody"],"picked":"MentalFortress","floor":1.0},{"not_picked":["Swivel","Vengeance"],"picked":"EmptyFist","floor":3.0},{"not_picked":["Nirvana","JustLucky"],"picked":"ReachHeaven","floor":5.0},{"not_picked":["ThirdEye","Perseverance"],"picked":"Omniscience","floor":11.0},{"not_picked":["Weave","CutThroughFate"],"picked":"Wallop","floor":13.0},{"not_picked":["Collect","BowlingBash"],"picked":"Wallop","floor":14.0},{"not_picked":["Scrawl","SpiritShield"],"picked":"Blasphemy","floor":16},{"not_picked":["FlyingSleeves","DeceiveReality"],"picked":"MentalFortress","floor":18}],"player_experience":1319064,"relics_obtained":[{"floor":7.0,"key":"Ancient Tea Set"},{"floor":9.0,"key":"Sundial"},{"floor":11.0,"key":"Pen Nib"}],"event_choices":[{"damage_healed":0.0,"max_hp_gain":0.0,"max_hp_loss":0.0,"gold_gain":0.0,"event_name":"Shining Light","player_choice":"Entered Light","floor":2.0,"gold_loss":0.0,"damage_taken":20.0,"cards_upgraded":["Strike_P","Strike_P"]},{"damage_healed":0.0,"max_hp_gain":0.0,"max_hp_loss":0.0,"gold_gain":0.0,"event_name":"Scrap Ooze","player_choice":"Success","floor":4.0,"gold_loss":0.0,"damage_taken":18.0,"relics_obtained":["MealTicket"]},{"damage_healed":0.0,"max_hp_gain":0.0,"max_hp_loss":0.0,"gold_gain":0.0,"cards_transformed":["Strike_P"],"event_name":"Living Wall","player_choice":"Change","floor":8.0,"gold_loss":0.0,"damage_taken":0.0,"cards_obtained":["DeusExMachina"]},{"damage_healed":0,"gold_gain":0,"cards_transformed":["Strike_P","Defend_P"],"player_choice":"Became Test Subject","damage_taken":0,"max_hp_gain":0,"max_hp_loss":0,"event_name":"Drug Dealer","floor":19,"gold_loss":0,"cards_obtained":["WindmillStrike","ThirdEye"]}],"is_beta":false,"boss_relics":[{"not_picked":["SlaversCollar","VioletLotus"],"picked":"Cursed Key"}],"items_purged_floors":[],"is_endless":false,"potions_floor_spawned":[1,5,7,14,16],"killed_by":"3 Byrds","ascension_level":20}}