{"host":"i4vlfbz13gs2xtdj","time":1612131558,"event":{"mods":["2.2 Compatiblity","AchievementEnabler","Act Like it!","Aspiration","BaseMod","Better Altar","Better Match","Better Note","Better Sensory Stone","Better Skull","Better Third Choice","BetterRewards","Colored Map","Elementarium","Energized Spire","Fox Events","Friendly Minions","GifTheSpireLib","Halation","Hubris","Infinite Spire","Jedi Mod","Minty Spire (QoL Compilation)","Pale of the Ancients","Potionbrewer","Replay The Spire","Shop Mod","Somnambulant","Spikes Relics","StSLib","Stuff the Spire","The Jungle","The Marked","The Sage","Trackpad"],"gold_per_floor":[117,117,117,23,37,65,65,65,65,65,93,110,129,129,129,233,233,243,243,258,271,271,296,296,322,345,345,371,371,371,2,277,377,377,395,395,422,442,442,470,484,484,510,526,526,555,573,586,586,586,586,586,38,73,73],"floor_reached":56,"language":"ENG","playtime":6080,"items_purged":["potionbrewer:PotionbrewerDefend"],"score":1303,"play_id":"c5847340-aa9b-4b9e-b925-6418975d8c0a","local_time":"20210131171918","is_ascension_mode":true,"campfire_choices":[{"data":"jedi:forcepull","floor":8.0,"key":"SMITH"},{"data":"potionbrewer:ChemicalSpill","floor":10.0,"key":"SMITH"},{"data":"potionbrewer:AcidCloud","floor":24,"key":"SMITH"},{"data":"potionbrewer:RefinedProcess","floor":30,"key":"SMITH"},{"floor":42,"key":"RECALL"},{"data":"potionbrewer:Catalyze","floor":49,"key":"SMITH"},{"data":"potionbrewer:DigDeep","floor":52,"key":"SMITH"}],"circlet_count":0,"master_deck":["potionbrewer:PotionbrewerStrike","potionbrewer:PotionbrewerStrike","potionbrewer:PotionbrewerStrike","potionbrewer:PotionbrewerDefend","potionbrewer:PotionbrewerDefend","potionbrewer:PotionbrewerDefend+1","potionbrewer:Collect","potionbrewer:ChemicalSpill+1","potionbrewer:ChokingPowder+1","potionbrewer:AcidCloud+1","potionbrewer:FuelCell","potionbrewer:ChemicalShroud","potionbrewer:Contingency","potionbrewer:DigDeep+1","potionbrewer:IronFlesh","potionbrewer:FlashPowder","potionbrewer:RefinedProcess+1","hubris:DuctTapeCard","potionbrewer:Catalyze+1","potionbrewer:Spark+1","potionbrewer:FortifiedSerum+1","Writhe","potionbrewer:BalancedFormula+1","potionbrewer:Toxicity+1","potionbrewer:QuickStep+1","potionbrewer:IronFist+1","potionbrewer:PortableLab"],"relics":["potionbrewer:PotionKit","NeowsBlessing","aspiration:BabyByrd","SnailShell","jedi:heavyjacket","trackpad:IceCube","halation:PinkSoulGem","SlaversCollar","hubris:Icosahedron","Ancient Tea Set","hubris:Metronome","potionbrewer:AlchemistKit","MerchantsRug","StuffTheSpire:HeavyRock","RollingBoulder","StuffTheSpire:RunicHypercube","hubris:Towel","aspiration:AnachronicSnailShell","Centennial Puzzle","Happy Flower","infinitespire:Golems Mask","infinitespire:Satchel"],"acts_visited":["Exordium","TheCity","TheBeyond","TheEnding"],"potions_floor_usage":[18,18,20,21,21,21,23,23,23,25,28,28,28,28,31,31,35,38,38,40,41,41,44,46,46,47,47,47,47,48,50,50,50,54,55,55,55,55],"damage_taken":[{"damage":0.0,"enemies":"2 Louse","floor":1.0,"turns":1.0},{"damage":0.0,"enemies":"Small Slimes","floor":5.0,"turns":1.0},{"damage":0.0,"enemies":"Lagavulin","floor":6.0,"turns":1.0},{"damage":5.0,"enemies":"Gremlin Nob","floor":11.0,"turns":4.0},{"damage":0.0,"enemies":"Cultist","floor":12.0,"turns":3.0},{"damage":0.0,"enemies":"Looter","floor":13.0,"turns":2.0},{"damage":0.0,"enemies":"Hexaghost","floor":16.0,"turns":11.0},{"damage":0,"enemies":"3 Byrds","floor":18,"turns":5},{"damage":0,"enemies":"Shell Parasite","floor":20,"turns":4},{"damage":4,"enemies":"Snecko","floor":21,"turns":6},{"damage":0,"enemies":"Gremlin Leader","floor":23,"turns":5},{"damage":0,"enemies":"Book of Stabbing","floor":25,"turns":4},{"damage":1,"enemies":"Nightmare","floor":28,"turns":8},{"damage":0,"enemies":"hubris:MusketHawk","floor":33,"turns":1},{"damage":2,"enemies":"Orb Walker","floor":35,"turns":2},{"damage":5,"enemies":"3 Darklings","floor":38,"turns":4},{"damage":7,"enemies":"R_Hoarder","floor":40,"turns":4},{"damage":1,"enemies":"Maw","floor":41,"turns":3},{"damage":2,"enemies":"Spire Growth","floor":44,"turns":2},{"damage":0,"enemies":"Giant Head","floor":46,"turns":6},{"damage":0,"enemies":"Transient","floor":47,"turns":5},{"damage":0,"enemies":"Sphere and 2 Shapes","floor":48,"turns":3},{"damage":0,"enemies":"Replay:Hell Engine","floor":50,"turns":3},{"damage":0,"enemies":"Shield and Spear","floor":54,"turns":4},{"damage":6,"enemies":"The Heart","floor":55,"turns":7}],"seed_played":"4357037894683564538","potions_obtained":[{"floor":1.0,"key":"potionbrewer:SplittingPotion"},{"floor":6.0,"key":"Venom Potion"},{"floor":12.0,"key":"Block Potion"},{"floor":16.0,"key":"Explosive Potion"},{"floor":18,"key":"PowerPotion"},{"floor":21,"key":"SteroidPotion"},{"floor":23,"key":"Elixir"},{"floor":28,"key":"Block Potion"},{"floor":29,"key":"sagemod:Wine"},{"floor":29,"key":"Regen Potion"},{"floor":29,"key":"jedi:wingpotion"},{"floor":29,"key":"sagemod:Wine"},{"floor":37,"key":"DistilledChaos"},{"floor":38,"key":"AttackPotion"},{"floor":47,"key":"Adrenaline Potion"}],"is_trial":false,"path_per_floor":["M","?","?","$","M","E","?","R","T","R","E","M","M","?","R_BF","B",null,"M","?","M","M","?","E","R","E","T","?","NM","AVR","R","$","R_BF","B",null,"M","?","?","M","?","E","M","R","T","M","?","E","M","M","R","B",null,"R","$","E","B",null],"character_chosen":"POTIONBREWER","items_purchased":["jedi:forcepull","Strength Potion","MerchantsRug","StuffTheSpire:HeavyRock","RollingBoulder","DuplicationPotion","Happy Flower","infinitespire:Golems Mask","potionbrewer:PortableLab","EssenceOfSteel"],"campfire_rested":0,"item_purchase_floors":[4,31,31,31,31,31,53,53,53,53],"current_hp_per_floor":[75,60,60,60,60,60,60,60,60,60,55,55,55,55,55,55,75,75,75,75,71,71,71,71,71,71,71,70,70,70,70,70,70,75,73,73,55,50,69,62,61,61,61,59,59,66,66,66,66,66,82,82,82,82,76],"gold":73,"neow_bonus":"THREE_ENEMY_KILL","is_daily":false,"chose_seed":false,"campfire_upgraded":6,"win_rate":0.0,"timestamp":1612131558,"path_taken":["M","?","?","$","M","E","?","R","T","R","E","?","M","?","R_BF","BOSS","M","?","?","?","?","E","R","E","T","?","NM","AVR","R","?","R_BF","BOSS","M","?","?","?","?","E","M","R","T","?","?","E","M","M","R","BOSS","R","$","E","BOSS"],"items_purchased_type":["Card","Potion","Relic","Relic","Relic","Potion","Relic","Relic","Card","Potion"],"build_version":"2020-12-22","purchased_purges":1,"victory":true,"max_hp_per_floor":[75,75,75,75,75,75,75,75,75,75,75,75,75,75,75,75,75,75,75,75,75,75,75,75,75,75,75,75,75,75,75,75,75,75,75,75,75,75,75,75,75,75,75,75,75,82,82,82,82,82,82,82,82,82,82],"card_choices":[{"not_picked":["potionbrewer:Brandish","potionbrewer:VolatileSolution"],"picked":"potionbrewer:ChokingPowder","floor":1.0},{"not_picked":["potionbrewer:Refill","potionbrewer:Biohazard"],"picked":"potionbrewer:AcidCloud","floor":5.0},{"not_picked":["potionbrewer:VolatileSolution","potionbrewer:Shovel"],"picked":"potionbrewer:FuelCell","floor":6.0},{"not_picked":["potionbrewer:Brandish","potionbrewer:FlashPowder"],"picked":"potionbrewer:ChemicalShroud","floor":11.0},{"not_picked":["potionbrewer:Discombobulate","potionbrewer:LabAccident"],"picked":"potionbrewer:Contingency","floor":12.0},{"not_picked":["potionbrewer:TestFormula","potionbrewer:IronHeart"],"picked":"potionbrewer:DigDeep","floor":13.0},{"not_picked":["potionbrewer:TheFinalStraw","potionbrewer:Hoarder"],"picked":"potionbrewer:IronFlesh","floor":16.0},{"not_picked":["potionbrewer:CausticBarrier","potionbrewer:VolatileSolution+1"],"picked":"potionbrewer:FlashPowder","floor":18},{"not_picked":["potionbrewer:AcidCloud","potionbrewer:VolatileSolution+1","potionbrewer:FlashPowder"],"picked":"SKIP","floor":20},{"not_picked":["potionbrewer:FlashPowder+1","potionbrewer:Brandish"],"picked":"potionbrewer:Fuel+1","floor":21},{"not_picked":["potionbrewer:UnstableFormula","potionbrewer:TestSubject+1","potionbrewer:LabAccident"],"picked":"SKIP","floor":23},{"not_picked":["potionbrewer:ChainReaction","potionbrewer:PortableLab"],"picked":"potionbrewer:RefinedProcess","floor":25},{"not_picked":["potionbrewer:FuelCell","potionbrewer:Brandish","potionbrewer:Spark"],"picked":"SKIP","floor":28},{"not_picked":["potionbrewer:Accelerant","potionbrewer:SpecialFormula"],"picked":"potionbrewer:Catalyze","floor":33},{"not_picked":["potionbrewer:Smokescreen+1","potionbrewer:Smack+1"],"picked":"potionbrewer:Spark+1","floor":35},{"not_picked":["potionbrewer:LeftoverSpecimen+1","potionbrewer:Toxicity"],"picked":"potionbrewer:FortifiedSerum+1","floor":37},{"not_picked":["potionbrewer:UnstableFormula+1","potionbrewer:Toxicity","potionbrewer:Experimentation+1"],"picked":"SKIP","floor":38},{"not_picked":["potionbrewer:ChokingPowder+1","potionbrewer:CausticBarrier","potionbrewer:Toxicity"],"picked":"SKIP","floor":40},{"not_picked":["potionbrewer:FlashPowder","potionbrewer:LeftoverSpecimen"],"picked":"potionbrewer:BalancedFormula+1","floor":41},{"not_picked":["potionbrewer:Smokescreen+1","potionbrewer:CausticBarrier"],"picked":"potionbrewer:Toxicity+1","floor":44},{"not_picked":["potionbrewer:Smack+1","potionbrewer:AnotherRound"],"picked":"potionbrewer:QuickStep+1","floor":46},{"not_picked":["potionbrewer:TimeBomb","potionbrewer:Biohazard+1","potionbrewer:BlindingSpray"],"picked":"SKIP","floor":47},{"not_picked":["potionbrewer:TimeBomb","potionbrewer:Brandish+1"],"picked":"potionbrewer:IronFist+1","floor":48},{"not_picked":["potionbrewer:ChemicalShroud","potionbrewer:CausticBarrier","potionbrewer:Smack"],"picked":"SKIP","floor":54}],"player_experience":250253,"relics_obtained":[{"floor":6.0,"key":"SnailShell"},{"floor":9.0,"key":"jedi:heavyjacket"},{"floor":11.0,"key":"trackpad:IceCube"},{"floor":23,"key":"Ancient Tea Set"},{"floor":25,"key":"hubris:Metronome"},{"floor":28,"key":"hubris:DuctTape"},{"floor":40,"key":"aspiration:AnachronicSnailShell"},{"floor":43,"key":"Centennial Puzzle"},{"floor":46,"key":"Strawberry"},{"floor":54,"key":"infinitespire:Satchel"}],"event_choices":[{"damage_healed":75.0,"max_hp_gain":0.0,"max_hp_loss":75.0,"gold_gain":0.0,"event_name":"betterThird:BetterShining","player_choice":"Upgrade","floor":2.0,"gold_loss":0.0,"damage_taken":15.0,"cards_upgraded":["potionbrewer:PotionbrewerDefend","potionbrewer:ChokingPowder"]},{"cards_removed":["potionbrewer:PotionbrewerStrike"],"damage_healed":0.0,"max_hp_gain":0.0,"max_hp_loss":0.0,"gold_gain":0.0,"event_name":"Bonfire Elementals","player_choice":"Offered Basic","floor":7.0,"gold_loss":0.0,"damage_taken":0.0},{"cards_removed":["jedi:forcepull"],"damage_healed":0,"gold_gain":0,"player_choice":"Give","damage_taken":0,"max_hp_gain":0,"max_hp_loss":0,"event_name":"betterNote:BetterNote","floor":19,"gold_loss":0,"cards_obtained":["None"]},{"damage_healed":0,"gold_gain":0,"player_choice":"Ignored","damage_taken":0,"max_hp_gain":0,"max_hp_loss":0,"event_name":"Ghosts","floor":27,"gold_loss":0},{"damage_healed":0,"gold_gain":275,"player_choice":"Desecrate","damage_taken":0,"max_hp_gain":0,"max_hp_loss":0,"event_name":"Golden Shrine","floor":32,"gold_loss":0,"cards_obtained":["Regret"]},{"damage_healed":19,"gold_gain":0,"player_choice":"Writhe","damage_taken":0,"max_hp_gain":0,"max_hp_loss":0,"event_name":"Winding Halls","floor":39,"gold_loss":0,"cards_obtained":["Writhe"]},{"cards_removed":["Regret"],"damage_healed":0,"gold_gain":0,"player_choice":"Purged","damage_taken":0,"max_hp_gain":0,"max_hp_loss":0,"event_name":"Purifier","floor":45,"gold_loss":0}],"is_beta":false,"boss_relics":[{"not_picked":["ReplayTheSpireMod:DimensionalGlitch","Honey Jar"],"picked":"SlaversCollar"},{"not_picked":["hubris:CrackedHourglass","Runic Pyramid"],"picked":"StuffTheSpire:RunicHypercube"}],"items_purged_floors":[31],"is_endless":false,"potions_floor_spawned":[1,6,12,16,18,21,23,28,38,40,47],"ascension_level":2}}