{"host":"8fuipfsvjht9cgcs","time":1612065576,"event":{"mods":["AchievementEnabler","BaseMod","Colored Map","Colored Powertips","DeckTracker","Friendly Minions","Kiyohime£¨?ýï£©","Marisa£¨Ùöéë¡¡Øª×âÞÞ£©","Minty Spire (QoL Compilation)","Prisma Mod","StSLib","SuperFastMode","The Cursed","The Gatherer"],"gold_per_floor":[111,111,126,136,40,40,66,81,156,156,175,250,265,280,280,280,280],"floor_reached":16,"language":"KOR","playtime":510,"items_purged":[],"score":130,"play_id":"f059a813-abec-4fee-abc3-16e8a9d04126","local_time":"20210131165936","is_ascension_mode":true,"campfire_choices":[{"data":"White Noise","floor":6,"key":"SMITH"},{"data":"Machine Learning","floor":10,"key":"SMITH"},{"data":"Capacitor","floor":15,"key":"SMITH"}],"circlet_count":0,"master_deck":["Strike_B","Strike_B","Strike_B","Defend_B","Defend_B","Defend_B","Defend_B","Zap","Dualcast","Meteor Strike","Compile Driver","Electrodynamics","Capacitor+1","White Noise+1","Compile Driver","Machine Learning+1","White Noise","Defragment","Turbo"],"relics":["Cracked Core","Du-Vu Doll","Shuriken"],"acts_visited":["Exordium"],"potions_floor_usage":[13,14,14],"damage_taken":[{"damage":4,"enemies":"2 Louse","floor":1,"turns":2},{"damage":0,"enemies":"Cultist","floor":3,"turns":3},{"damage":4,"enemies":"Jaw Worm","floor":4,"turns":3},{"damage":25,"enemies":"3 Sentries","floor":7,"turns":5},{"damage":0,"enemies":"Large Slime","floor":8,"turns":4},{"damage":1,"enemies":"2 Fungi Beasts","floor":11,"turns":3},{"damage":0,"enemies":"3 Louse","floor":13,"turns":1},{"damage":0,"enemies":"Gremlin Gang","floor":14,"turns":2},{"damage":34,"enemies":"Hexaghost","floor":16,"turns":7}],"seed_played":"-7543522678223000074","potions_obtained":[{"floor":7,"key":"SkillPotion"},{"floor":8,"key":"Fire Potion"},{"floor":13,"key":"LiquidMemories"}],"is_trial":false,"path_per_floor":["M","?","M","M","$","R","E","M","T","R","M","?","M","M","R","B"],"character_chosen":"DEFECT","items_purchased":["White Noise","Compile Driver"],"campfire_rested":0,"item_purchase_floors":[5,5],"current_hp_per_floor":[71,71,71,67,67,67,42,42,42,42,41,30,30,30,30,0,0],"gold":280,"neow_bonus":"ONE_RANDOM_RARE_CARD","is_daily":false,"chose_seed":false,"campfire_upgraded":3,"win_rate":0.0,"timestamp":1612065576,"path_taken":["M","?","?","M","$","R","E","M","T","R","M","?","M","M","R","BOSS"],"items_purchased_type":["Card","Card"],"build_version":"2020-12-22","purchased_purges":0,"victory":false,"max_hp_per_floor":[75,75,75,75,75,75,75,75,75,75,75,75,75,75,75,75,75],"card_choices":[{"not_picked":["Stack","Cold Snap"],"picked":"Compile Driver","floor":1},{"not_picked":["Coolheaded","Consume"],"picked":"Electrodynamics","floor":3},{"not_picked":["Coolheaded","Streamline"],"picked":"Capacitor","floor":4},{"not_picked":["Gash","Scrape"],"picked":"Machine Learning","floor":7},{"not_picked":["Ball Lightning","Darkness"],"picked":"White Noise","floor":8},{"not_picked":["Sweeping Beam","Static Discharge"],"picked":"Defragment","floor":11},{"not_picked":["Compile Driver","Hello World","Reinforced Body"],"picked":"SKIP","floor":13},{"not_picked":["Steam","Beam Cell"],"picked":"Turbo","floor":14}],"player_experience":471117,"relics_obtained":[{"floor":7,"key":"Du-Vu Doll"},{"floor":9,"key":"Shuriken"}],"event_choices":[{"cards_removed":["Strike_B"],"damage_healed":0,"gold_gain":0,"player_choice":"Offered Basic","damage_taken":0,"max_hp_gain":0,"max_hp_loss":0,"event_name":"Bonfire Elementals","floor":2,"gold_loss":0},{"damage_healed":0,"gold_gain":75,"player_choice":"Gather Gold","damage_taken":11,"max_hp_gain":0,"max_hp_loss":0,"event_name":"World of Goop","floor":12,"gold_loss":0}],"is_beta":false,"boss_relics":[],"items_purged_floors":[],"is_endless":false,"potions_floor_spawned":[7,8,13],"killed_by":"Hexaghost","ascension_level":5}}