{"host":"c3lc60y5x60jlt1y","time":1612098608,"event":{"mods":["AchievementEnabler","BaseMod","Bestiary","Colored Map","Minty Spire (QoL Compilation)","Quick Restart","StSLib","ojb\u0027s Info Mod"],"gold_per_floor":[109,129,144,144,144,144,158,158,183,183,194,194,220,240,240,240,240],"floor_reached":16,"language":"ENG","playtime":1102,"items_purged":[],"score":102,"play_id":"eb725106-3e3f-4230-a6c8-5b9d3bbdb689","local_time":"20210131151008","is_ascension_mode":false,"campfire_choices":[{"data":"Riddle With Holes","floor":6,"key":"SMITH"},{"floor":8,"key":"REST"},{"data":"Acrobatics","floor":10,"key":"SMITH"},{"data":"Blade Dance","floor":12,"key":"SMITH"},{"data":"Burst","floor":15,"key":"SMITH"}],"circlet_count":0,"master_deck":["Strike_G","Strike_G","Strike_G","Defend_G","Defend_G","Defend_G","Defend_G","Survivor","Neutralize","Riddle With Holes+1","Heel Hook","Backflip","Quick Slash","Blade Dance+1","Acrobatics+1","Calculated Gamble","Burst+1","Underhanded Strike"],"relics":["Ring of the Snake","Strawberry","Oddly Smooth Stone","Akabeko"],"acts_visited":["Exordium"],"potions_floor_usage":[16],"damage_taken":[{"damage":2,"enemies":"Cultist","floor":1,"turns":4},{"damage":6,"enemies":"Jaw Worm","floor":2,"turns":3},{"damage":0,"enemies":"Small Slimes","floor":3,"turns":3},{"damage":13,"enemies":"Exordium Thugs","floor":7,"turns":6},{"damage":0,"enemies":"Large Slime","floor":11,"turns":3},{"damage":14,"enemies":"Lagavulin","floor":13,"turns":5},{"damage":0,"enemies":"Looter","floor":14,"turns":1},{"damage":21,"enemies":"Hexaghost","floor":16,"turns":9}],"seed_played":"3608516697904226581","potions_obtained":[{"floor":7,"key":"Explosive Potion"},{"floor":11,"key":"Weak Potion"},{"floor":14,"key":"Ancient Potion"}],"is_trial":false,"path_per_floor":["M","M","M","?","?","R","M","R","T","R","M","R","E","M","R","B"],"character_chosen":"THE_SILENT","items_purchased":[],"campfire_rested":1,"item_purchase_floors":[],"current_hp_per_floor":[47,41,41,30,23,23,10,33,33,33,33,33,19,19,19,0,0],"gold":240,"neow_bonus":"TRANSFORM_TWO_CARDS","is_daily":false,"chose_seed":false,"campfire_upgraded":4,"win_rate":0.0,"timestamp":1612098608,"path_taken":["M","?","?","?","?","R","M","R","T","R","M","R","E","?","R","BOSS"],"items_purchased_type":[],"build_version":"2020-12-22","purchased_purges":0,"victory":false,"max_hp_per_floor":[70,70,70,77,77,77,77,77,77,77,77,77,77,77,77,77,77],"card_choices":[{"not_picked":["Deflect","Caltrops"],"picked":"Backflip","floor":1},{"not_picked":["Expertise","Dagger Spray"],"picked":"Quick Slash","floor":2},{"not_picked":["Noxious Fumes","Outmaneuver"],"picked":"Blade Dance","floor":3},{"not_picked":["Dagger Throw","Bane"],"picked":"Acrobatics","floor":7},{"not_picked":["Backflip","PiercingWail"],"picked":"Calculated Gamble","floor":11},{"not_picked":["Underhanded Strike","Prepared"],"picked":"Burst","floor":13},{"not_picked":["Endless Agony","Accuracy"],"picked":"Underhanded Strike","floor":14}],"player_experience":8870351,"relics_obtained":[{"floor":9,"key":"Oddly Smooth Stone"},{"floor":13,"key":"Akabeko"}],"event_choices":[{"damage_healed":0,"gold_gain":0,"player_choice":"Success","damage_taken":18,"relics_obtained":["Strawberry"],"max_hp_gain":0,"max_hp_loss":0,"event_name":"Scrap Ooze","floor":4,"gold_loss":0},{"cards_removed":["Strike_G"],"damage_healed":0,"gold_gain":0,"player_choice":"Card Removal","damage_taken":7,"max_hp_gain":0,"max_hp_loss":0,"event_name":"Golden Wing","floor":5,"gold_loss":0}],"is_beta":false,"boss_relics":[],"items_purged_floors":[],"is_endless":false,"potions_floor_spawned":[7,11,14],"killed_by":"Hexaghost","ascension_level":0}}