{"host":"y76x98twjnyyxs83","time":1612129289,"event":{"mods":["BaseMod","Colored Powertips","Minty Spire (QoL Compilation)","Permanent Neow","Quick Restart","Rare Cards Sparkle","Relic Stats","StSLib"],"gold_per_floor":[116,116,126,136,9,43,53,65,65,91,91,102,202,235,235,314,314,326,336,336,336],"floor_reached":20,"language":"ENG","playtime":1032,"items_purged":["Defend_P"],"score":492,"play_id":"5c170d1a-9192-4bf4-a07f-a5f5afc12c2d","local_time":"20210201054129","is_ascension_mode":true,"campfire_choices":[{"data":"Conclude","floor":15,"key":"SMITH"}],"circlet_count":0,"master_deck":["AscendersBane","Strike_P","Strike_P","Strike_P","Strike_P","Defend_P","Defend_P","Defend_P","Eruption","Vigilance","Wallop","Halt","EmptyFist","CutThroughFate","Conclude+1","FlurryOfBlows","FearNoEvil","Halt","Meditate","ConjureBlade","FlurryOfBlows"],"relics":["Runic Pyramid","White Beast Statue","FossilizedHelix","Meat on the Bone","Pocketwatch","SlaversCollar"],"acts_visited":["Exordium","TheCity"],"potions_floor_usage":[6],"damage_taken":[{"damage":0,"enemies":"Cultist","floor":1,"turns":3},{"damage":0,"enemies":"Small Slimes","floor":3,"turns":4},{"damage":0,"enemies":"Jaw Worm","floor":4,"turns":3},{"damage":16,"enemies":"Gremlin Nob","floor":6,"turns":4},{"damage":8,"enemies":"Large Slime","floor":7,"turns":4},{"damage":10,"enemies":"Lots of Slimes","floor":8,"turns":2},{"damage":0,"enemies":"Lagavulin","floor":10,"turns":4},{"damage":0,"enemies":"Looter","floor":12,"turns":3},{"damage":0,"enemies":"Gremlin Nob","floor":14,"turns":4},{"damage":7,"enemies":"The Guardian","floor":16,"turns":11},{"damage":0,"enemies":"Spheric Guardian","floor":18,"turns":3},{"damage":19,"enemies":"Shell Parasite","floor":19,"turns":6},{"damage":52,"enemies":"Snake Plant","floor":20,"turns":6}],"seed_played":"-7666608591617703184","potions_obtained":[{"floor":1,"key":"StancePotion"},{"floor":2,"key":"EssenceOfSteel"},{"floor":6,"key":"Weak Potion"},{"floor":7,"key":"CultistPotion"},{"floor":10,"key":"SkillPotion"},{"floor":16,"key":"DuplicationPotion"}],"is_trial":false,"path_per_floor":["M","?","M","M","$","E","M","M","T","E","?","M","?","E","R","B",null,"M","M","M"],"character_chosen":"WATCHER","items_purchased":["CutThroughFate"],"campfire_rested":0,"item_purchase_floors":[5],"current_hp_per_floor":[61,61,61,61,61,45,37,27,27,27,32,44,44,44,44,37,64,64,45,0,0],"gold":336,"neow_bonus":"BOSS_RELIC","is_daily":false,"chose_seed":false,"campfire_upgraded":1,"win_rate":0.0,"timestamp":1612129289,"path_taken":["M","?","M","M","?","E","M","M","T","E","?","?","?","E","R","BOSS","M","?","M"],"items_purchased_type":["Card"],"build_version":"2020-12-22","purchased_purges":1,"victory":false,"max_hp_per_floor":[68,68,68,68,68,68,68,68,68,68,73,73,73,73,73,73,73,73,73,73,73],"relic_stats":{"counters":[13,57],"obtain_stats":[{"SlaversCollar":17,"PureWater":0,"White Beast Statue":6,"FossilizedHelix":9,"Runic Pyramid":0,"Meat on the Bone":10,"Pocketwatch":14},{"SlaversCollar":10,"PureWater":0,"White Beast Statue":4,"FossilizedHelix":6,"Runic Pyramid":0,"Meat on the Bone":7,"Pocketwatch":9},{"SlaversCollar":42,"PureWater":0,"White Beast Statue":14,"FossilizedHelix":20,"Runic Pyramid":0,"Meat on the Bone":24,"Pocketwatch":31}],"Meat on the Bone":12,"Pocketwatch":[7]},"card_choices":[{"not_picked":["ThirdEye","Nirvana"],"picked":"Wallop","floor":1},{"not_picked":["SashWhip","BowlingBash"],"picked":"Halt","floor":3},{"not_picked":["PathToVictory","CrushJoints"],"picked":"EmptyFist","floor":4},{"not_picked":["Swivel","EmptyMind"],"picked":"Conclude","floor":6},{"not_picked":["Sanctity","Swivel","Study"],"picked":"SKIP","floor":7},{"not_picked":["Protect","Evaluate"],"picked":"FlurryOfBlows","floor":8},{"not_picked":["Wallop","Halt"],"picked":"FearNoEvil","floor":10},{"not_picked":["Fasting2","WreathOfFlame"],"picked":"Halt","floor":12},{"not_picked":["Crescendo","Prostrate"],"picked":"Meditate","floor":14},{"not_picked":["Scrawl","DeusExMachina"],"picked":"ConjureBlade","floor":16},{"not_picked":["Weave","Worship"],"picked":"FlurryOfBlows","floor":18},{"not_picked":["CrushJoints","Conclude","ClearTheMind"],"picked":"SKIP","floor":19}],"player_experience":1183688,"relics_obtained":[{"floor":6,"key":"White Beast Statue"},{"floor":9,"key":"FossilizedHelix"},{"floor":10,"key":"Meat on the Bone"},{"floor":14,"key":"Pocketwatch"}],"event_choices":[{"damage_healed":0,"gold_gain":0,"player_choice":"Got Potions","damage_taken":0,"max_hp_gain":0,"max_hp_loss":0,"event_name":"Lab","floor":2,"gold_loss":0},{"damage_healed":0,"gold_gain":0,"player_choice":"Donut","damage_taken":0,"max_hp_gain":5,"max_hp_loss":0,"event_name":"Big Fish","floor":11,"gold_loss":0},{"damage_healed":0,"gold_gain":100,"player_choice":"Gold","damage_taken":0,"max_hp_gain":0,"max_hp_loss":0,"event_name":"Wheel of Change","floor":13,"gold_loss":0}],"is_beta":false,"boss_relics":[{"not_picked":["Calling Bell","Empty Cage"],"picked":"SlaversCollar"}],"items_purged_floors":[5],"is_endless":false,"potions_floor_spawned":[1,6,7,8,10,12,14,16,18,19],"killed_by":"Snake Plant","ascension_level":20}}