{"host":"yrnalve8h0i0utgz","time":1612123433,"event":{"mods":["BaseMod","Bestiary","Minty Spire (QoL Compilation)","StSLib","SuperFastMode","The Bladedancer"],"gold_per_floor":[109,127,147,159,171,171,188,188,188,188,188,201,201,217,217,217,217],"floor_reached":16,"language":"ENG","playtime":854,"items_purged":[],"score":96,"play_id":"04404c80-afd3-499d-98e1-a3b0a880cbce","local_time":"20210131210353","is_ascension_mode":false,"campfire_choices":[{"data":"blademaster:AspectOfWind","floor":6,"key":"SMITH"},{"data":"blademaster:Frontflip","floor":8,"key":"SMITH"},{"data":"blademaster:AspectOfLightning","floor":10,"key":"SMITH"},{"data":"blademaster:AncestralHealing","floor":15,"key":"SMITH"}],"circlet_count":0,"master_deck":["blademaster:Strike","blademaster:Strike","blademaster:Strike","blademaster:Strike","blademaster:Defend","blademaster:Defend","blademaster:Defend+1","blademaster:RagingBlow","blademaster:HighVoltage","blademaster:AwakeningDefend","blademaster:AspectOfLightning+1","blademaster:Stability","blademaster:AspectOfWind+1","blademaster:DancingEdge","blademaster:Frontflip+1","blademaster:Breeze","blademaster:DragonStrike","blademaster:AncestralHealing+1"],"relics":["blademaster:DancersAmulet","NeowsBlessing","FossilizedHelix"],"acts_visited":["Exordium"],"potions_floor_usage":[16,16],"damage_taken":[{"damage":0,"enemies":"Jaw Worm","floor":1,"turns":1},{"damage":0,"enemies":"Cultist","floor":2,"turns":1},{"damage":0,"enemies":"2 Louse","floor":3,"turns":1},{"damage":6,"enemies":"Red Slaver","floor":4,"turns":5},{"damage":0,"enemies":"Exordium Wildlife","floor":5,"turns":4},{"damage":11,"enemies":"3 Louse","floor":7,"turns":5},{"damage":11,"enemies":"Large Slime","floor":12,"turns":9},{"damage":5,"enemies":"Looter","floor":14,"turns":3},{"damage":55,"enemies":"Slime Boss","floor":16,"turns":11}],"seed_played":"-5406966776515381138","potions_obtained":[{"floor":1,"key":"FearPotion"},{"floor":2,"key":"Weak Potion"},{"floor":4,"key":"SpeedPotion"}],"is_trial":false,"path_per_floor":["M","M","M","M","M","R","M","R","T","R","?","M","?","M","R","B"],"character_chosen":"THE_BLADEMASTER","items_purchased":[],"campfire_rested":0,"item_purchase_floors":[],"current_hp_per_floor":[75,75,75,69,69,69,58,58,58,58,58,47,47,42,42,0,0],"gold":217,"neow_bonus":"THREE_ENEMY_KILL","is_daily":false,"chose_seed":false,"campfire_upgraded":4,"win_rate":0.0,"timestamp":1612123433,"path_taken":["M","M","M","M","M","R","M","R","T","R","?","?","?","M","R","BOSS"],"items_purchased_type":[],"build_version":"2020-12-22","purchased_purges":0,"victory":false,"max_hp_per_floor":[75,75,75,75,75,75,75,75,75,75,75,75,75,75,75,75,75],"card_choices":[{"not_picked":["blademaster:DragonStrike","blademaster:ThunderingOpener"],"picked":"blademaster:AwakeningDefend","floor":1},{"not_picked":["blademaster:Bloodbath","blademaster:BrainBloom"],"picked":"blademaster:AspectOfLightning","floor":2},{"not_picked":["blademaster:Sunder","blademaster:ThreePointStrike"],"picked":"blademaster:Stability","floor":3},{"not_picked":["blademaster:SlyStabs","blademaster:Quickstep"],"picked":"blademaster:AspectOfWind","floor":4},{"not_picked":["blademaster:LightningCrash","blademaster:Frontflip"],"picked":"blademaster:DancingEdge","floor":5},{"not_picked":["blademaster:Safeguard","blademaster:EyeOfTheTornado"],"picked":"blademaster:Frontflip","floor":7},{"not_picked":["blademaster:Frontflip","blademaster:KiBarrier"],"picked":"blademaster:Breeze","floor":12},{"not_picked":["blademaster:AspectOfWind","blademaster:Frenzy"],"picked":"blademaster:AncestralHealing","floor":14}],"player_experience":265643,"relics_obtained":[{"floor":9,"key":"FossilizedHelix"}],"event_choices":[{"damage_healed":0,"gold_gain":0,"player_choice":"Upgraded","damage_taken":0,"max_hp_gain":0,"max_hp_loss":0,"event_name":"Upgrade Shrine","floor":11,"gold_loss":0,"cards_upgraded":["blademaster:Defend"]},{"damage_healed":0,"gold_gain":0,"cards_transformed":["blademaster:Defend"],"player_choice":"Transformed","damage_taken":0,"max_hp_gain":0,"max_hp_loss":0,"event_name":"Transmorgrifier","floor":13,"gold_loss":0,"cards_obtained":["blademaster:DragonStrike"]}],"is_beta":false,"boss_relics":[],"items_purged_floors":[],"is_endless":false,"potions_floor_spawned":[1,2,4,12],"killed_by":"Slime Boss","ascension_level":0}}