{"host":"dscols65uipasqd2","time":1612056723,"event":{"mods":["2.2 Compatiblity","AchievementEnabler","Aspiration","BaseMod","Colored Powertips","Downfall","Energized Spire","GifTheSpireLib","Hermit","Hubris","Infinite Spire","JesterMod","Jorbs\u0027s Wanderer Trilogy","Magitek Elite","Marisa????????","Minty Spire (QoL Compilation)","Rare Cards Sparkle","Replay The Spire","StSLib","Stuff the Spire","The Cursed","The Disciple","The Hierophant","The Judge","The Jungle","TheFirefly"],"gold_per_floor":[99,99,99,99,99,99,176,33,33,46,146,146,25,25,41,139,139,39,55,74,86,86,105,105,136,151,151,151,151],"floor_reached":27,"language":"ENG","playtime":1433,"items_purged":[],"score":269,"play_id":"b6013a40-c4aa-4076-b844-7cdb364ea1d0","local_time":"20210130203203","is_ascension_mode":false,"campfire_choices":[{"floor":1,"key":"RECALL"},{"floor":12,"key":"REST"}],"circlet_count":0,"master_deck":["sneckomod:TailWhip","sneckomod:SnekBite","sneckomod:Unknown","sneckomod:Unknown","sneckomod:UnknownUncommonSkill","sneckomod:SoulDraw","sneckomod:IronFang","sneckomod:UnendingSupply","expansioncontent:AwakenDeath","sneckomod:UnknownBlock","sneckomod:ImprovisedAttack","expansioncontent:Chronoboost","sneckomod:RainOfDice","sneckomod:MorePower","sneckomod:UnknownUncommonPower+1","sneckomod:Unknown3Cost","sneckomod:UnknownRarePower","sneckomod:RainOfDice","sneckomod:UnknownVulnerable","sneckomod:QuickBite","sneckomod:SoulExchange","Slimebound:PrepareCrush","sneckomod:UnknownBoss+1","sneckomod:UnknownExhaust","sneckomod:SoulRoll+1","sneckomod:TrashToTreasure","Pride","sneckomod:UnknownBoss+1","sneckomod:SerpentIdol","sneckomod:WideSting+1","sneckomod:UnknownClassTHE_CHAMP_GRAY"],"relics":["sneckomod:SneckoSoul","downfall:HeartsMalice","hubris:DeadTorch","Replay:WaspNest","Pandora\u0027s Box","downfall:HeartBlessingRed","infinitespire:CheckeredPen","Bag of Preparation"],"acts_visited":["Exordium","TheCity"],"potions_floor_usage":[16,23,25,25,25,26],"damage_taken":[{"damage":0,"enemies":"Jaw Worm","floor":2,"turns":1},{"damage":0,"enemies":"Small Slimes","floor":4,"turns":1},{"damage":0,"enemies":"2 Louse","floor":6,"turns":1},{"damage":14,"enemies":"downfall:FleeingMerchant","floor":8,"turns":4},{"damage":14,"enemies":"Blue Slaver","floor":10,"turns":4},{"damage":0,"enemies":"downfall:FleeingMerchant","floor":13,"turns":4},{"damage":13,"enemies":"3 Louse","floor":15,"turns":4},{"damage":38,"enemies":"SI_SHIV_ARCHETYPE","floor":16,"turns":6},{"damage":33,"enemies":"Spheric Guardian","floor":19,"turns":5},{"damage":5,"enemies":"Snecko","floor":20,"turns":3},{"damage":32,"enemies":"Snake Plant","floor":21,"turns":4},{"damage":26,"enemies":"Chosen and Byrds","floor":23,"turns":4},{"damage":38,"enemies":"Slavers","floor":25,"turns":6},{"damage":0,"enemies":"Snecko","floor":26,"turns":3},{"damage":14,"enemies":"Nightmare","floor":27,"turns":2}],"seed_played":"-8852169904086801591","potions_obtained":[{"floor":15,"key":"sneckomod:MuddlingPotion"},{"floor":16,"key":"Swift Potion"},{"floor":21,"key":"Swift Potion"},{"floor":23,"key":"Dexterity Potion"},{"floor":25,"key":"LifebloodPotion"}],"is_trial":false,"path_per_floor":["R","M","?","M","?","M","T","$","R","M","?","R","$","?","M","B",null,"R","M","M","M","?","M","T","E","M","NM"],"character_chosen":"THE_SNECKO","items_purchased":["expansioncontent:AwakenDeath","sneckomod:UnknownUncommonPower","expansioncontent:Chronoboost","sneckomod:RainOfDice"],"campfire_rested":1,"item_purchase_floors":[8,8,13,13],"current_hp_per_floor":[90,90,87,87,87,87,87,73,73,59,59,86,86,90,78,40,91,91,65,63,42,42,31,31,7,10,0,0,0],"gold":151,"neow_bonus":"THREE_ENEMY_KILL","is_daily":false,"chose_seed":false,"campfire_upgraded":0,"win_rate":0.0,"timestamp":1612056723,"path_taken":["R","M","?","M","?","M","T","$","R","M","?","R","?","?","M","BOSS","R","M","M","?","?","M","T","E","M","NM"],"items_purchased_type":["Card","Card","Card","Card"],"build_version":"2020-12-22","purchased_purges":0,"victory":false,"max_hp_per_floor":[90,90,90,90,90,90,90,90,90,90,90,90,90,90,91,91,91,91,98,101,112,112,117,117,131,134,137,137,137],"card_choices":[{"not_picked":["sneckomod:UnknownCommonSkill","sneckomod:Rotation"],"picked":"sneckomod:UnknownUncommonSkill","floor":2},{"not_picked":["sneckomod:DiceCrush","sneckomod:DefensiveFlair"],"picked":"sneckomod:SoulDraw","floor":4},{"not_picked":["sneckomod:UnknownCommonSkill","sneckomod:RainOfDice"],"picked":"sneckomod:IronFang","floor":6},{"not_picked":["sneckomod:DiceBoulder","sneckomod:Unknown1Cost"],"picked":"sneckomod:UnendingSupply","floor":8},{"not_picked":["sneckomod:SnekBeam","sneckomod:UnendingSupply"],"picked":"sneckomod:UnknownBlock","floor":10},{"not_picked":["sneckomod:UnknownCommonSkill","sneckomod:SoulRoll"],"picked":"sneckomod:ImprovisedAttack","floor":13},{"not_picked":["sneckomod:QuickBite","sneckomod:UnknownUncommonPower"],"picked":"sneckomod:MorePower","floor":15},{"not_picked":["sneckomod:UnknownBlock+1","sneckomod:UnknownCommonAttack+1"],"picked":"sneckomod:UnknownUncommonPower+1","floor":16},{"not_picked":["sneckomod:DangerNoodle","sneckomod:Mudshield"],"picked":"sneckomod:Unknown3Cost","floor":16},{"not_picked":["sneckomod:UnknownUncommonPower+1","sneckomod:UnknownUncommonAttack+1"],"picked":"sneckomod:UnknownBoss+1","floor":19},{"not_picked":["sneckomod:Nope","sneckomod:DiceBoulder"],"picked":"sneckomod:UnknownExhaust","floor":19},{"not_picked":["sneckomod:ImprovisedAttack","sneckomod:UnknownCommonSkill"],"picked":"sneckomod:SoulRoll+1","floor":20},{"not_picked":["sneckomod:RainOfDice","sneckomod:QuickBite"],"picked":"sneckomod:TrashToTreasure","floor":21},{"not_picked":["sneckomod:UnknownVulnerable+1","sneckomod:Unknown2Cost+1"],"picked":"sneckomod:UnknownBoss+1","floor":23},{"not_picked":["sneckomod:SoulDraw","sneckomod:UnknownUncommonPower"],"picked":"sneckomod:SerpentIdol","floor":23},{"not_picked":["sneckomod:CheapStock","sneckomod:MorePower"],"picked":"sneckomod:WideSting+1","floor":25},{"not_picked":["sneckomod:WideSting","sneckomod:UnknownClassGREEN"],"picked":"sneckomod:UnknownClassTHE_CHAMP_GRAY","floor":26}],"player_experience":503548,"relics_obtained":[{"floor":7,"key":"Replay:WaspNest"},{"floor":25,"key":"Bag of Preparation"}],"event_choices":[{"damage_healed":0,"gold_gain":0,"player_choice":"Success","damage_taken":3,"relics_obtained":["Dead Branch"],"max_hp_gain":0,"max_hp_loss":0,"event_name":"Scrap Ooze","floor":3,"gold_loss":0},{"cards_removed":["Slimebound:BestDefense"],"damage_healed":4,"gold_gain":0,"player_choice":"Offered Uncommon","damage_taken":0,"max_hp_gain":0,"max_hp_loss":0,"event_name":"Bonfire Elementals","floor":14,"gold_loss":0},{"damage_healed":0,"gold_gain":0,"player_choice":"Stole Relic","damage_taken":0,"relics_obtained":["infinitespire:CheckeredPen"],"max_hp_gain":0,"max_hp_loss":0,"event_name":"Addict","floor":22,"gold_loss":0,"cards_obtained":["Pride"]}],"is_beta":false,"boss_relics":[{"not_picked":["Replay:Drink Me","hubris:RunicObelisk"],"picked":"Pandora\u0027s Box"}],"items_purged_floors":[],"is_endless":false,"potions_floor_spawned":[15,16,21,23,25],"killed_by":"Nightmare","ascension_level":0}}