{"host":"BaronFel","time":1612054601,"event":{"mods":["BaseMod","Filter the Spire","Highlight Path","Minty Spire (QoL Compilation)","Relic Stats","ojb\u0027s Info Mod"],"gold_per_floor":[18,18,33,45,45,45,80,99,99,125,139,150,150,170,170,247,247,266,150,150,165,165,165,195,211,211,230,230,261,261,90,90,164,164,182,193,206,219,238,238,270,270,323,323,339,339,339,364,364,364,364,364],"floor_reached":51,"language":"ENG","playtime":5701,"items_purged":["Choke"],"score":1718,"play_id":"2b407026-f090-4053-aa73-6613a352d6bb","local_time":"20210130185641","is_ascension_mode":true,"campfire_choices":[{"data":"Cloak And Dagger","floor":6.0,"key":"SMITH"},{"data":"Cloak And Dagger","floor":13.0,"key":"SMITH"},{"data":"Accuracy","floor":15.0,"key":"SMITH"},{"data":"Adrenaline","floor":23.0,"key":"SMITH"},{"data":"Terror","floor":28.0,"key":"SMITH"},{"data":"Malaise","floor":30.0,"key":"SMITH"},{"data":"Neutralize","floor":32.0,"key":"SMITH"},{"data":"Tactician","floor":40.0,"key":"SMITH"},{"floor":49.0,"key":"RECALL"}],"circlet_count":0,"master_deck":["AscendersBane","Survivor","Neutralize+1","Blade Dance","Accuracy+1","Cloak And Dagger+1","Acrobatics","Reflex","Cloak And Dagger+1","PiercingWail","Blade Dance","Adrenaline+1","Terror+1","Malaise+1","Accuracy","PiercingWail","Burst","Acrobatics","All Out Attack+1","Backflip","Accuracy","Calculated Gamble","Dagger Throw+1","Malaise","Tactician+1","Blade Dance","Acrobatics"],"relics":["Ring of the Snake","Tingsha","White Beast Statue","Ninja Scroll","Paper Crane","Pandora\u0027s Box","Pear","Ancient Tea Set","Bag of Marbles","SacredBark","Whetstone","Orichalcum","Singing Bowl"],"acts_visited":["Exordium","TheCity","TheBeyond"],"potions_floor_usage":[],"damage_taken":[{"damage":2.0,"enemies":"Cultist","floor":1.0,"turns":5.0},{"damage":0.0,"enemies":"Jaw Worm","floor":3.0,"turns":4.0},{"damage":0.0,"enemies":"2 Louse","floor":4.0,"turns":3.0},{"damage":20.0,"enemies":"3 Sentries","floor":7.0,"turns":5.0},{"damage":0.0,"enemies":"Looter","floor":8.0,"turns":2.0},{"damage":6.0,"enemies":"Lagavulin","floor":10.0,"turns":5.0},{"damage":2.0,"enemies":"Exordium Wildlife","floor":11.0,"turns":2.0},{"damage":0.0,"enemies":"Gremlin Gang","floor":12.0,"turns":3.0},{"damage":1.0,"enemies":"3 Louse","floor":14.0,"turns":3.0},{"damage":1.0,"enemies":"Hexaghost","floor":16.0,"turns":5.0},{"damage":0.0,"enemies":"3 Byrds","floor":18.0,"turns":3.0},{"damage":0.0,"enemies":"Chosen","floor":21.0,"turns":2.0},{"damage":0.0,"enemies":"Slavers","floor":24.0,"turns":1.0},{"damage":0.0,"enemies":"Centurion and Healer","floor":25.0,"turns":3.0},{"damage":3.0,"enemies":"Snake Plant","floor":27.0,"turns":3.0},{"damage":0.0,"enemies":"Book of Stabbing","floor":29.0,"turns":2.0},{"damage":0.0,"enemies":"Collector","floor":33.0,"turns":7.0},{"damage":0.0,"enemies":"3 Darklings","floor":35.0,"turns":2.0},{"damage":0.0,"enemies":"Orb Walker","floor":36.0,"turns":2.0},{"damage":0.0,"enemies":"Maw","floor":37.0,"turns":3.0},{"damage":0.0,"enemies":"Writhing Mass","floor":38.0,"turns":3.0},{"damage":12.0,"enemies":"4 Shapes","floor":39.0,"turns":7.0},{"damage":0.0,"enemies":"Nemesis","floor":41.0,"turns":1.0},{"damage":0.0,"enemies":"Spire Growth","floor":45.0,"turns":2.0},{"damage":5.0,"enemies":"Reptomancer","floor":48.0,"turns":4.0},{"damage":14.0,"enemies":"Time Eater","floor":50.0,"turns":7.0},{"damage":54,"enemies":"Awakened One","floor":51,"turns":8}],"seed_played":"1847477355031597560","potions_obtained":[{"floor":7.0,"key":"LiquidMemories"},{"floor":8.0,"key":"Swift Potion"},{"floor":10.0,"key":"DuplicationPotion"},{"floor":11.0,"key":"PowerPotion"},{"floor":12.0,"key":"BlessingOfTheForge"},{"floor":16.0,"key":"Strength Potion"},{"floor":18.0,"key":"CunningPotion"},{"floor":24.0,"key":"Poison Potion"},{"floor":25.0,"key":"Poison Potion"},{"floor":27.0,"key":"EssenceOfSteel"},{"floor":29.0,"key":"CunningPotion"},{"floor":33.0,"key":"EssenceOfSteel"},{"floor":35.0,"key":"CunningPotion"},{"floor":38.0,"key":"EntropicBrew"},{"floor":39.0,"key":"PowerPotion"},{"floor":41.0,"key":"Energy Potion"},{"floor":45.0,"key":"Dexterity Potion"},{"floor":48.0,"key":"LiquidBronze"}],"is_trial":false,"path_per_floor":["M","?","M","M","?","R","E","M","T","E","M","M","R","M","R","B",null,"M","$","?","M","?","R","E","M","T","M","R","E","R","$","R","B",null,"M","M","M","M","M","R","E","?","T","$","M","?","?","E","R","B","B"],"character_chosen":"THE_SILENT","items_purchased":["Accuracy","Bag of Marbles"],"campfire_rested":0,"item_purchase_floors":[19,31],"current_hp_per_floor":[57,57,57,57,62,62,42,42,42,36,34,34,34,33,33,32,61,61,61,61,61,61,61,71,71,71,68,68,68,68,68,68,68,78,78,78,78,78,66,66,66,66,66,66,66,66,66,63,63,49,0,0],"gold":364,"neow_bonus":"ONE_RARE_RELIC","is_daily":false,"chose_seed":false,"campfire_upgraded":8,"win_rate":0.0,"timestamp":1612054601,"path_taken":["M","?","M","M","?","R","E","M","T","E","M","M","R","M","R","BOSS","M","$","?","M","?","R","E","M","T","M","R","E","R","$","R","BOSS","M","M","M","M","M","R","E","?","T","$","M","?","?","E","R","BOSS","BOSS"],"items_purchased_type":["Card","Relic"],"build_version":"2020-12-18","purchased_purges":1,"victory":false,"max_hp_per_floor":[66,66,66,66,71,71,71,71,71,71,71,71,71,71,71,71,71,71,71,71,71,71,71,81,81,81,81,81,81,81,81,81,81,81,81,81,81,81,81,81,81,81,81,81,81,77,77,79,79,79,79,79],"relic_stats":{"Singing Bowl":2,"counters":[27,97],"Tingsha":[254],"Pandora\u0027s Box":["Terror","Choke","Malaise","Accuracy","PiercingWail","Burst","Acrobatics","All Out Attack","Backflip"],"Whetstone":["All Out Attack"],"Orichalcum":[48],"obtain_stats":[{"Pear":24,"Singing Bowl":48,"SacredBark":34,"Tingsha":0,"Whetstone":41,"Paper Crane":10,"Orichalcum":43,"Ancient Tea Set":29,"White Beast Statue":7,"Ninja Scroll":9,"Pandora\u0027s Box":17,"Bag of Marbles":31,"Ring of the Snake":0},{"Pear":13,"Singing Bowl":25,"SacredBark":17,"Tingsha":0,"Whetstone":23,"Paper Crane":6,"Orichalcum":23,"Ancient Tea Set":16,"White Beast Statue":4,"Ninja Scroll":5,"Pandora\u0027s Box":10,"Bag of Marbles":16,"Ring of the Snake":0},{"Pear":43,"Singing Bowl":82,"SacredBark":58,"Tingsha":0,"Whetstone":76,"Paper Crane":24,"Orichalcum":76,"Ancient Tea Set":51,"White Beast Statue":17,"Ninja Scroll":19,"Pandora\u0027s Box":37,"Bag of Marbles":51,"Ring of the Snake":0}],"Ring of the Snake":[54]},"card_choices":[{"not_picked":["Slice","Deadly Poison"],"picked":"Blade Dance","floor":1.0},{"not_picked":["Terror","Sucker Punch"],"picked":"Cloak And Dagger","floor":3.0},{"not_picked":["Flying Knee","Noxious Fumes"],"picked":"Blade Dance","floor":4.0},{"not_picked":["Flying Knee","Setup","Reflex"],"picked":"SKIP","floor":7.0},{"not_picked":["Flying Knee","Setup","Reflex"],"picked":"SKIP","floor":7.0},{"not_picked":["Dagger Spray","Night Terror"],"picked":"Acrobatics","floor":8.0},{"not_picked":["Expertise","Outmaneuver"],"picked":"Reflex","floor":10.0},{"not_picked":["Poisoned Stab","PiercingWail"],"picked":"Cloak And Dagger","floor":11.0},{"not_picked":["Quick Slash","Deadly Poison"],"picked":"PiercingWail","floor":12.0},{"not_picked":["Prepared","Distraction"],"picked":"Blade Dance","floor":14.0},{"not_picked":["Corpse Explosion","Night Terror"],"picked":"Adrenaline","floor":16.0},{"not_picked":["Skewer","Deadly Poison","Deflect"],"picked":"SKIP","floor":18.0},{"not_picked":["Flying Knee+1","Outmaneuver","Dash"],"picked":"SKIP","floor":21.0},{"not_picked":["Unload","Outmaneuver"],"picked":"Dagger Throw+1","floor":24.0},{"not_picked":["Underhanded Strike","Outmaneuver+1","Backflip"],"picked":"SKIP","floor":25.0},{"not_picked":["PiercingWail","Backflip","Dagger Throw"],"picked":"SKIP","floor":27.0},{"not_picked":["Quick Slash","Deflect","Endless Agony"],"picked":"SKIP","floor":29.0},{"not_picked":["Die Die Die","Unload"],"picked":"Malaise","floor":33.0},{"not_picked":["Blur","Dagger Throw","Leg Sweep"],"picked":"SKIP","floor":35.0},{"not_picked":["Dodge and Roll","Noxious Fumes","Poisoned Stab"],"picked":"SKIP","floor":36.0},{"not_picked":["Leg Sweep","Cloak And Dagger"],"picked":"Tactician","floor":37.0},{"not_picked":["Poisoned Stab+1","Prepared"],"picked":"Blade Dance","floor":38.0},{"not_picked":["Dagger Throw","PiercingWail+1","Flying Knee+1"],"picked":"SKIP","floor":39.0},{"not_picked":["Die Die Die","Bane"],"picked":"Acrobatics","floor":41.0},{"not_picked":["Flying Knee","Caltrops","Dagger Spray"],"picked":"SKIP","floor":45.0},{"not_picked":["Slice","Underhanded Strike+1","Infinite Blades"],"picked":"Singing Bowl","floor":48.0}],"player_experience":1106814,"relics_obtained":[{"floor":7.0,"key":"White Beast Statue"},{"floor":9.0,"key":"Ninja Scroll"},{"floor":10.0,"key":"Paper Crane"},{"floor":24.0,"key":"Pear"},{"floor":29.0,"key":"Ancient Tea Set"},{"floor":41.0,"key":"Whetstone"},{"floor":43.0,"key":"Orichalcum"},{"floor":48.0,"key":"Singing Bowl"}],"event_choices":[{"damage_healed":0.0,"max_hp_gain":0.0,"max_hp_loss":0.0,"gold_gain":0.0,"cards_transformed":["Defend_G"],"event_name":"Living Wall","player_choice":"Change","floor":2.0,"gold_loss":0.0,"damage_taken":0.0,"cards_obtained":["Accuracy"]},{"damage_healed":0.0,"max_hp_gain":5.0,"max_hp_loss":0.0,"gold_gain":0.0,"event_name":"Big Fish","player_choice":"Donut","floor":5.0,"gold_loss":0.0,"damage_taken":0.0},{"damage_healed":0.0,"max_hp_gain":0.0,"max_hp_loss":0.0,"gold_gain":0.0,"event_name":"Ghosts","player_choice":"Ignored","floor":20.0,"gold_loss":0.0,"damage_taken":0.0},{"damage_healed":0.0,"max_hp_gain":0.0,"max_hp_loss":0.0,"gold_gain":0.0,"event_name":"The Library","player_choice":"Read","floor":22.0,"gold_loss":0.0,"damage_taken":0.0,"cards_obtained":["Calculated Gamble"]},{"cards_removed":["Blade Dance"],"damage_healed":0.0,"max_hp_gain":0.0,"max_hp_loss":0.0,"gold_gain":0.0,"event_name":"Falling","player_choice":"Removed Skill","floor":42.0,"gold_loss":0.0,"damage_taken":0.0},{"damage_healed":0.0,"max_hp_gain":0.0,"max_hp_loss":4.0,"gold_gain":0.0,"event_name":"Winding Halls","player_choice":"Max HP","floor":46.0,"gold_loss":0.0,"damage_taken":0.0},{"damage_healed":0.0,"max_hp_gain":0.0,"max_hp_loss":0.0,"gold_gain":0.0,"event_name":"SecretPortal","player_choice":"Ignored","floor":47.0,"gold_loss":0.0,"damage_taken":0.0}],"is_beta":true,"boss_relics":[{"not_picked":["Philosopher\u0027s Stone","Ectoplasm"],"picked":"Pandora\u0027s Box"},{"not_picked":["Snecko Eye","Fusion Hammer"],"picked":"SacredBark"}],"items_purged_floors":[19],"is_endless":false,"potions_floor_spawned":[7,8,10,11,12,14,16,18,21,24,25,27,29,33,35,36,37,38,39,41,45,48],"killed_by":"Awakened One","ascension_level":20}}