{"host":"c6u7e77myxvw4d0m","time":1612116171,"event":{"mods":["AchievementEnabler","BaseMod","Bestiary","Colored Map","Colored Powertips","Minty Spire (QoL Compilation)","Rare Cards Sparkle","Relic Stats","everything is the same but u backflip on backflip"],"gold_per_floor":[367,367,1,16,16,16,43,59,59,75,25,25,45,75,75,152,202,202,8,22,0,19,19,48,58,58,70,70,70,84,98,98,98,98],"floor_reached":33,"language":"ENG","playtime":1346,"items_purged":["Injury","Strike_R","Strike_R"],"score":516,"play_id":"bf4ce8fd-b7f2-4cdd-b04d-ed36768c7d1e","local_time":"20210131200251","is_ascension_mode":true,"campfire_choices":[{"data":"Searing Blow+2","floor":6,"key":"SMITH"},{"floor":12,"key":"REST"},{"floor":15,"key":"REST"},{"data":"Searing Blow+3","floor":23,"key":"SMITH"},{"floor":29,"key":"REST"},{"floor":32,"key":"REST"}],"circlet_count":0,"master_deck":["AscendersBane","Strike_R+1","Strike_R","Strike_R","Defend_R","Defend_R","Defend_R+1","Defend_R","Bash","Searing Blow+4","Cleave+1","Burning Pact","Headbutt","Spot Weakness","Headbutt+1","Dropkick","Double Tap","Ghostly Armor","Clash+1","Inflame","Shockwave","Disarm+1","Shrug It Off","Armaments"],"relics":["Burning Blood","Membership Card","Bag of Preparation","Bronze Scales","StoneCalendar","Torii","Lantern","Tiny House","Bottled Flame","Paper Frog","Nloth\u0027s Gift"],"acts_visited":["Exordium","TheCity"],"potions_floor_usage":[16,18,24,25,33,33],"damage_taken":[{"damage":2,"enemies":"Cultist","floor":1,"turns":4},{"damage":6,"enemies":"Small Slimes","floor":4,"turns":4},{"damage":28,"enemies":"3 Sentries","floor":7,"turns":7},{"damage":4,"enemies":"Jaw Worm","floor":8,"turns":3},{"damage":6,"enemies":"3 Louse","floor":10,"turns":3},{"damage":14,"enemies":"Red Slaver","floor":13,"turns":2},{"damage":30,"enemies":"Lagavulin","floor":14,"turns":4},{"damage":22,"enemies":"Hexaghost","floor":16,"turns":7},{"damage":0,"enemies":"Shell Parasite","floor":18,"turns":1},{"damage":0,"enemies":"Spheric Guardian","floor":20,"turns":1},{"damage":23,"enemies":"Centurion and Healer","floor":22,"turns":5},{"damage":29,"enemies":"Slavers","floor":24,"turns":6},{"damage":30,"enemies":"Sentry and Sphere","floor":25,"turns":4},{"damage":6,"enemies":"Chosen and Byrds","floor":27,"turns":2},{"damage":17,"enemies":"Snake Plant","floor":30,"turns":2},{"damage":3,"enemies":"3 Cultists","floor":31,"turns":5},{"damage":74,"enemies":"Automaton","floor":33,"turns":6}],"seed_played":"-2828045620445546482","potions_obtained":[{"floor":4,"key":"Swift Potion"},{"floor":7,"key":"SmokeBomb"},{"floor":10,"key":"LiquidBronze"},{"floor":17,"key":"BlessingOfTheForge"},{"floor":22,"key":"BlessingOfTheForge"},{"floor":27,"key":"Dexterity Potion"},{"floor":30,"key":"LiquidBronze"}],"is_trial":false,"path_per_floor":["M","?","$","M","?","R","E","M","T","M","$","R","M","E","R","B",null,"M","$","M","?","M","R","E","M","T","M","?","R","M","M","R","B"],"character_chosen":"IRONCLAD","items_purchased":["Membership Card","Bag of Preparation","Bronze Scales","Bottled Flame"],"campfire_rested":4,"item_purchase_floors":[3,3,3,19],"current_hp_per_floor":[72,49,49,49,49,49,27,29,29,29,29,51,43,19,41,25,68,74,74,80,80,63,63,40,16,16,16,16,40,29,32,56,0,0],"gold":98,"neow_bonus":"TWO_FIFTY_GOLD","is_daily":false,"chose_seed":false,"campfire_upgraded":2,"win_rate":0.0,"timestamp":1612116171,"path_taken":["M","?","$","M","?","R","E","M","T","?","?","R","M","E","R","BOSS","M","$","M","?","M","R","E","M","T","M","?","R","M","?","R","BOSS"],"items_purchased_type":["Relic","Relic","Relic","Relic"],"build_version":"2020-12-22","purchased_purges":3,"victory":false,"max_hp_per_floor":[75,75,75,75,75,75,75,75,75,75,75,75,75,75,75,75,80,80,80,80,80,80,80,80,80,80,80,80,80,80,80,80,80,80],"relic_stats":{"Torii":25,"counters":[17,66],"Bronze Scales":[173],"StoneCalendar":[0],"Bag of Preparation":[32],"Nloth\u0027s Gift":0,"obtain_stats":[{"Lantern":14,"Bottled Flame":19,"Tiny House":17,"Torii":9,"Bronze Scales":3,"StoneCalendar":7,"Bag of Preparation":3,"Nloth\u0027s Gift":28,"Membership Card":3,"Whetstone":26,"Burning Blood":0,"Paper Frog":24},{"Lantern":7,"Bottled Flame":9,"Tiny House":8,"Torii":4,"Bronze Scales":1,"StoneCalendar":3,"Bag of Preparation":1,"Nloth\u0027s Gift":14,"Membership Card":1,"Whetstone":13,"Burning Blood":0,"Paper Frog":12},{"Lantern":27,"Bottled Flame":35,"Tiny House":34,"Torii":18,"Bronze Scales":4,"StoneCalendar":15,"Bag of Preparation":4,"Nloth\u0027s Gift":53,"Membership Card":4,"Whetstone":51,"Burning Blood":0,"Paper Frog":47}],"Burning Blood":96},"card_choices":[{"not_picked":["Burning Pact","Thunderclap"],"picked":"Searing Blow","floor":1},{"not_picked":["Heavy Blade","Entrench"],"picked":"Cleave","floor":4},{"not_picked":["Pummel","Bludgeon"],"picked":"Burning Pact","floor":7},{"not_picked":["Entrench","Heavy Blade"],"picked":"Headbutt","floor":8},{"not_picked":["Clothesline","Carnage"],"picked":"Spot Weakness","floor":10},{"not_picked":["Combust","Hemokinesis"],"picked":"Headbutt","floor":13},{"not_picked":["Fiend Fire","Clash"],"picked":"Dropkick","floor":14},{"not_picked":["Exhume","Bludgeon"],"picked":"Double Tap","floor":16},{"not_picked":["Clash","Reckless Charge"],"picked":"Ghostly Armor","floor":17},{"not_picked":["Searing Blow","Headbutt"],"picked":"Clash+1","floor":20},{"not_picked":["Sever Soul","Clash"],"picked":"Inflame","floor":22},{"not_picked":["Havoc","Intimidate"],"picked":"Shockwave","floor":24},{"not_picked":["Thunderclap","Headbutt"],"picked":"Disarm+1","floor":25},{"not_picked":["Exhume","Dark Embrace","Iron Wave"],"picked":"SKIP","floor":27},{"not_picked":["Iron Wave+1","Cleave"],"picked":"Shrug It Off","floor":30},{"not_picked":["Havoc","Thunderclap"],"picked":"Armaments","floor":31}],"player_experience":576054,"relics_obtained":[{"floor":7,"key":"StoneCalendar"},{"floor":9,"key":"Torii"},{"floor":14,"key":"Lantern"},{"floor":24,"key":"Paper Frog"},{"floor":26,"key":"Whetstone"}],"event_choices":[{"damage_healed":0,"gold_gain":0,"player_choice":"Entered Light","damage_taken":23,"max_hp_gain":0,"max_hp_loss":0,"event_name":"Shining Light","floor":2,"gold_loss":0,"cards_upgraded":["Searing Blow","Strike_R"]},{"damage_healed":0,"gold_gain":0,"player_choice":"Forge","damage_taken":0,"max_hp_gain":0,"max_hp_loss":0,"event_name":"Accursed Blacksmith","floor":5,"gold_loss":0,"cards_upgraded":["Searing Blow"]},{"damage_healed":0,"gold_gain":0,"player_choice":"Paid Fearfully","damage_taken":0,"max_hp_gain":0,"max_hp_loss":0,"event_name":"Masked Bandits","floor":21,"gold_loss":22},{"damage_healed":0,"gold_gain":0,"player_choice":"Traded Relic","damage_taken":0,"relics_obtained":["Nloth\u0027s Gift"],"max_hp_gain":0,"max_hp_loss":0,"event_name":"N\u0027loth","floor":28,"relics_lost":["Whetstone"],"gold_loss":0}],"is_beta":false,"boss_relics":[{"not_picked":["Runic Cube","Fusion Hammer"],"picked":"Tiny House"}],"items_purged_floors":[3,11,19],"is_endless":false,"potions_floor_spawned":[4,7,10,13,22,27,30],"killed_by":"Automaton","ascension_level":17}}