{"host":"mnpd8gh7cwxsn5kh","time":1612131641,"event":{"mods":["BaseMod","Bestiary","Block Reminder","Colored Map","Colored Powertips","Highlight Path","Minty Spire (QoL Compilation)","Relic Sorter","Relic Stats"],"gold_per_floor":[117,134,134,144,107,433,433,467,542,554,579,599,615,640,640,743,743,759,512,556,567,567,567,260,287,342,342,257,273,287,351,351,452,452,467,517,517,517,244,244,293,27,27,58,58,84,100,117,117,117],"floor_reached":51,"language":"ENG","playtime":6528,"items_purged":["Strike_P"],"score":1115,"play_id":"f4394760-9c84-40c0-b24e-2735ee6bb2fe","local_time":"20210131232041","is_ascension_mode":true,"campfire_choices":[{"data":"Evaluate","floor":15,"key":"SMITH"},{"data":"Wish","floor":23,"key":"SMITH"},{"floor":27,"key":"REST"},{"data":"Crescendo","floor":32,"key":"SMITH"},{"data":"Meditate","floor":40,"key":"SMITH"},{"data":"Establishment","floor":45,"key":"SMITH"},{"data":"Omniscience","floor":49,"key":"SMITH"}],"circlet_count":0,"master_deck":["Defend_P+1","Defend_P","Defend_P","Defend_P","Eruption+1","Vigilance","FlurryOfBlows+1","CutThroughFate+1","Ragnarok","Evaluate+1","Meditate+1","Protect+1","FearNoEvil","CutThroughFate+1","Protect","EmptyMind","LessonLearned+1","ThirdEye","Wish+1","ReachHeaven","MentalFortress+1","ClearTheMind","CutThroughFate","Halt+1","Evaluate+1","Bite","Bite","Bite+1","Bite+1","Crescendo+1","Protect","FlurryOfBlows","DevaForm","Establishment+1","InnerPeace+1","Evaluate","JustLucky+1","Nirvana","Wish+1","Crescendo","Halt+1","Weave","Adaptation+1","Omniscience+1"],"relics":["HolyWater","Old Coin","Anchor","Yang","Bronze Scales","Regal Pillow","VioletLotus","Vajra","Toolbox","MealTicket","Toy Ornithopter","Bag of Preparation","Kunai","Turnip","Art of War","DollysMirror","Whetstone","CloakClasp","Ornamental Fan"],"acts_visited":["Exordium","TheCity","TheBeyond"],"potions_floor_usage":[14,16,18,25,31,33,33,33,35,44,47,47],"damage_taken":[{"damage":0,"enemies":"Small Slimes","floor":1,"turns":2},{"damage":0,"enemies":"Cultist","floor":2,"turns":3},{"damage":2,"enemies":"Jaw Worm","floor":4,"turns":2},{"damage":12,"enemies":"Gremlin Nob","floor":6,"turns":3},{"damage":0,"enemies":"Lagavulin","floor":8,"turns":4},{"damage":1,"enemies":"Gremlin Gang","floor":10,"turns":4},{"damage":7,"enemies":"3 Sentries","floor":11,"turns":5},{"damage":4,"enemies":"Lots of Slimes","floor":12,"turns":4},{"damage":0,"enemies":"Exordium Thugs","floor":13,"turns":4},{"damage":7,"enemies":"Gremlin Nob","floor":14,"turns":4},{"damage":0,"enemies":"Slime Boss","floor":16,"turns":4},{"damage":1,"enemies":"2 Thieves","floor":18,"turns":4},{"damage":0,"enemies":"Chosen","floor":20,"turns":4},{"damage":23,"enemies":"Centurion and Healer","floor":21,"turns":5},{"damage":44,"enemies":"Slavers","floor":25,"turns":7},{"damage":5,"enemies":"Sentry and Sphere","floor":29,"turns":5},{"damage":12,"enemies":"Chosen and Byrds","floor":30,"turns":6},{"damage":3,"enemies":"Gremlin Leader","floor":31,"turns":6},{"damage":16,"enemies":"Automaton","floor":33,"turns":6},{"damage":13,"enemies":"3 Darklings","floor":35,"turns":4},{"damage":0,"enemies":"Mind Bloom Boss Battle","floor":36,"turns":4},{"damage":0,"enemies":"3 Shapes","floor":41,"turns":6},{"damage":16,"enemies":"Giant Head","floor":44,"turns":7},{"damage":19,"enemies":"Nemesis","floor":46,"turns":7},{"damage":11,"enemies":"Sphere and 2 Shapes","floor":47,"turns":8},{"damage":3,"enemies":"Transient","floor":48,"turns":5},{"damage":7,"enemies":"Donu and Deca","floor":50,"turns":10}],"seed_played":"-7425498095299306630","potions_obtained":[{"floor":1,"key":"Ambrosia"},{"floor":2,"key":"Explosive Potion"},{"floor":8,"key":"Weak Potion"},{"floor":14,"key":"Swift Potion"},{"floor":16,"key":"FearPotion"},{"floor":21,"key":"LiquidBronze"},{"floor":29,"key":"EntropicBrew"},{"floor":30,"key":"EssenceOfSteel"},{"floor":35,"key":"Swift Potion"},{"floor":36,"key":"Block Potion"},{"floor":47,"key":"SpeedPotion"}],"is_trial":false,"path_per_floor":["M","M","?","M","$","E","?","E","T","M","E","M","M","E","R","B",null,"M","$","M","M","?","R","$","E","T","R","?","M","M","E","R","B",null,"M","?","?","?","$","R","M","$","T","E","R","E","M","M","R","B",null],"character_chosen":"WATCHER","items_purchased":["Meditate","MentalFortress","ClearTheMind","CutThroughFate","Vajra","Toolbox","Evaluate","Art of War","DuplicationPotion","Nirvana","DollysMirror","Crescendo"],"campfire_rested":1,"item_purchase_floors":[5,19,19,19,24,24,39,39,39,42,42,42],"current_hp_per_floor":[65,65,65,63,63,51,51,51,51,52,47,45,47,42,42,44,65,66,66,68,47,47,47,47,9,9,45,45,54,50,64,64,67,71,64,71,71,71,72,72,72,72,72,63,63,52,58,60,60,68],"gold":117,"neow_bonus":"UPGRADE_CARD","is_daily":false,"chose_seed":false,"campfire_upgraded":6,"win_rate":0.0,"timestamp":1612131641,"path_taken":["M","M","?","M","?","E","?","E","T","M","E","?","M","E","R","BOSS","M","$","M","?","?","R","$","E","T","R","?","M","M","E","R","BOSS","M","?","?","?","$","R","?","$","T","E","R","E","M","M","R","BOSS"],"items_purchased_type":["Card","Card","Card","Card","Relic","Relic","Card","Relic","Potion","Card","Relic","Card"],"build_version":"2020-12-22","purchased_purges":1,"victory":true,"max_hp_per_floor":[72,72,72,72,72,72,72,72,72,72,72,72,72,72,72,72,72,72,72,72,72,72,72,72,72,72,72,72,72,72,72,72,72,72,72,72,72,72,72,72,72,72,72,72,72,72,72,72,72,72],"relic_stats":{"Regal Pillow":15,"counters":[27,133],"Yang":[291],"Bag of Preparation":[16],"CloakClasp":[131],"Whetstone":["Bite","CutThroughFate"],"Ornamental Fan":[68],"Bronze Scales":[262],"MealTicket":1,"VioletLotus":[29],"Turnip":[5],"Art of War":[7],"Kunai":[31],"obtain_stats":[{"Regal Pillow":14,"Vajra":24,"Yang":9,"Bag of Preparation":28,"CloakClasp":44,"Whetstone":43,"Old Coin":6,"Blood Vial":8,"Anchor":7,"DollysMirror":42,"Ornamental Fan":46,"Bronze Scales":11,"Toolbox":24,"HolyWater":34,"MealTicket":25,"VioletLotus":17,"Turnip":36,"Art of War":39,"Kunai":31,"PureWater":0,"Toy Ornithopter":26},{"Regal Pillow":10,"Vajra":14,"Yang":5,"Bag of Preparation":15,"CloakClasp":23,"Whetstone":22,"Old Coin":4,"Blood Vial":5,"Anchor":4,"DollysMirror":22,"Ornamental Fan":24,"Bronze Scales":7,"Toolbox":14,"HolyWater":19,"MealTicket":15,"VioletLotus":11,"Turnip":21,"Art of War":21,"Kunai":18,"PureWater":0,"Toy Ornithopter":15},{"Regal Pillow":35,"Vajra":52,"Yang":14,"Bag of Preparation":59,"CloakClasp":103,"Whetstone":96,"Old Coin":10,"Blood Vial":14,"Anchor":10,"DollysMirror":96,"Ornamental Fan":110,"Bronze Scales":23,"Toolbox":52,"HolyWater":82,"MealTicket":59,"VioletLotus":39,"Turnip":90,"Art of War":90,"Kunai":76,"PureWater":0,"Toy Ornithopter":59}],"Toy Ornithopter":32},"card_choices":[{"not_picked":["WaveOfTheHand","Prostrate"],"picked":"FlurryOfBlows","floor":1},{"not_picked":["EmptyBody","JustLucky"],"picked":"CutThroughFate","floor":2},{"not_picked":["Pray","PathToVictory"],"picked":"Evaluate","floor":4},{"not_picked":["Prostrate","Consecrate"],"picked":"Protect","floor":6},{"not_picked":["Study","FlyingSleeves"],"picked":"FearNoEvil","floor":8},{"not_picked":["ConjureBlade","FlurryOfBlows"],"picked":"CutThroughFate","floor":10},{"not_picked":["SashWhip","Worship"],"picked":"Protect","floor":11},{"not_picked":["Meditate","Protect"],"picked":"EmptyMind","floor":12},{"not_picked":["Prostrate","ReachHeaven"],"picked":"LessonLearned","floor":13},{"not_picked":["BowlingBash","Fasting2"],"picked":"ThirdEye","floor":14},{"not_picked":["Alpha","MasterReality"],"picked":"Wish","floor":16},{"not_picked":["WaveOfTheHand","BowlingBash+1"],"picked":"ReachHeaven","floor":18},{"not_picked":["BowlingBash+1","JustLucky"],"picked":"Halt+1","floor":20},{"not_picked":["WreathOfFlame","SashWhip"],"picked":"Evaluate","floor":21},{"not_picked":["BowlingBash+1","Wallop"],"picked":"Crescendo","floor":25},{"not_picked":["WindmillStrike","FlyingSleeves"],"picked":"Protect","floor":29},{"not_picked":["FollowUp","Crescendo"],"picked":"FlurryOfBlows","floor":30},{"not_picked":["Swivel","CrushJoints"],"picked":"DevaForm","floor":31},{"not_picked":["DevaForm","ConjureBlade"],"picked":"Establishment","floor":33},{"not_picked":["FlurryOfBlows+1","BattleHymn"],"picked":"InnerPeace+1","floor":35},{"not_picked":["WaveOfTheHand+1","BowlingBash"],"picked":"JustLucky+1","floor":41},{"not_picked":["WaveOfTheHand+1","SashWhip+1"],"picked":"Halt+1","floor":44},{"not_picked":["Evaluate+1","WheelKick+1"],"picked":"Weave","floor":46},{"not_picked":["JustLucky+1","Prostrate"],"picked":"Adaptation+1","floor":47},{"not_picked":["Consecrate+1","Crescendo+1"],"picked":"Omniscience","floor":48}],"player_experience":223777,"relics_obtained":[{"floor":6,"key":"Old Coin"},{"floor":8,"key":"Blood Vial"},{"floor":9,"key":"Yang"},{"floor":11,"key":"Bronze Scales"},{"floor":14,"key":"Regal Pillow"},{"floor":25,"key":"MealTicket"},{"floor":26,"key":"Toy Ornithopter"},{"floor":31,"key":"Kunai"},{"floor":36,"key":"Turnip"},{"floor":43,"key":"Whetstone"},{"floor":44,"key":"CloakClasp"},{"floor":46,"key":"Ornamental Fan"}],"event_choices":[{"damage_healed":0,"gold_gain":0,"cards_transformed":["Strike_P"],"player_choice":"Transformed","damage_taken":0,"max_hp_gain":0,"max_hp_loss":0,"event_name":"Transmorgrifier","floor":3,"gold_loss":0,"cards_obtained":["Ragnarok"]},{"damage_healed":0,"gold_gain":0,"player_choice":"Gave Potion","damage_taken":0,"relics_obtained":["Anchor"],"max_hp_gain":0,"max_hp_loss":0,"event_name":"WeMeetAgain","floor":7,"gold_loss":0},{"damage_healed":0,"gold_gain":0,"player_choice":"Became a vampire (Vial)","damage_taken":0,"max_hp_gain":0,"max_hp_loss":0,"event_name":"Vampires","floor":22,"relics_lost":["Blood Vial"],"gold_loss":0,"cards_obtained":["Bite","Bite","Bite","Bite","Bite"]},{"damage_healed":0,"gold_gain":0,"player_choice":"Obtained Relic","damage_taken":0,"relics_obtained":["Bag of Preparation"],"max_hp_gain":0,"max_hp_loss":0,"event_name":"Addict","floor":28,"gold_loss":85},{"damage_healed":0,"gold_gain":0,"player_choice":"Fight","damage_taken":0,"max_hp_gain":0,"max_hp_loss":0,"event_name":"MindBloom","floor":36,"gold_loss":0},{"cards_removed":["Bite"],"damage_healed":0,"gold_gain":0,"player_choice":"Removed Attack","damage_taken":0,"max_hp_gain":0,"max_hp_loss":0,"event_name":"Falling","floor":37,"gold_loss":0},{"damage_healed":0,"gold_gain":0,"player_choice":"Got Potions","damage_taken":0,"max_hp_gain":0,"max_hp_loss":0,"event_name":"Lab","floor":38,"gold_loss":0}],"is_beta":false,"boss_relics":[{"not_picked":["Busted Crown","Snecko Eye"],"picked":"VioletLotus"},{"not_picked":["Pandora\u0027s Box","Tiny House"],"picked":"HolyWater"}],"items_purged_floors":[19],"is_endless":false,"potions_floor_spawned":[1,2,8,14,16,21,29,30,35,36,47],"ascension_level":6}}