{"host":"vqgrg90fv56geajp","time":1612086048,"event":{"mods":["BaseMod","Colored Map","Colored Powertips","Minty Spire (QoL Compilation)","Quick Restart","Rare Cards Sparkle","Relic Stats"],"gold_per_floor":[113,263,263,277,62,94,94,94,94,133,98,98,137,157,157,246,246,267,288,54,68,87,87,128,128,151,167,167,180,180,200,200,299,299,320,320,336,122,146,146,146,146],"floor_reached":41,"language":"ENG","playtime":2664,"items_purged":["Doubt","Strike_G"],"score":912,"play_id":"a169487a-8a38-41ef-8600-84d3543e8391","local_time":"20210131114048","is_ascension_mode":true,"campfire_choices":[{"data":"Infinite Blades","floor":8,"key":"SMITH"},{"data":"Footwork","floor":12,"key":"SMITH"},{"floor":15,"key":"REST"},{"floor":23,"key":"REST"},{"floor":25,"key":"REST"},{"floor":30,"key":"REST"},{"floor":32,"key":"REST"},{"floor":40,"key":"REST"}],"circlet_count":0,"master_deck":["AscendersBane","Strike_G","Strike_G","Strike_G","Strike_G","Defend_G","Defend_G","Defend_G","Defend_G+1","Defend_G","Survivor+1","Neutralize","Deadly Poison+1","Bane","Infinite Blades+1","Underhanded Strike","Footwork+1","Blade Dance","Die Die Die","Blade Dance","Venomology","Cloak And Dagger","Well Laid Plans","Leg Sweep","Slice","Escape Plan","Envenom","Die Die Die","Adrenaline","Catalyst","Blade Dance"],"relics":["Ring of the Snake","NeowsBlessing","War Paint","Golden Idol","StrikeDummy","Lantern","WingedGreaves","WristBlade","Shuriken","Snake Skull","CultistMask","Black Star","Oddly Smooth Stone"],"acts_visited":["Exordium","TheCity","TheBeyond"],"potions_floor_usage":[10,10,21,22,24,27,27,29,31,33,33,37,39,39,41],"damage_taken":[{"damage":0,"enemies":"Jaw Worm","floor":1,"turns":1},{"damage":0,"enemies":"2 Louse","floor":4,"turns":1},{"damage":0,"enemies":"3 Sentries","floor":6,"turns":1},{"damage":8,"enemies":"Gremlin Nob","floor":10,"turns":3},{"damage":11,"enemies":"3 Sentries","floor":13,"turns":7},{"damage":0,"enemies":"Cultist","floor":14,"turns":3},{"damage":15,"enemies":"The Guardian","floor":16,"turns":13},{"damage":10,"enemies":"3 Byrds","floor":18,"turns":5},{"damage":15,"enemies":"2 Thieves","floor":19,"turns":4},{"damage":5,"enemies":"Cultist and Chosen","floor":21,"turns":4},{"damage":2,"enemies":"3 Cultists","floor":22,"turns":4},{"damage":28,"enemies":"Book of Stabbing","floor":24,"turns":5},{"damage":5,"enemies":"Snecko","floor":27,"turns":5},{"damage":12,"enemies":"Chosen and Byrds","floor":29,"turns":5},{"damage":8,"enemies":"3 Cultists","floor":31,"turns":4},{"damage":37,"enemies":"Collector","floor":33,"turns":7},{"damage":39,"enemies":"3 Darklings","floor":35,"turns":6},{"damage":18,"enemies":"Orb Walker","floor":37,"turns":4},{"damage":0,"enemies":"Jaw Worm Horde","floor":39,"turns":4},{"damage":84,"enemies":"Giant Head","floor":41,"turns":6}],"seed_played":"5413155805553080329","potions_obtained":[{"floor":4,"key":"Regen Potion"},{"floor":6,"key":"SkillPotion"},{"floor":19,"key":"FairyPotion"},{"floor":31,"key":"FearPotion"},{"floor":37,"key":"CunningPotion"}],"is_trial":false,"path_per_floor":["M","?","?","M","$","E","?","R","T","E","?","R","E","M","R","B",null,"M","M","$","M","M","R","E","R","T","M","?","M","R","M","R","B",null,"M","?","M","$","M","R","E"],"character_chosen":"THE_SILENT","items_purchased":["Infinite Blades","Underhanded Strike","Leg Sweep","Slice","Oddly Smooth Stone","Catalyst"],"campfire_rested":6,"item_purchase_floors":[5,5,20,20,38,38],"current_hp_per_floor":[59,59,59,59,59,59,36,36,36,40,56,56,45,45,64,49,62,52,37,37,32,30,49,21,40,40,35,35,23,42,34,53,16,54,15,15,19,19,19,38,0,0],"gold":146,"neow_bonus":"THREE_ENEMY_KILL","is_daily":false,"chose_seed":false,"campfire_upgraded":2,"win_rate":0.0,"timestamp":1612086048,"path_taken":["M","?","?","?","?","E","?","R","T","E","?","R","E","M","R","BOSS","M","M","$","M","M","R","E","R","T","M","?","?","R","M","R","BOSS","M","?","M","$","?","R","E"],"items_purchased_type":["Card","Card","Card","Card","Relic","Card"],"build_version":"2020-12-22","purchased_purges":2,"victory":false,"max_hp_per_floor":[66,66,66,66,66,66,66,66,66,66,66,66,66,66,66,66,66,66,66,66,66,66,66,66,66,66,66,66,66,66,66,66,66,66,66,66,66,66,66,66,66,66],"relic_stats":{"counters":[20,92],"Golden Idol":103,"Shuriken":[24],"Snake Skull":[80],"Black Star":0,"War Paint":["Survivor","Defend_G"],"obtain_stats":[{"Lantern":10,"NeowsBlessing":0,"Golden Idol":7,"Oddly Smooth Stone":38,"Snake Skull":26,"War Paint":6,"WristBlade":17,"Shuriken":24,"WingedGreaves":13,"CultistMask":28,"Black Star":34,"StrikeDummy":9,"Ring of the Snake":0},{"Lantern":4,"NeowsBlessing":0,"Golden Idol":3,"Oddly Smooth Stone":18,"Snake Skull":12,"War Paint":3,"WristBlade":7,"Shuriken":12,"WingedGreaves":5,"CultistMask":13,"Black Star":16,"StrikeDummy":3,"Ring of the Snake":0},{"Lantern":6,"NeowsBlessing":0,"Golden Idol":3,"Oddly Smooth Stone":82,"Snake Skull":51,"War Paint":3,"WristBlade":29,"Shuriken":51,"WingedGreaves":13,"CultistMask":56,"Black Star":72,"StrikeDummy":3,"Ring of the Snake":0}],"Ring of the Snake":[40]},"card_choices":[{"not_picked":["Slice","Bane"],"picked":"Deadly Poison","floor":1},{"not_picked":["Calculated Gamble","Masterful Stab"],"picked":"Bane","floor":4},{"not_picked":["Eviscerate","Escape Plan"],"picked":"Footwork","floor":6},{"not_picked":["Deadly Poison","Well Laid Plans"],"picked":"Blade Dance","floor":10},{"not_picked":["Sucker Punch","PiercingWail"],"picked":"Die Die Die","floor":13},{"not_picked":["Sucker Punch","Calculated Gamble"],"picked":"Blade Dance","floor":14},{"not_picked":["Tools of the Trade","Night Terror"],"picked":"Venomology","floor":16},{"not_picked":["Poisoned Stab","Underhanded Strike"],"picked":"Cloak And Dagger","floor":18},{"not_picked":["Deadly Poison+1","Riddle With Holes"],"picked":"Well Laid Plans","floor":19},{"not_picked":["Bane","Heel Hook"],"picked":"Escape Plan","floor":21},{"not_picked":["Distraction","Dagger Throw+1","Masterful Stab"],"picked":"SKIP","floor":22},{"not_picked":["Noxious Fumes","Terror"],"picked":"Envenom","floor":24},{"not_picked":["Acrobatics","Eviscerate","Expertise"],"picked":"SKIP","floor":27},{"not_picked":["Flying Knee","Expertise","Setup"],"picked":"SKIP","floor":29},{"not_picked":["Deadly Poison","Skewer","Predator"],"picked":"SKIP","floor":31},{"not_picked":["Bullet Time","Unload"],"picked":"Die Die Die","floor":33},{"not_picked":["Poisoned Stab","Acrobatics","Bouncing Flask"],"picked":"SKIP","floor":35},{"not_picked":["Underhanded Strike","Outmaneuver"],"picked":"Adrenaline","floor":37},{"not_picked":["Underhanded Strike","Deflect"],"picked":"Blade Dance","floor":39}],"player_experience":2521764,"relics_obtained":[{"floor":6,"key":"War Paint"},{"floor":9,"key":"StrikeDummy"},{"floor":10,"key":"Lantern"},{"floor":13,"key":"WingedGreaves"},{"floor":24,"key":"Shuriken"},{"floor":26,"key":"Snake Skull"}],"event_choices":[{"damage_healed":0,"gold_gain":150,"player_choice":"AGREE","damage_taken":0,"max_hp_gain":0,"max_hp_loss":0,"event_name":"Liars Game","floor":2,"gold_loss":0,"cards_obtained":["Doubt"]},{"damage_healed":0,"gold_gain":0,"player_choice":"Upgraded","damage_taken":0,"max_hp_gain":0,"max_hp_loss":0,"event_name":"Upgrade Shrine","floor":3,"gold_loss":0,"cards_upgraded":["Deadly Poison"]},{"damage_healed":0,"gold_gain":0,"player_choice":"Take Damage","damage_taken":23,"relics_obtained":["Golden Idol"],"max_hp_gain":0,"max_hp_loss":0,"event_name":"Golden Idol","floor":7,"gold_loss":0},{"damage_healed":16,"gold_gain":0,"player_choice":"Healed","damage_taken":0,"max_hp_gain":0,"max_hp_loss":0,"event_name":"The Cleric","floor":11,"gold_loss":35},{"damage_healed":0,"gold_gain":0,"player_choice":"Trade","damage_taken":0,"relics_obtained":["CultistMask"],"max_hp_gain":0,"max_hp_loss":0,"event_name":"FaceTrader","floor":28,"gold_loss":0},{"damage_healed":0,"gold_gain":0,"player_choice":"Ignored","damage_taken":0,"max_hp_gain":0,"max_hp_loss":0,"event_name":"SecretPortal","floor":36,"gold_loss":0}],"is_beta":false,"boss_relics":[{"not_picked":["Calling Bell","Velvet Choker"],"picked":"WristBlade"},{"not_picked":["Astrolabe","Sozu"],"picked":"Black Star"}],"items_purged_floors":[5,20],"is_endless":false,"potions_floor_spawned":[4,6,19,21,24,31,37],"killed_by":"Giant Head","ascension_level":20}}