{"host":"i4yzoangb31cseo0","time":1612091573,"event":{"mods":["AchievementEnabler","BaseMod","Colored Powertips","Curses Come First","Minty Spire (QoL Compilation)","Permanent Neow","Rare Cards Sparkle","StSLib"],"gold_per_floor":[117,127,127,140,65,65,76,88,162,162,227,242,242,261,261,261,261],"floor_reached":16,"language":"ENG","playtime":899,"items_purged":["Strike_P"],"score":94,"play_id":"b28f62bf-db14-41c7-b64d-4766dc137553","local_time":"20210131214253","is_ascension_mode":false,"campfire_choices":[{"data":"Defend_P","floor":10,"key":"SMITH"},{"floor":13,"key":"REST"},{"floor":15,"key":"REST"}],"circlet_count":0,"master_deck":["Strike_P","Strike_P","Strike_P","Defend_P+1","Defend_P","Defend_P+1","Defend_P","PathToVictory"],"relics":["PureWater"],"acts_visited":["Exordium"],"potions_floor_usage":[12,16,16,16],"damage_taken":[{"damage":2,"enemies":"2 Louse","floor":1,"turns":3},{"damage":3,"enemies":"Cultist","floor":2,"turns":5},{"damage":0,"enemies":"Small Slimes","floor":4,"turns":4},{"damage":3,"enemies":"3 Louse","floor":7,"turns":5},{"damage":4,"enemies":"Red Slaver","floor":8,"turns":7},{"damage":43,"enemies":"3 Sentries","floor":11,"turns":14},{"damage":2,"enemies":"Exordium Thugs","floor":12,"turns":5},{"damage":1,"enemies":"3 Louse","floor":14,"turns":3},{"damage":53,"enemies":"Slime Boss","floor":16,"turns":10}],"seed_played":"6406483873726783572","potions_obtained":[{"floor":7,"key":"BottledMiracle"},{"floor":11,"key":"Explosive Potion"},{"floor":12,"key":"DistilledChaos"},{"floor":14,"key":"PowerPotion"}],"is_trial":false,"path_per_floor":["M","M","?","M","$","T","M","M","T","R","?","M","R","M","R","B"],"character_chosen":"WATCHER","items_purchased":[],"campfire_rested":2,"item_purchase_floors":[],"current_hp_per_floor":[63,60,60,60,60,60,57,53,53,53,10,8,27,26,45,0,0],"gold":261,"neow_bonus":"REMOVE_TWO","is_daily":false,"chose_seed":false,"campfire_upgraded":1,"win_rate":0.0,"timestamp":1612091573,"path_taken":["M","M","?","M","$","?","M","M","T","R","?","M","R","M","R","BOSS"],"items_purchased_type":[],"build_version":"2020-12-22","purchased_purges":1,"victory":false,"max_hp_per_floor":[65,65,65,65,65,65,65,65,65,65,65,65,65,65,65,65,65],"card_choices":[{"not_picked":["EmptyFist","Protect","SashWhip"],"picked":"SKIP","floor":1},{"not_picked":["ThirdEye","Devotion","JustLucky"],"picked":"SKIP","floor":2},{"not_picked":["EmptyBody","Indignation","EmptyFist"],"picked":"SKIP","floor":4},{"not_picked":["Swivel","ThirdEye","EmptyFist"],"picked":"SKIP","floor":7},{"not_picked":["WindmillStrike","TalkToTheHand"],"picked":"PathToVictory","floor":8},{"not_picked":["ClearTheMind","JustLucky","Evaluate"],"picked":"SKIP","floor":12},{"not_picked":["EmptyBody","Protect","Perseverance"],"picked":"SKIP","floor":14}],"player_experience":142865,"relics_obtained":[],"event_choices":[{"damage_healed":0,"gold_gain":0,"player_choice":"Upgraded","damage_taken":0,"max_hp_gain":0,"max_hp_loss":0,"event_name":"Upgrade Shrine","floor":3,"gold_loss":0,"cards_upgraded":["Defend_P"]},{"damage_healed":0,"gold_gain":0,"player_choice":"Searched \u00271\u0027 times","damage_taken":0,"max_hp_gain":0,"max_hp_loss":0,"event_name":"Dead Adventurer","floor":11,"gold_loss":0}],"is_beta":false,"boss_relics":[],"items_purged_floors":[5],"is_endless":false,"potions_floor_spawned":[7,11,12,14],"killed_by":"Slime Boss","ascension_level":0}}