{"host":"vlqejv0notyktumz","time":1612137354,"event":{"mods":["AchievementEnabler","BaseMod","Colored Map","Colored Powertips","Downfall","Googly Eyes","Minty Spire (QoL Compilation)","StSLib"],"gold_per_floor":[110,60,71,36,51,81,81,256,256,27,42,42,59,72,72,72,72],"floor_reached":16,"language":"ENG","playtime":348,"items_purged":["Doubt"],"score":153,"play_id":"34bae751-b7ba-4263-853e-4168c7b766c2","local_time":"20210131175554","is_ascension_mode":true,"campfire_choices":[{"data":"Conserve Battery","floor":7,"key":"SMITH"},{"data":"Consume","floor":12,"key":"SMITH"},{"data":"Turbo","floor":15,"key":"SMITH"}],"circlet_count":0,"master_deck":["AscendersBane","Strike_B","Strike_B","Strike_B","Defend_B","Defend_B","Defend_B","Defend_B","Zap+1","Dualcast","Conserve Battery+1","Loop","Genetic Algorithm","Sweeping Beam","Leap","Consume+1","Capacitor","Turbo+1"],"relics":["Cracked Core","Mummified Hand","Bottled Flame","Tiny Chest"],"acts_visited":["Exordium"],"potions_floor_usage":[13,14],"damage_taken":[{"damage":0,"enemies":"Jaw Worm","floor":1,"turns":3},{"damage":0,"enemies":"2 Louse","floor":3,"turns":2},{"damage":0,"enemies":"Cultist","floor":5,"turns":4},{"damage":25,"enemies":"3 Sentries","floor":6,"turns":7},{"damage":8,"enemies":"Exordium Wildlife","floor":11,"turns":5},{"damage":2,"enemies":"3 Louse","floor":13,"turns":4},{"damage":0,"enemies":"Large Slime","floor":14,"turns":4},{"damage":34,"enemies":"The Guardian","floor":16,"turns":5}],"seed_played":"-7875031880569876035","potions_obtained":[{"floor":6,"key":"FearPotion"},{"floor":11,"key":"SkillPotion"},{"floor":13,"key":"DistilledChaos"}],"is_trial":false,"path_per_floor":["M","?","M","$","M","E","R","?","T","$","M","R","M","M","R","B"],"character_chosen":"DEFECT","items_purchased":["Genetic Algorithm","Tiny Chest"],"campfire_rested":0,"item_purchase_floors":[4,10],"current_hp_per_floor":[68,68,68,68,68,43,43,43,43,43,35,35,33,33,33,0,0],"gold":72,"neow_bonus":"UPGRADE_CARD","is_daily":false,"chose_seed":false,"campfire_upgraded":3,"win_rate":0.0,"timestamp":1612137354,"path_taken":["M","?","M","$","M","E","R","?","T","$","M","R","M","?","R","BOSS"],"items_purchased_type":["Card","Relic"],"build_version":"2020-12-22","purchased_purges":1,"victory":false,"max_hp_per_floor":[75,75,75,75,75,75,75,75,75,75,75,75,75,75,75,75,75],"card_choices":[{"not_picked":["Streamline","Steam"],"picked":"Conserve Battery","floor":1},{"not_picked":["Stack","Scrape"],"picked":"Loop","floor":3},{"not_picked":["Go for the Eyes","Streamline"],"picked":"Sweeping Beam","floor":5},{"not_picked":["Conserve Battery","Coolheaded"],"picked":"Leap","floor":6},{"not_picked":["Biased Cognition","Go for the Eyes"],"picked":"Consume","floor":11},{"not_picked":["White Noise","Barrage"],"picked":"Capacitor","floor":13},{"not_picked":["Gash","Barrage"],"picked":"Turbo","floor":14}],"player_experience":385776,"relics_obtained":[{"floor":6,"key":"Mummified Hand"},{"floor":9,"key":"Bottled Flame"}],"event_choices":[{"cards_removed":["Strike_B"],"damage_healed":0,"gold_gain":0,"player_choice":"Card Removal","damage_taken":0,"max_hp_gain":0,"max_hp_loss":0,"event_name":"The Cleric","floor":2,"gold_loss":50},{"damage_healed":0,"gold_gain":175,"player_choice":"AGREE","damage_taken":0,"max_hp_gain":0,"max_hp_loss":0,"event_name":"Liars Game","floor":8,"gold_loss":0,"cards_obtained":["Doubt"]}],"is_beta":false,"boss_relics":[],"items_purged_floors":[10],"is_endless":false,"potions_floor_spawned":[6,11,13],"killed_by":"The Guardian","ascension_level":10}}