{"host":"iy54rgx5egu9t31x","time":1612062721,"event":{"mods":["2.2 Compatiblity","Act Like it!","Always Whale","BaseMod","Gensokyo","Marisa（F雨　魔理沙）","Minty Spire (QoL Compilation)","Quick Restart","RumiaBox-露米娅的神秘盒子","StSLib","SuperFastMode","The Bug Knight"],"gold_per_floor":[667,678,234,252,571,571,571,802,802,831,370,370,386,386,386,481,481,493,493,513,531,548,577,577,62,62,90,115,446,460,159,159,263,263,319,12,25,25,49,49,73,73,100,25,25,53,97,123,123,123],"floor_reached":51,"language":"ZHS","playtime":2101,"items_purged":[],"score":1240,"play_id":"d6cd2e3f-852d-497f-9291-5f35d4c205b6","local_time":"20210131111201","is_ascension_mode":true,"campfire_choices":[{"data":"HollowMod:GreatSlash","floor":6.0,"key":"SMITH"},{"data":"Gensokyo:CrescentMoonSlash","floor":12.0,"key":"SMITH"},{"data":"HollowMod:NewJinnsSoul","floor":15.0,"key":"SMITH"},{"floor":24,"key":"REST"},{"floor":32,"key":"REST"},{"data":"OortCloud","floor":40,"key":"SMITH"},{"data":"Gensokyo:BrilliantDragonBullet","floor":45,"key":"SMITH"},{"data":"Beam Cell","floor":49,"key":"SMITH"}],"circlet_count":0,"master_deck":["HollowMod:NailStrikeStart","HollowMod:NailStrikeStart","HollowMod:NailStrikeStart","HollowMod:NailStrikeStart","HollowMod:QuickDashStart","HollowMod:QuickDashStart","HollowMod:QuickDashStart","HollowMod:QuickDashStart","HollowMod:FocusHealStart","HollowMod:PogoStrike","HollowMod:NewJinnsSoul+1","HollowMod:CloakDash","HollowMod:VengefulSpirit","HollowMod:GreatSlash+1","Gensokyo:CrescentMoonSlash+1","HollowMod:GreatSlash+1","HollowMod:InfectedCysts","HollowMod:SoulSplash","Master of Strategy","HollowMod:SiblingsSouls","HollowMod:SlysStrikes","HollowMod:VoidDash","HollowMod:DashSlash+1","HollowMod:PureNailStrike+1","HollowMod:HeavyBlow","HollowMod:SiblingsShadow+1","HollowMod:DoubleDash+1","Conserve Battery+1","Protect+1","OortCloud+1","Ball Lightning","Beam Cell+1","Havoc+1","Gensokyo:BrilliantDragonBullet+1","JustLucky+1","Infinite Blades+1","Conserve Battery+1","Corruption","PiercingWail+1","Gensokyo:TarnishedGold","Gensokyo:Shovel","Gensokyo:BlemishedSteel","Gensokyo:SalamanderShield+1","NonDirectionalLaser+1","MysteriousBeam+1","Distraction+1","Singularity+1"],"relics":["HollowMod:VesselMask","Baka","OrangePellets","HandDrill","Tiny Chest","HollowMod:LumaflyLanternRelic","Bag of Marbles","Ccalipers","Vajra","Omamori","Philosopher\u0027s Stone","Happy Flower","PrismaticShard","Toolbox","MagicDraw4","Ancient Tea Set","Regal Pillow","HornCleat","SecretRecord","Lantern","Orrery","SoulBox","GodSword3","HollowMod:JonisBlessing","Regal Pillow","CeramicFish","SSSystem","PrismaticShard","Toxic Egg 2"],"acts_visited":["Gensokyo:Gensokyo","Gensokyo:Gensokyoer","Gensokyo:Gensokyoest"],"potions_floor_usage":[23,29,50],"damage_taken":[{"damage":3.0,"enemies":"Gensokyo:Gryphon","floor":1.0,"turns":4.0},{"damage":0.0,"enemies":"Gensokyo:Python","floor":2.0,"turns":2.0},{"damage":1.0,"enemies":"Gensokyo:3_Fairies","floor":4.0,"turns":8.0},{"damage":16.0,"enemies":"Gensokyo:VengefulSpirit","floor":5.0,"turns":7.0},{"damage":22.0,"enemies":"Gensokyo:Mamizou","floor":8.0,"turns":9.0},{"damage":0.0,"enemies":"Gensokyo:Cirno","floor":10.0,"turns":4.0},{"damage":0.0,"enemies":"Gensokyo:3_Kodama","floor":13.0,"turns":1.0},{"damage":0.0,"enemies":"Gensokyo:Reimu","floor":16.0,"turns":4.0},{"damage":37.0,"enemies":"Gensokyo:CosmicMonolith","floor":18.0,"turns":3.0},{"damage":12.0,"enemies":"Gensokyo:Chomper","floor":20.0,"turns":3.0},{"damage":20.0,"enemies":"Gensokyo:Slime_Group","floor":21.0,"turns":3.0},{"damage":12.0,"enemies":"Gensokyo:Monolith_and_Dog","floor":22.0,"turns":3.0},{"damage":41,"enemies":"Gensokyo:Tenshi","floor":23,"turns":4},{"damage":0,"enemies":"Gensokyo:Reisen","floor":27,"turns":6},{"damage":13,"enemies":"Gensokyo:Wraith","floor":28,"turns":3},{"damage":11,"enemies":"Gensokyo:Koishi","floor":29,"turns":6},{"damage":0,"enemies":"Gensokyo:Slime_Group","floor":30,"turns":3},{"damage":2,"enemies":"Gensokyo:Eternal_Rivals","floor":33,"turns":8},{"damage":0,"enemies":"Gensokyo:3_Bats","floor":35,"turns":10},{"damage":0,"enemies":"Gensokyo:3_Boulders","floor":37,"turns":2},{"damage":0,"enemies":"Gensokyo:SeedOfUnknown","floor":41,"turns":3},{"damage":0,"enemies":"Gensokyo:4_Bats","floor":46,"turns":3},{"damage":0,"enemies":"Gensokyo:Kasen","floor":47,"turns":3},{"damage":0,"enemies":"Gensokyo:3_Boulders","floor":48,"turns":1},{"damage":0,"enemies":"Gensokyo:Yuyuko","floor":50,"turns":4}],"seed_played":"-373580952488768614","potions_obtained":[{"floor":2.0,"key":"Swift Potion"},{"floor":5.0,"key":"ColorlessPotion"},{"floor":8.0,"key":"Strength Potion"},{"floor":16.0,"key":"ColorlessPotion"},{"floor":21.0,"key":"Energy Potion"},{"floor":22.0,"key":"Explosive Potion"},{"floor":28,"key":"Regen Potion"},{"floor":29,"key":"Block Potion"},{"floor":33,"key":"PowerPotion"},{"floor":37,"key":"Weak Potion"}],"is_trial":false,"path_per_floor":["M","M","COS","M","M","R","?","E","T","E","$","R","M","?","R","B",null,"M","T","M","M","M","E","R","COS","T","E","M","E","M","$","R","B",null,"M","COS","M","?","T","R","M","?","T","?","R","M","E","M","R","B",null],"character_chosen":"THE_BUGKNIGHT","items_purchased":["Vajra","Omamori","Master of Strategy","Lantern","Orrery"],"campfire_rested":2,"item_purchase_floors":[11,11,11,31,31],"current_hp_per_floor":[114,114,114,113,97,97,75,53,53,53,53,53,53,90,90,90,150,113,113,101,81,69,28,73,73,73,73,60,49,49,49,109,107,150,150,150,150,128,128,128,128,128,128,133,133,133,133,133,133,133],"gold":123,"neow_bonus":"TWO_FIFTY_GOLD","is_daily":false,"chose_seed":false,"campfire_upgraded":6,"win_rate":0.0,"timestamp":1612062721,"path_taken":["M","M","COS","M","M","R","?","E","T","E","?","R","?","?","R","BOSS","M","?","?","M","M","E","R","COS","T","E","?","E","M","$","R","BOSS","M","COS","M","?","?","R","M","?","T","?","R","M","E","?","R","BOSS"],"items_purchased_type":["Relic","Relic","Card","Relic","Relic"],"build_version":"2020-12-22","purchased_purges":0,"victory":true,"max_hp_per_floor":[150,150,150,150,150,150,150,150,150,150,150,150,150,150,150,150,150,150,150,150,150,150,150,150,150,150,150,150,150,150,150,150,150,150,150,150,150,150,150,150,150,150,150,155,155,155,155,155,155,155],"card_choices":[{"not_picked":["HollowMod:CornifersMapStart","HollowMod:DoubleDash"],"picked":"HollowMod:NewJinnsSoul","floor":1.0},{"not_picked":["HollowMod:FallenFury","HollowMod:NewLittleFool"],"picked":"HollowMod:CloakDash","floor":2.0},{"not_picked":["HollowMod:VengefulVoid","HollowMod:GoodIntentions"],"picked":"HollowMod:VengefulSpirit","floor":4.0},{"not_picked":["HollowMod:HowlingWraiths","HollowMod:theNailsmith"],"picked":"HollowMod:GreatSlash","floor":5.0},{"not_picked":["HollowMod:SoulStrike","HollowMod:SiblingsShadow"],"picked":"HollowMod:InfectedCysts","floor":8.0},{"not_picked":["HollowMod:ShadowDash","HollowMod:LifebloodCocoon"],"picked":"HollowMod:SoulSplash","floor":10.0},{"not_picked":["HollowMod:SharpenedNail","HollowMod:SoulEater"],"picked":"HollowMod:SiblingsSouls","floor":13.0},{"not_picked":["HollowMod:PaleKingsBlessing","HollowMod:WhiteLadysBlessing"],"picked":"HollowMod:SlysStrikes","floor":16.0},{"not_picked":["HollowMod:PaleKingsBlessing","HollowMod:Hiveblood"],"picked":"HollowMod:VoidDash","floor":16.0},{"not_picked":["HollowMod:SoulStrike","HollowMod:NewGlowingWomb"],"picked":"HollowMod:DashSlash+1","floor":18.0},{"not_picked":["HollowMod:InfectedAttack","HollowMod:SiblingsSouls+1"],"picked":"HollowMod:PureNailStrike+1","floor":20.0},{"not_picked":["HollowMod:LifebloodCocoon","HollowMod:NewJinnsSoul"],"picked":"HollowMod:HeavyBlow","floor":21.0},{"not_picked":["HollowMod:AbyssShriek","HollowMod:MawleksShell"],"picked":"HollowMod:SiblingsShadow+1","floor":22.0},{"not_picked":["HollowMod:VengefulVoid","HollowMod:AwokenDreamNail"],"picked":"HollowMod:DoubleDash+1","floor":23},{"not_picked":["Compile Driver+1","FlurryOfBlows+1"],"picked":"Conserve Battery+1","floor":27},{"not_picked":["Impatience+1","Devotion"],"picked":"Protect+1","floor":27},{"not_picked":["HollowMod:CornifersMapStart","Good Instincts"],"picked":"OortCloud","floor":28},{"not_picked":["Calculated Gamble","Heavy Blade"],"picked":"Ball Lightning","floor":29},{"not_picked":["EmptyFist","Masterful Stab"],"picked":"Beam Cell","floor":30},{"not_picked":["Eviscerate+1","HollowMod:NewLittleFool"],"picked":"Havoc+1","floor":31},{"not_picked":["Feel No Pain","Defragment"],"picked":"Gensokyo:BrilliantDragonBullet","floor":31},{"not_picked":["Compile Driver","HollowMod:ChannelNail+1"],"picked":"JustLucky+1","floor":31},{"not_picked":["Doom and Gloom+1","HollowMod:Hiveblood"],"picked":"Infinite Blades+1","floor":31},{"not_picked":["FlurryOfBlows","HollowMod:QuirrelsAssistance"],"picked":"Conserve Battery+1","floor":31},{"not_picked":["A Thousand Cuts","HollowMod:Hiveblood"],"picked":"Corruption","floor":33},{"not_picked":["GravityBeat","Burning Pact+1"],"picked":"PiercingWail+1","floor":35},{"not_picked":["Occultation","Coolheaded"],"picked":"Gensokyo:SalamanderShield+1","floor":37},{"not_picked":["FearNoEvil","Rupture"],"picked":"NonDirectionalLaser+1","floor":41},{"not_picked":["Underhanded Strike+1","Gensokyo:BuddhistDiamond+1"],"picked":"MysteriousBeam+1","floor":46},{"not_picked":["WreathOfFlame+1","Clash+1"],"picked":"Distraction+1","floor":47},{"not_picked":["Enlightenment+1","Slice+1"],"picked":"Singularity+1","floor":48}],"player_experience":1056633,"relics_obtained":[{"floor":1.0,"key":"Baka"},{"floor":8.0,"key":"HollowMod:LumaflyLanternRelic"},{"floor":9.0,"key":"Bag of Marbles"},{"floor":10.0,"key":"Ccalipers"},{"floor":23,"key":"Happy Flower"},{"floor":26,"key":"MagicDraw4"},{"floor":27,"key":"Ancient Tea Set"},{"floor":29,"key":"HornCleat"},{"floor":35,"key":"GodSword3"},{"floor":37,"key":"Regal Pillow"},{"floor":39,"key":"CeramicFish"},{"floor":43,"key":"SSSystem"},{"floor":46,"key":"PrismaticShard"},{"floor":47,"key":"Toxic Egg 2"}],"event_choices":[],"is_beta":false,"boss_relics":[{"not_picked":["Runic Dome","Calling Bell"],"picked":"Philosopher\u0027s Stone"},{"not_picked":["Coffee Dripper","Pandora\u0027s Box"],"picked":"SoulBox"}],"items_purged_floors":[],"is_endless":false,"potions_floor_spawned":[2,5,8,16,21,22,28,29,33,37,46],"ascension_level":3}}