{"host":"usru02jcpe2a942d","time":1612064227,"event":{"mods":["Act Like it!","BaseMod","Colored Powertips","Friendly Minions","GifTheSpireLib","Highlight Path","Hubris","Infinite Spire","Jedi Mod","Minty Spire (QoL Compilation)","MostiFishMod","Pale of the Ancients","Quick Restart","Relic Stats","RumiaBox-露米娅的神秘盒子","StSLib","Warlord Emblem","noobMod","【遗物卡牌】REMEMod","篝火指南"],"gold_per_floor":[114,132,152,152,77,77,77,136,136,160,160,160],"floor_reached":11,"language":"ZHS","playtime":502,"items_purged":["Strike_B"],"score":63,"play_id":"c00ee967-a5ce-4eee-a7ab-2742bdcc97dd","local_time":"20210131113707","is_ascension_mode":false,"campfire_choices":[{"data":"White Noise","floor":6,"key":"SMITH"}],"circlet_count":0,"master_deck":["Strike_B","Strike_B","Defend_B","Defend_B","Defend_B","Defend_B","Zap","Cold Snap","Darkness","Chaos","REME_CRH","White Noise+1","Conserve Battery","Gash","Stack","Skim"],"relics":["WarlordEmblem:SoulOfKael","DaveBox","ice","REME_ComplimentaryCards","RhineCircuit","SynthV:TestCard","Juzu Bracelet","infinitespire:Midas Blood"],"acts_visited":["Exordium"],"potions_floor_usage":[],"damage_taken":[{"damage":1.0,"enemies":"2 Louse","floor":1.0,"turns":4.0},{"damage":0.0,"enemies":"Cultist","floor":2.0,"turns":4.0},{"damage":0.0,"enemies":"Small Slimes","floor":3.0,"turns":4.0},{"damage":11,"enemies":"3 Sentries","floor":8,"turns":6},{"damage":8,"enemies":"3 Louse","floor":10,"turns":7},{"damage":0,"enemies":"Lagavulin","floor":11,"turns":1}],"seed_played":"6925017566764960460","potions_obtained":[{"floor":8,"key":"Energy Potion"}],"is_trial":false,"path_per_floor":["M","M","M","?","$","R","?","?","T","M","E"],"character_chosen":"Kael","items_purchased":[],"campfire_rested":0,"item_purchase_floors":[],"current_hp_per_floor":[81,81,81,81,81,81,74,63,63,55,55,55],"gold":160,"neow_bonus":"TEN_PERCENT_HP_BONUS","is_daily":false,"chose_seed":false,"campfire_upgraded":1,"win_rate":0.0,"timestamp":1612064227,"path_taken":["M","M","M","?","?","R","?","?","T","M","E"],"items_purchased_type":[],"build_version":"2020-12-22","purchased_purges":1,"victory":false,"max_hp_per_floor":[82,82,82,82,82,82,82,82,82,82,82,82],"relic_stats":{"counters":[6,26],"Juzu Bracelet":0,"obtain_stats":[{"SynthV:TestCard":1,"WarlordEmblem:SoulOfKael":0,"DaveBox":0,"ice":0,"Juzu Bracelet":8,"REME_ComplimentaryCards":0,"RhineCircuit":0,"infinitespire:Midas Blood":9},{"SynthV:TestCard":1,"WarlordEmblem:SoulOfKael":0,"DaveBox":0,"ice":0,"Juzu Bracelet":4,"REME_ComplimentaryCards":0,"RhineCircuit":0,"infinitespire:Midas Blood":4},{"SynthV:TestCard":4,"WarlordEmblem:SoulOfKael":0,"DaveBox":0,"ice":0,"Juzu Bracelet":18,"REME_ComplimentaryCards":0,"RhineCircuit":0,"infinitespire:Midas Blood":18}]},"card_choices":[{"not_picked":["REME_SelfUpgrade","Scrape"],"picked":"White Noise","floor":1.0},{"not_picked":["Leap","Turbo","Go for the Eyes","Heatsinks"],"picked":"Conserve Battery","floor":2.0},{"not_picked":["Ball Lightning","Turbo","Hologram","Coolheaded"],"picked":"Gash","floor":3.0},{"not_picked":["Gash","Turbo","BootSequence","Undo"],"picked":"Stack","floor":8},{"not_picked":["Cold Snap","MostiFishMod:LinkProtocol","Stack","Rebound"],"picked":"Skim","floor":10}],"player_experience":234096,"relics_obtained":[{"floor":1.0,"key":"SynthV:TestCard"},{"floor":8,"key":"Juzu Bracelet"},{"floor":9,"key":"infinitespire:Midas Blood"}],"event_choices":[{"cards_removed":["Strike_B"],"damage_healed":0,"gold_gain":0,"player_choice":"Card Removal","damage_taken":7,"max_hp_gain":0,"max_hp_loss":0,"event_name":"Golden Wing","floor":7,"gold_loss":0},{"damage_healed":0,"gold_gain":0,"player_choice":"Searched \u00271\u0027 times","damage_taken":0,"max_hp_gain":0,"max_hp_loss":0,"event_name":"Dead Adventurer","floor":8,"gold_loss":0}],"is_beta":false,"boss_relics":[],"items_purged_floors":[5],"is_endless":false,"potions_floor_spawned":[8],"killed_by":"Lagavulin","ascension_level":0}}