{"host":"pt8nxwunv7omj9g1","time":1612065695,"event":{"mods":["AchievementEnabler","Aspiration","BaseMod","BetterRewards","Conspire","DeckTracker","Energized Spire","GifTheSpireLib","Hubris","Infinite Spire","Jedi Mod","Minty Spire (QoL Compilation)","Reliquary","Replay The Spire","StSLib","Stuff the Spire","The Jungle"],"gold_per_floor":[110,110,110,130,305,333,345,358,426,437,456,475,475,509,509,610,610,629,648,29,49,49,83,101,113,113,113,113,128,128,145,145,145,145],"floor_reached":33,"language":"ENG","playtime":2639,"items_purged":[],"score":308,"play_id":"0db94eb6-332c-47ac-84cf-1237c4c419e5","local_time":"20210130230135","is_ascension_mode":false,"campfire_choices":[{"data":"Uppercut","floor":15.0,"key":"SMITH"},{"data":"Doubt","floor":28.0,"key":"PURGE"},{"data":"Strike_R","floor":30.0,"key":"PURGE"},{"data":"Strike_R","floor":32,"key":"PURGE"}],"circlet_count":0,"master_deck":["Strike_R","Strike_R+1","Strike_R","Defend_R","Defend_R+1","Defend_R","Bash","Shrug It Off","Ghostly Armor","Flex","Pommel Strike","Cleave","Uppercut+1","Cleave","Rage","Decay","Feed","Impervious","Seeing Red","Shrug It Off","Flex","Twin Strike","Thunderclap","Twin Strike","Pommel Strike","Rage+1","Pommel Strike"],"relics":["Burning Blood","NeowsBlessing","Torii","The Courier","Bag of Marbles","Velvet Choker","Pantograph","Nunchaku","Gambling Chip","Blood Vial","Blue Candle","Peace Pipe"],"acts_visited":[],"potions_floor_usage":[33],"damage_taken":[{"damage":0.0,"enemies":"Jaw Worm","floor":1.0,"turns":1.0},{"damage":0.0,"enemies":"2 Louse","floor":4.0,"turns":1.0},{"damage":0.0,"enemies":"Gremlin Nob","floor":6.0,"turns":1.0},{"damage":10.0,"enemies":"Small Slimes","floor":7.0,"turns":3.0},{"damage":9.0,"enemies":"Exordium Wildlife","floor":8.0,"turns":6.0},{"damage":1.0,"enemies":"3 Louse","floor":10.0,"turns":3.0},{"damage":0.0,"enemies":"Lots of Slimes","floor":11.0,"turns":1.0},{"damage":10.0,"enemies":"Looter","floor":12.0,"turns":3.0},{"damage":10.0,"enemies":"Lagavulin","floor":14.0,"turns":9.0},{"damage":38.0,"enemies":"The Guardian","floor":16.0,"turns":14.0},{"damage":7.0,"enemies":"Shell Parasite","floor":18.0,"turns":5.0},{"damage":15.0,"enemies":"Chosen","floor":19.0,"turns":6.0},{"damage":3.0,"enemies":"Snake Plant","floor":21.0,"turns":4.0},{"damage":6.0,"enemies":"Book of Stabbing","floor":23.0,"turns":6.0},{"damage":20.0,"enemies":"Cultist and Chosen","floor":24.0,"turns":5.0},{"damage":12.0,"enemies":"Shelled Parasite and Fungi","floor":25.0,"turns":5.0},{"damage":17.0,"enemies":"Snake Plant","floor":29.0,"turns":5.0},{"damage":7.0,"enemies":"Centurion and Healer","floor":31.0,"turns":5.0},{"damage":11,"enemies":"Champ","floor":33,"turns":11}],"seed_played":"4651016120885456073","potions_obtained":[{"floor":7.0,"key":"BloodPotion"},{"floor":10.0,"key":"Weak Potion"},{"floor":12.0,"key":"Block Potion"},{"floor":14.0,"key":"SteroidPotion"},{"floor":19.0,"key":"Strength Potion"},{"floor":21.0,"key":"Block Potion"},{"floor":25.0,"key":"GamblersBrew"},{"floor":29.0,"key":"Energy Potion"}],"is_trial":false,"path_per_floor":["M","?","?","M","?","E","M","M","T","M","M","M","?","E","R","B",null,"M","M","$","M","?","E","M","M","T","T","R","M","R","M","R","B"],"character_chosen":"IRONCLAD","items_purchased":["Pantograph","Nunchaku","Gambling Chip","Flex","Twin Strike"],"campfire_rested":0,"item_purchase_floors":[20,20,20,20,20],"current_hp_per_floor":[80,80,64,70,70,76,72,69,69,74,80,76,76,72,72,43,83,82,73,73,76,76,81,72,68,68,68,68,80,80,81,81,81,81],"gold":145,"neow_bonus":"THREE_ENEMY_KILL","is_daily":false,"chose_seed":false,"campfire_upgraded":1,"win_rate":0.0,"timestamp":1612065695,"path_taken":["M","?","?","M","?","E","?","M","T","M","M","M","?","E","R","BOSS","M","?","$","M","?","E","?","M","T","?","R","M","R","?","R","BOSS"],"items_purchased_type":["Relic","Relic","Relic","Card","Card"],"build_version":"2020-12-22","purchased_purges":0,"victory":false,"max_hp_per_floor":[80,80,80,80,80,80,80,80,80,80,80,80,80,80,80,83,83,83,83,83,83,83,86,89,89,89,89,89,92,92,92,92,92,92],"card_choices":[{"not_picked":["Iron Wave","Perfected Strike"],"picked":"Shrug It Off","floor":1.0},{"not_picked":["Disarm","Thunderclap"],"picked":"Flex","floor":4.0},{"not_picked":["Heavy Blade","Berserk"],"picked":"Pommel Strike","floor":6.0},{"not_picked":["Clash","Hemokinesis"],"picked":"Cleave","floor":7.0},{"not_picked":["Carnage","Iron Wave"],"picked":"Uppercut","floor":8.0},{"not_picked":["Feel No Pain","True Grit"],"picked":"Cleave","floor":10.0},{"not_picked":["Barricade","Iron Wave"],"picked":"Rage","floor":11.0},{"not_picked":["Combust","Hemokinesis","True Grit"],"picked":"SKIP","floor":12.0},{"not_picked":["Warcry","Demon Form"],"picked":"Feed","floor":14.0},{"not_picked":["Juggernaut","Exhume"],"picked":"Impervious","floor":16.0},{"not_picked":["Dark Embrace","Havoc+1"],"picked":"Seeing Red","floor":18.0},{"not_picked":["Second Wind","Sentinel+1"],"picked":"Shrug It Off","floor":19.0},{"not_picked":["Warcry","True Grit","Sever Soul"],"picked":"SKIP","floor":21.0},{"not_picked":["True Grit+1","Iron Wave"],"picked":"Thunderclap","floor":23.0},{"not_picked":["Shrug It Off","Headbutt"],"picked":"Twin Strike","floor":24.0},{"not_picked":["Power Through","Disarm"],"picked":"Pommel Strike","floor":25.0},{"not_picked":["Warcry","Intimidate+1"],"picked":"Rage+1","floor":29.0},{"not_picked":["Reckless Charge","Battle Trance"],"picked":"Pommel Strike","floor":31.0}],"player_experience":179383,"relics_obtained":[{"floor":6.0,"key":"Torii"},{"floor":9.0,"key":"The Courier"},{"floor":14.0,"key":"Bag of Marbles"},{"floor":23.0,"key":"Blue Candle"},{"floor":26.0,"key":"Peace Pipe"}],"event_choices":[{"damage_healed":0.0,"max_hp_gain":0.0,"max_hp_loss":0.0,"gold_gain":0.0,"cards_transformed":["Defend_R"],"event_name":"Living Wall","player_choice":"Change","floor":2.0,"gold_loss":0.0,"damage_taken":0.0,"cards_obtained":["Ghostly Armor"]},{"damage_healed":0.0,"max_hp_gain":0.0,"max_hp_loss":0.0,"gold_gain":0.0,"event_name":"Shining Light","player_choice":"Entered Light","floor":3.0,"gold_loss":0.0,"damage_taken":16.0,"cards_upgraded":["Strike_R","Defend_R"]},{"damage_healed":0.0,"max_hp_gain":0.0,"max_hp_loss":0.0,"gold_gain":175.0,"event_name":"Liars Game","player_choice":"AGREE","floor":5.0,"gold_loss":0.0,"damage_taken":0.0,"cards_obtained":["Doubt"]},{"damage_healed":0.0,"max_hp_gain":0.0,"max_hp_loss":0.0,"gold_gain":0.0,"event_name":"Wheel of Change","player_choice":"Cursed","floor":13.0,"gold_loss":0.0,"damage_taken":0.0,"cards_obtained":["Decay"]},{"damage_healed":0.0,"max_hp_gain":0.0,"max_hp_loss":0.0,"gold_gain":0.0,"event_name":"WeMeetAgain","player_choice":"Gave Potion","floor":22.0,"gold_loss":0.0,"damage_taken":0.0,"relics_obtained":["Blood Vial"]}],"is_beta":false,"boss_relics":[{"not_picked":["Runic Cube","Pandora\u0027s Box"],"picked":"Velvet Choker"}],"items_purged_floors":[],"is_endless":false,"potions_floor_spawned":[7,10,12,14,19,21,25,29],"killed_by":"Champ","ascension_level":0}}