{"host":"Jinnai","time":1612053007,"event":{"mods":["BaseMod","Bestiary","Block Reminder","Colored Map","Colored Powertips","Highlight Path","Minty Spire (QoL Compilation)","Quick Restart","Relic Stats","StSLib"],"gold_per_floor":[116,136,136,152,165,200,200,232,287,316,327,43,60,60,60,137,137,151,195,225,225],"floor_reached":20,"language":"ENG","playtime":1166,"items_purged":[],"score":442,"play_id":"ae7b6822-1bd5-447c-831b-341df8fbd7a4","local_time":"20210130193007","is_ascension_mode":true,"campfire_choices":[{"floor":7,"key":"REST"},{"floor":15,"key":"REST"}],"circlet_count":0,"master_deck":["AscendersBane","Eruption+1","Vigilance","CutThroughFate","CutThroughFate","FlurryOfBlows","SashWhip","WheelKick","Consecrate","Consecrate","BowlingBash","Apotheosis","Pray","Evaluate","EmptyFist","DevaForm","SpiritShield","Wireheading","ClearTheMind","Swivel","Wish","Fasting2","EmptyBody","BowlingBash","ThirdEye","SandsOfTime"],"relics":["PureWater","Dead Branch","Gremlin Horn","Kunai","Bronze Scales","Pandora\u0027s Box"],"acts_visited":["Exordium","TheCity"],"potions_floor_usage":[10,16,20,20],"damage_taken":[{"damage":0,"enemies":"2 Louse","floor":1,"turns":4},{"damage":0,"enemies":"Cultist","floor":2,"turns":2},{"damage":0,"enemies":"Jaw Worm","floor":4,"turns":1},{"damage":1,"enemies":"2 Fungi Beasts","floor":5,"turns":2},{"damage":47,"enemies":"3 Sentries","floor":6,"turns":7},{"damage":8,"enemies":"Gremlin Nob","floor":8,"turns":3},{"damage":20,"enemies":"3 Sentries","floor":10,"turns":6},{"damage":0,"enemies":"Red Slaver","floor":11,"turns":1},{"damage":0,"enemies":"Blue Slaver","floor":13,"turns":5},{"damage":19,"enemies":"The Guardian","floor":16,"turns":11},{"damage":35,"enemies":"Shell Parasite","floor":18,"turns":6},{"damage":0,"enemies":"Chosen","floor":19,"turns":3},{"damage":46,"enemies":"Snecko","floor":20,"turns":3}],"seed_played":"-3396524989528126147","potions_obtained":[{"floor":8,"key":"LiquidMemories"},{"floor":10,"key":"ColorlessPotion"},{"floor":11,"key":"Fire Potion"},{"floor":16,"key":"Energy Potion"},{"floor":19,"key":"BottledMiracle"}],"is_trial":false,"path_per_floor":["M","M","?","M","M","E","R","E","T","E","M","$","M","?","R","B",null,"M","M","M"],"character_chosen":"WATCHER","items_purchased":["Apotheosis","Pray","Evaluate"],"campfire_rested":2,"item_purchase_floors":[12,12,12],"current_hp_per_floor":[61,61,61,61,60,13,31,23,23,3,3,3,3,3,21,2,47,12,12,0,0],"gold":225,"neow_bonus":"ONE_RARE_RELIC","is_daily":false,"chose_seed":false,"campfire_upgraded":0,"win_rate":0.0,"timestamp":1612053007,"path_taken":["M","M","?","M","M","E","R","E","T","E","M","$","?","?","R","BOSS","M","M","M"],"items_purchased_type":["Card","Card","Card"],"build_version":"2020-12-18","purchased_purges":0,"victory":false,"max_hp_per_floor":[62,62,62,62,62,62,62,62,62,62,62,62,62,62,62,62,62,62,62,62,62],"relic_stats":{"Gremlin Horn":[2,2],"counters":[13,54],"Dead Branch":[57],"Bronze Scales":[75],"Pandora\u0027s Box":["SpiritShield","Wireheading","ClearTheMind","Swivel","Wish","Fasting2","EmptyBody","BowlingBash"],"Kunai":[16],"obtain_stats":[{"Gremlin Horn":6,"Dead Branch":0,"Bronze Scales":10,"Pandora\u0027s Box":17,"Kunai":8,"PureWater":0},{"Gremlin Horn":5,"Dead Branch":0,"Bronze Scales":7,"Pandora\u0027s Box":10,"Kunai":6,"PureWater":0},{"Gremlin Horn":16,"Dead Branch":0,"Bronze Scales":25,"Pandora\u0027s Box":42,"Kunai":19,"PureWater":0}]},"card_choices":[{"not_picked":["Prostrate","Protect"],"picked":"CutThroughFate","floor":1},{"not_picked":["FlyingSleeves","MentalFortress"],"picked":"CutThroughFate","floor":2},{"not_picked":["Perseverance","Protect"],"picked":"FlurryOfBlows","floor":4},{"not_picked":["Establishment","JustLucky"],"picked":"SashWhip","floor":5},{"not_picked":["ClearTheMind","FlyingSleeves"],"picked":"WheelKick","floor":6},{"not_picked":["CrushJoints","Prostrate"],"picked":"Consecrate","floor":8},{"not_picked":["Halt","Swivel"],"picked":"Consecrate","floor":10},{"not_picked":["FollowUp","Conclude"],"picked":"BowlingBash","floor":11},{"not_picked":["FlyingSleeves","Prostrate"],"picked":"EmptyFist","floor":13},{"not_picked":["Alpha","Ragnarok"],"picked":"DevaForm","floor":16},{"not_picked":["SashWhip","FlyingSleeves"],"picked":"ThirdEye","floor":18},{"not_picked":["ClearTheMind","PathToVictory"],"picked":"SandsOfTime","floor":19}],"player_experience":1611685,"relics_obtained":[{"floor":6,"key":"Gremlin Horn"},{"floor":8,"key":"Kunai"},{"floor":10,"key":"Bronze Scales"}],"event_choices":[{"damage_healed":0,"gold_gain":0,"player_choice":"Upgraded","damage_taken":0,"max_hp_gain":0,"max_hp_loss":0,"event_name":"Upgrade Shrine","floor":3,"gold_loss":0,"cards_upgraded":["Eruption"]},{"damage_healed":0,"gold_gain":0,"player_choice":"Ignored","damage_taken":0,"max_hp_gain":0,"max_hp_loss":0,"event_name":"Shining Light","floor":14,"gold_loss":0}],"is_beta":true,"boss_relics":[{"not_picked":["SacredBark","Runic Dome"],"picked":"Pandora\u0027s Box"}],"items_purged_floors":[],"is_endless":false,"potions_floor_spawned":[8,10,11,13,16,18,19],"killed_by":"Snecko","ascension_level":20}}