{"host":"2se5dq1do2gp0x9k","time":1612073722,"event":{"mods":["AchievementEnabler","BaseMod","Block Reminder","Colored Map","Colored Powertips","Minty Spire (QoL Compilation)","Relic Stats","StSLib","SuperFastMode"],"gold_per_floor":[112,25,25,36,36,36,64,80,80,45,64,115,115,128,128,128,128],"floor_reached":16,"language":"ENG","playtime":411,"items_purged":[],"score":190,"play_id":"8487df63-d0c4-4463-82dc-be99dcfe6a5c","local_time":"20210130221522","is_ascension_mode":true,"campfire_choices":[{"data":"CutThroughFate","floor":6.0,"key":"SMITH"},{"data":"Blasphemy","floor":13.0,"key":"SMITH"},{"data":"Nirvana","floor":15.0,"key":"SMITH"}],"circlet_count":0,"master_deck":["AscendersBane","Strike_P","Strike_P","Strike_P","Defend_P","Defend_P","Eruption","Vigilance","CrushJoints+1","WaveOfTheHand+1","Weave+1","CutThroughFate+1","Wireheading","FlurryOfBlows","BowlingBash","Blasphemy+1","ThirdEye","Nirvana+1"],"relics":["Astrolabe","Mummified Hand","InkBottle","Blue Candle"],"acts_visited":["Exordium"],"potions_floor_usage":[],"damage_taken":[{"damage":2.0,"enemies":"2 Louse","floor":1.0,"turns":3.0},{"damage":0.0,"enemies":"Small Slimes","floor":4.0,"turns":2.0},{"damage":19.0,"enemies":"Lagavulin","floor":7.0,"turns":6.0},{"damage":12.0,"enemies":"Jaw Worm","floor":8.0,"turns":4.0},{"damage":11.0,"enemies":"3 Louse","floor":11.0,"turns":4.0},{"damage":5.0,"enemies":"Large Slime","floor":14.0,"turns":3.0},{"damage":22,"enemies":"Slime Boss","floor":16,"turns":3}],"seed_played":"873644591888862582","potions_obtained":[{"floor":4.0,"key":"StancePotion"},{"floor":11.0,"key":"SpeedPotion"},{"floor":14.0,"key":"EntropicBrew"}],"is_trial":false,"path_per_floor":["M","$","?","M","$","R","E","M","T","?","M","?","R","M","R","B"],"character_chosen":"WATCHER","items_purchased":["Wireheading"],"campfire_rested":0,"item_purchase_floors":[2],"current_hp_per_floor":[59,59,48,48,48,48,29,17,17,34,23,23,23,18,18,0,0],"gold":128,"neow_bonus":"BOSS_RELIC","is_daily":false,"chose_seed":false,"campfire_upgraded":3,"win_rate":0.0,"timestamp":1612073722,"path_taken":["M","$","?","M","$","R","E","M","T","?","M","?","R","M","R","BOSS"],"items_purchased_type":["Card"],"build_version":"2020-12-22","purchased_purges":0,"victory":false,"max_hp_per_floor":[68,68,68,68,68,68,68,68,68,68,68,68,68,68,68,68,68],"relic_stats":{"counters":[7,25],"Mummified Hand":[6],"Astrolabe":["CrushJoints","WaveOfTheHand","Weave"],"Blue Candle":[0],"obtain_stats":[{"Mummified Hand":3,"Astrolabe":0,"Blue Candle":9,"PureWater":0,"InkBottle":7},{"Mummified Hand":1,"Astrolabe":0,"Blue Candle":4,"PureWater":0,"InkBottle":3},{"Mummified Hand":3,"Astrolabe":0,"Blue Candle":15,"PureWater":0,"InkBottle":11}],"InkBottle":[4]},"card_choices":[{"not_picked":["Evaluate","PathToVictory"],"picked":"CutThroughFate","floor":1.0},{"not_picked":["FollowUp","ClearTheMind"],"picked":"FlurryOfBlows","floor":4.0},{"not_picked":["PathToVictory","Prostrate"],"picked":"BowlingBash","floor":7.0},{"not_picked":["FlyingSleeves","Crescendo"],"picked":"Blasphemy","floor":8.0},{"not_picked":["PathToVictory","Halt"],"picked":"ThirdEye","floor":11.0},{"not_picked":["Protect","Meditate"],"picked":"Nirvana","floor":14.0}],"player_experience":4016848,"relics_obtained":[{"floor":7.0,"key":"InkBottle"},{"floor":9.0,"key":"Blue Candle"}],"event_choices":[{"damage_healed":0.0,"max_hp_gain":0.0,"max_hp_loss":0.0,"gold_gain":0.0,"event_name":"Scrap Ooze","player_choice":"Success","floor":3.0,"gold_loss":0.0,"damage_taken":11.0,"relics_obtained":["Mummified Hand"]},{"damage_healed":17.0,"max_hp_gain":0.0,"max_hp_loss":0.0,"gold_gain":0.0,"event_name":"The Cleric","player_choice":"Healed","floor":10.0,"gold_loss":35.0,"damage_taken":0.0},{"damage_healed":0.0,"max_hp_gain":0.0,"max_hp_loss":0.0,"gold_gain":51.0,"event_name":"Golden Wing","player_choice":"Gained Gold","floor":12.0,"gold_loss":0.0,"damage_taken":0.0}],"is_beta":false,"boss_relics":[],"items_purged_floors":[],"is_endless":false,"potions_floor_spawned":[4,11,14],"killed_by":"Slime Boss","ascension_level":18}}