{"host":"072lmn9sfokvtood","time":1612057733,"event":{"mods":["BaseMod","Colored Powertips","Curses Come First","Minty Spire (QoL Compilation)","StSLib"],"gold_per_floor":[112,128,128,79,129,129,162,41,67,67,83,100,117,117,117,215,265,282,265,364,378,227,227,243,243,266,284,284,284,284],"floor_reached":29,"language":"ENG","playtime":2879,"items_purged":[],"score":236,"play_id":"50ae4262-f65b-45bb-85fc-f5a57e500e5d","local_time":"20210130194853","is_ascension_mode":true,"campfire_choices":[{"data":"Cleave","floor":6,"key":"SMITH"},{"floor":10,"key":"REST"},{"data":"Cleave","floor":15,"key":"SMITH"},{"floor":23,"key":"REST"},{"floor":25,"key":"REST"}],"circlet_count":0,"master_deck":["Strike_R","Strike_R","Strike_R","Strike_R","Strike_R","Defend_R","Defend_R","Defend_R","Defend_R","Carnage","Thunderclap","Cleave+1","Shrug It Off","Flame Barrier","Cleave+1","Dual Wield","Twin Strike+1","Clothesline","Parasite","Reaper","Infernal Blade","Rampage","Ghostly Armor","Headbutt","Searing Blow+1","Pommel Strike+1"],"relics":["Burning Blood","Potion Belt","Oddly Smooth Stone","Tiny House","Lantern","Bag of Marbles"],"acts_visited":["Exordium","TheCity"],"potions_floor_usage":[16,16,16,16,16,16,16,27],"damage_taken":[{"damage":4,"enemies":"2 Louse","floor":1,"turns":3},{"damage":10,"enemies":"Small Slimes","floor":2,"turns":3},{"damage":38,"enemies":"Gremlin Nob","floor":7,"turns":5},{"damage":0,"enemies":"Jaw Worm","floor":11,"turns":2},{"damage":9,"enemies":"2 Fungi Beasts","floor":12,"turns":3},{"damage":10,"enemies":"Looter","floor":13,"turns":2},{"damage":44,"enemies":"The Guardian","floor":16,"turns":15},{"damage":50,"enemies":"Spheric Guardian","floor":18,"turns":8},{"damage":18,"enemies":"2 Thieves","floor":19,"turns":4},{"damage":34,"enemies":"Snake Plant","floor":21,"turns":6},{"damage":37,"enemies":"Snecko","floor":24,"turns":7},{"damage":41,"enemies":"Centurion and Healer","floor":27,"turns":5},{"damage":37,"enemies":"Cultist and Chosen","floor":29,"turns":7}],"seed_played":"-6127472444263910933","potions_obtained":[{"floor":7,"key":"EntropicBrew"},{"floor":12,"key":"EssenceOfSteel"},{"floor":17,"key":"FairyPotion"},{"floor":24,"key":"LiquidBronze"}],"is_trial":false,"path_per_floor":["M","M","?","$","?","R","E","$","T","R","M","M","M","?","R","B",null,"M","M","?","M","$","R","M","R","T","M","?","M"],"character_chosen":"IRONCLAD","items_purchased":["FearPotion","Flame Barrier","Cleave","Lantern"],"campfire_rested":3,"item_purchase_floors":[4,8,8,22],"current_hp_per_floor":[80,76,76,76,76,76,44,44,44,68,74,71,67,80,80,58,85,45,33,33,9,9,34,7,32,32,23,23,0,0],"gold":284,"neow_bonus":"TRANSFORM_CARD","is_daily":false,"chose_seed":false,"campfire_upgraded":2,"win_rate":0.0,"timestamp":1612057733,"path_taken":["M","M","?","$","?","R","E","$","T","R","M","M","?","?","R","BOSS","M","M","?","M","$","R","M","R","T","M","?","M"],"items_purchased_type":["Potion","Card","Card","Relic"],"build_version":"2020-12-22","purchased_purges":0,"victory":false,"max_hp_per_floor":[80,80,80,80,80,80,80,80,80,80,80,80,80,80,80,80,85,85,85,85,85,85,85,85,85,85,85,85,85,85],"card_choices":[{"not_picked":["Armaments","Headbutt"],"picked":"Thunderclap","floor":1},{"not_picked":["Twin Strike","Evolve"],"picked":"Cleave","floor":2},{"not_picked":["Burning Pact","Iron Wave"],"picked":"Shrug It Off","floor":7},{"not_picked":["Cleave","Iron Wave"],"picked":"Dual Wield","floor":11},{"not_picked":["Wild Strike","Sword Boomerang"],"picked":"Twin Strike","floor":12},{"not_picked":["True Grit","Shrug It Off"],"picked":"Clothesline","floor":13},{"not_picked":["Fiend Fire","Limit Break"],"picked":"Reaper","floor":16},{"not_picked":["Shrug It Off","Armaments"],"picked":"Infernal Blade","floor":17},{"not_picked":["Headbutt","Perfected Strike"],"picked":"Rampage","floor":18},{"not_picked":["Blood for Blood","Warcry"],"picked":"Ghostly Armor","floor":19},{"not_picked":["Wild Strike","Body Slam"],"picked":"Headbutt","floor":21},{"not_picked":["Dropkick","Headbutt"],"picked":"Searing Blow+1","floor":24},{"not_picked":["Havoc+1","Fiend Fire"],"picked":"Pommel Strike+1","floor":27}],"player_experience":207551,"relics_obtained":[{"floor":7,"key":"Potion Belt"},{"floor":9,"key":"Oddly Smooth Stone"},{"floor":26,"key":"Bag of Marbles"}],"event_choices":[{"damage_healed":0,"gold_gain":0,"player_choice":"Fled","damage_taken":0,"max_hp_gain":0,"max_hp_loss":0,"event_name":"Scrap Ooze","floor":3,"gold_loss":0},{"damage_healed":0,"gold_gain":50,"player_choice":"Gained Gold","damage_taken":0,"max_hp_gain":0,"max_hp_loss":0,"event_name":"Golden Wing","floor":5,"gold_loss":0},{"damage_healed":20,"gold_gain":0,"player_choice":"Healed and dodged fight","damage_taken":0,"max_hp_gain":0,"max_hp_loss":0,"event_name":"Mushrooms","floor":14,"gold_loss":0,"cards_obtained":["Parasite"]},{"damage_healed":0,"gold_gain":99,"player_choice":"Stole From Cult","damage_taken":0,"max_hp_gain":0,"max_hp_loss":0,"event_name":"Nest","floor":20,"gold_loss":0},{"damage_healed":0,"gold_gain":0,"player_choice":"Ignored","damage_taken":0,"max_hp_gain":0,"max_hp_loss":0,"event_name":"Cursed Tome","floor":28,"gold_loss":0}],"is_beta":false,"boss_relics":[{"not_picked":["Coffee Dripper","Philosopher\u0027s Stone"],"picked":"Tiny House"}],"items_purged_floors":[],"is_endless":false,"potions_floor_spawned":[7,12,24],"killed_by":"Cultist and Chosen","ascension_level":1}}