{"host":"2mxajwyidsax8sss","time":1612100011,"event":{"mods":["100% Spire Juice","2.2 Compatiblity","Act Like it!","Arknights","Aspiration","Bartender","BaseMod","Better Match","Better Note","Better Sensory Stone","Better Vampires","BetterRewards","Block Reminder","CapriCore","Chen","Colored Powertips","Conspire","Decade(???)","Defuse TimeMaze Blight","Downfall","Energized Spire","Friendly Minions","Gensokyo","Googly Eyes","GungeonMod","Hermit","HololiveMod","Hubris","Jorbs\u0027s Wanderer Trilogy","Koishi","Marked Mod","Minty Spire (QoL Compilation)","Nova Terra(??·??)","Permanent Neow","Quick Restart","Random Character Button","Reimu??????","Relic Filter","Relic Stats","Reliquary","Remilia??????","Replay The Spire","SIMod","SOS???????","StSLib","The Animator","The Bug Knight","The Death Knight","The Immortal","The Kombatant","Wandering Minibosses"],"gold_per_floor":[83,5,21,38,38,67,91,105,178,453,482,482,509,539,539,640,640,654,682,700,16,16,51,351,368,395,415,415,460,516,558,558,653,653,682,705,705,783,783,818,818,818,845,872,938,938,938,980,980,1026,1026,1026,1026,1054,1129],"floor_reached":56,"language":"ENG","playtime":7107,"items_purged":["Regret"],"score":1411,"play_id":"48c81514-3888-45ed-8efe-ea410a1d40f2","local_time":"20210131143331","is_ascension_mode":false,"campfire_choices":[{"data":"Hololive_FlareMind","floor":12.0,"key":"SMITH"},{"data":"Hololive_CallShiranuiFlare","floor":15.0,"key":"SMITH"},{"floor":28.0,"key":"RECALL"},{"data":"Hololive_CallNakiriAyame","floor":32.0,"key":"SMITH"},{"data":"Hololive_CallSakuraMiko","floor":42.0,"key":"SMITH"},{"data":"Hololive_BringToTrial","floor":47.0,"key":"SMITH"},{"data":"Hololive_CallNekomataOkayu","floor":49.0,"key":"SMITH"},{"data":"Hololive_DiamondStrike","floor":52.0,"key":"SMITH"}],"circlet_count":0,"master_deck":["Hololive_Strike","Hololive_Strike+1","Hololive_Defend","Hololive_Defend+1","Hololive_Psychosis","Hololive_CallMoonaHoshinova","Hololive_CallSakuraMiko+1","Hololive_CallRoboco","Hololive_CallNakiriAyame+1","Hololive_CallShiroganeNoel","Hololive_Yoholoon+1","Hololive_CallDoris","Hololive_CallInugamiKorone","Hololive_CallAkaiHaato+1","Hololive_FlareMind+1","Hololive_CallNekomataOkayu+1","Hololive_CallRosalyn","Hololive_CallTsunomakiWatame","Hololive_Watashimo","Hololive_CallShiranuiFlare+1","Hololive_Nanodesu","Hololive_CallMinatoAqua","Hololive_Psychosis+1","Hololive_BringToTrial+1","Hololive_CallFriendA","Hololive_Yoholoon","Hololive_ManjiGathering","Hololive_ILoveYou","Hololive_LuckPotion","Hololive_CallKiryuuCoco","DemoMod:Invincible","Hololive_CocoNews+1","Hololive_CallManoAloe","Hololive_Spy+1","Hololive_DiamondStrike+1","Hololive_CallShirakamiFubuki","Hololive_CallYogiri","Hololive_Nanodesu","Hololive_CallAZKi","Parasite","Hololive_CallNatsuiroMatsuri+1"],"relics":["Hololive_TheStar","aspiration:Nostalgia","TOEIDeficitBill","DemoMod:GlassGuonStoneRelic","Bag of Preparation","aspiration:FrozenJewel","reliquary:SilkGlove","Coffee Dripper","Oddly Smooth Stone","DeathKnight:SindragosasSkull","Lee\u0027s Waffle","Simple Rune","hubris:NiceRug","reliquary:PartyBalloon","Lantern","Sling","reliquary:WeakTea","PureWhite:ReiMu","Boot","DemoMod:WhiteGuonStone","DemoMod:OrangeGuonStone","DemoMod:Metronome"],"acts_visited":["Exordium","TheCity","TheBeyond","TheEnding"],"potions_floor_usage":[],"damage_taken":[{"damage":0.0,"enemies":"Cultist","floor":1.0,"turns":3.0},{"damage":0.0,"enemies":"Jaw Worm","floor":3.0,"turns":2.0},{"damage":0.0,"enemies":"Small Slimes","floor":4.0,"turns":3.0},{"damage":0.0,"enemies":"3 Sentries","floor":6.0,"turns":5.0},{"damage":0.0,"enemies":"Exordium Thugs","floor":7.0,"turns":4.0},{"damage":0.0,"enemies":"Looter","floor":8.0,"turns":3.0},{"damage":0.0,"enemies":"Gremlin Nob","floor":11.0,"turns":3.0},{"damage":0.0,"enemies":"Red Slaver","floor":13.0,"turns":3.0},{"damage":0.0,"enemies":"Lots of Slimes","floor":14.0,"turns":4.0},{"damage":0.0,"enemies":"Hexaghost","floor":16.0,"turns":7.0},{"damage":0.0,"enemies":"2 Thieves","floor":18.0,"turns":3.0},{"damage":0.0,"enemies":"3 Byrds","floor":19.0,"turns":3.0},{"damage":0.0,"enemies":"Centurion and Healer","floor":20.0,"turns":4.0},{"damage":0.0,"enemies":"Gremlin Leader","floor":23.0,"turns":4.0},{"damage":0.0,"enemies":"hubris:Merchant","floor":24.0,"turns":6.0},{"damage":0.0,"enemies":"Cultist and Chosen","floor":25.0,"turns":4.0},{"damage":0.0,"enemies":"Chosen and Byrds","floor":27.0,"turns":4.0},{"damage":0.0,"enemies":"Shelled Parasite and Fungi","floor":29.0,"turns":4.0},{"damage":0.0,"enemies":"Book of Stabbing","floor":30.0,"turns":3.0},{"damage":0.0,"enemies":"Cultist and Chosen","floor":31.0,"turns":5.0},{"damage":0.0,"enemies":"Automaton","floor":33.0,"turns":5.0},{"damage":0.0,"enemies":"3 Darklings","floor":35.0,"turns":4.0},{"damage":0.0,"enemies":"Orb Walker","floor":36.0,"turns":3.0},{"damage":0.0,"enemies":"2 Orb Walkers","floor":38.0,"turns":5.0},{"damage":0.0,"enemies":"Giant Head","floor":40.0,"turns":4.0},{"damage":0.0,"enemies":"Maw","floor":44.0,"turns":4.0},{"damage":0.0,"enemies":"Reptomancer","floor":45.0,"turns":5.0},{"damage":0.0,"enemies":"Writhing Mass","floor":48.0,"turns":4.0},{"damage":0.0,"enemies":"Replay:Hell Engine","floor":50.0,"turns":7.0},{"damage":0,"enemies":"Shield and Spear","floor":54,"turns":5},{"damage":0,"enemies":"The Heart","floor":55,"turns":7}],"seed_played":"305464530980641493","potions_obtained":[{"floor":1.0,"key":"SteroidPotion"},{"floor":6.0,"key":"DeathKnight:RimePotion"},{"floor":8.0,"key":"Strength Potion"},{"floor":11.0,"key":"Swift Potion"},{"floor":29.0,"key":"champ:CounterPotion"}],"is_trial":false,"path_per_floor":["M","$","M","M","?","E","M","M","T","?","E","R","M","M","R","B",null,"M","M","M","$","?","E","$","M","T","M","R","M","E","M","R","B",null,"M","M","?","?","$","E","?","R","T","M","E","$","R","M","R","B",null,"R","$","E","B",null],"character_chosen":"Hololive_HololiveCharacter","items_purchased":["Hololive_CallDoris","Hololive_BringToTrial","Oddly Smooth Stone","DeathKnight:SindragosasSkull","Lee\u0027s Waffle"],"campfire_rested":0,"item_purchase_floors":[2,21,21,21,21],"current_hp_per_floor":[35,35,35,35,28,28,28,28,28,28,28,28,28,28,28,28,35,35,35,35,42,42,42,42,42,42,42,42,42,42,42,42,42,42,42,42,42,42,42,42,42,42,42,42,42,42,42,42,42,42,42,42,42,42,42],"gold":1129,"neow_bonus":"NOSTALGIA","is_daily":false,"chose_seed":false,"campfire_upgraded":7,"win_rate":0.0,"timestamp":1612100011,"path_taken":["M","?","M","M","?","E","M","?","T","?","E","R","?","M","R","BOSS","M","M","M","$","?","E","$","M","T","M","R","M","E","M","R","BOSS","M","?","?","?","?","E","?","R","T","M","E","$","R","M","R","BOSS","R","$","E","BOSS"],"items_purchased_type":["Card","Card","Relic","Relic","Relic"],"build_version":"2020-12-22","purchased_purges":1,"victory":true,"max_hp_per_floor":[35,35,35,35,35,35,35,35,35,35,35,35,35,35,35,35,35,35,35,35,42,42,42,42,42,42,42,42,42,42,42,42,42,42,42,42,42,42,42,42,42,42,42,42,42,42,42,42,42,42,42,42,42,42,42],"relic_stats":{"Lee\u0027s Waffle":7,"counters":[31,130],"Bag of Preparation":[54],"Boot":[115],"obtain_stats":[{"Lee\u0027s Waffle":21,"Lantern":24,"reliquary:SilkGlove":11,"aspiration:Nostalgia":0,"reliquary:PartyBalloon":24,"DemoMod:OrangeGuonStone":45,"Oddly Smooth Stone":21,"DemoMod:GlassGuonStoneRelic":1,"Bag of Preparation":6,"TOEIDeficitBill":0,"reliquary:WeakTea":30,"DemoMod:WhiteGuonStone":43,"Sling":24,"Boot":40,"aspiration:FrozenJewel":9,"PureWhite:ReiMu":38,"DemoMod:Metronome":54,"Hololive_TheStar":0,"Simple Rune":23,"Coffee Dripper":17,"DeathKnight:SindragosasSkull":21,"hubris:NiceRug":24},{"Lee\u0027s Waffle":13,"Lantern":15,"reliquary:SilkGlove":7,"aspiration:Nostalgia":0,"reliquary:PartyBalloon":15,"DemoMod:OrangeGuonStone":27,"Oddly Smooth Stone":13,"DemoMod:GlassGuonStoneRelic":1,"Bag of Preparation":4,"TOEIDeficitBill":0,"reliquary:WeakTea":19,"DemoMod:WhiteGuonStone":25,"Sling":15,"Boot":25,"aspiration:FrozenJewel":6,"PureWhite:ReiMu":24,"DemoMod:Metronome":30,"Hololive_TheStar":0,"Simple Rune":14,"Coffee Dripper":10,"DeathKnight:SindragosasSkull":13,"hubris:NiceRug":15},{"Lee\u0027s Waffle":47,"Lantern":57,"reliquary:SilkGlove":23,"aspiration:Nostalgia":0,"reliquary:PartyBalloon":57,"DemoMod:OrangeGuonStone":107,"Oddly Smooth Stone":47,"DemoMod:GlassGuonStoneRelic":3,"Bag of Preparation":13,"TOEIDeficitBill":0,"reliquary:WeakTea":72,"DemoMod:WhiteGuonStone":98,"Sling":57,"Boot":98,"aspiration:FrozenJewel":20,"PureWhite:ReiMu":94,"DemoMod:Metronome":123,"Hololive_TheStar":0,"Simple Rune":51,"Coffee Dripper":37,"DeathKnight:SindragosasSkull":47,"hubris:NiceRug":57}]},"card_choices":[{"not_picked":["Hololive_CallMurasakiShion","Hololive_LuckPotion","Hololive_Breathe"],"picked":"Hololive_Yoholoon","floor":1.0},{"not_picked":["Hololive_OvertimeWork","Hololive_Drill","Hololive_RevenueBasedLive"],"picked":"Hololive_CallInugamiKorone","floor":3.0},{"not_picked":["Hololive_FlyingPonyTail","Hololive_HuntDinosaur","Hololive_Sequa"],"picked":"Hololive_CallAkaiHaato","floor":4.0},{"not_picked":["Hololive_Breathe","Hololive_RevenueBasedLive","Hololive_Watashimo"],"picked":"Hololive_FlareMind","floor":6.0},{"not_picked":["Hololive_StrengthChampion","Hololive_Trident","Hololive_HuntDinosaur"],"picked":"Hololive_CallNekomataOkayu","floor":7.0},{"not_picked":["Hololive_FlyingPonyTail","Hololive_StrengthChampion","Hololive_CallShiroganeNoel"],"picked":"Hololive_CallRosalyn","floor":8.0},{"not_picked":["Hololive_CocoNews","Hololive_FlyingPonyTail","Hololive_CallRoboco"],"picked":"Hololive_CallTsunomakiWatame","floor":11.0},{"not_picked":["Hololive_DevilCharm","Hololive_Yoholoon","Hololive_LuckPotion"],"picked":"Hololive_Watashimo","floor":13.0},{"not_picked":["Hololive_Sequa","Hololive_ASMR","Hololive_Drill"],"picked":"Hololive_CallShiranuiFlare","floor":14.0},{"not_picked":["Hololive_IdolExercise","Hololive_FlareMind","Hololive_StarCraft"],"picked":"Hololive_Nanodesu","floor":16.0},{"not_picked":["Hololive_Sequa","Hololive_CallAkaiHaato+1","Hololive_Drill"],"picked":"Hololive_CallMinatoAqua","floor":18.0},{"not_picked":["Hololive_Rebound+1","Hololive_OvertimeWork","Hololive_SoulCatcher+1"],"picked":"Hololive_Psychosis+1","floor":19.0},{"not_picked":["Hololive_FlyingPonyTail+1","Hololive_Rebirth","Hololive_Rebound+1","Hololive_HuntDinosaur"],"picked":"SKIP","floor":20.0},{"not_picked":["Hololive_Sequa","Hololive_Trident","Hololive_CallTsunomakiWatame"],"picked":"Hololive_CallFriendA","floor":23.0},{"not_picked":[],"picked":"Hololive_Yoholoon","floor":24.0},{"not_picked":[],"picked":"Hololive_ManjiGathering","floor":24.0},{"not_picked":[],"picked":"Hololive_ILoveYou","floor":24.0},{"not_picked":[],"picked":"Hololive_LuckPotion","floor":24.0},{"not_picked":[],"picked":"Hololive_CallKiryuuCoco","floor":24.0},{"not_picked":[],"picked":"DemoMod:Invincible","floor":24.0},{"not_picked":["Replay:BasicMightCard"],"picked":"SKIP","floor":24.0},{"not_picked":["Hololive_RevenueBasedLive+1","Hololive_Sequa+1","Hololive_Rebound"],"picked":"Hololive_CocoNews+1","floor":25.0},{"not_picked":["Hololive_Sequa","Hololive_RevenueBasedLive","Hololive_Trident","Hololive_SoulCatcher"],"picked":"SKIP","floor":27.0},{"not_picked":["Hololive_Trident","Hololive_CallOkamiMio","Hololive_CallYogiri"],"picked":"Hololive_CallManoAloe","floor":29.0},{"not_picked":["Hololive_FlyingPonyTail","Hololive_OvertimeWork","Hololive_RevenueBasedLive+1","Hololive_Sequa"],"picked":"SKIP","floor":30.0},{"not_picked":["Hololive_Psychosis+1","Hololive_CallInugamiKorone","Hololive_LuckPotion"],"picked":"Hololive_Spy+1","floor":31.0},{"not_picked":["Hololive_Rebirth","Hololive_HighAtkLowDef","Hololive_Recruit"],"picked":"Hololive_DiamondStrike","floor":33.0},{"not_picked":["Hololive_Psychosis+1","Hololive_Rebound+1","Hololive_CallNekomataOkayu+1"],"picked":"Hololive_CallShirakamiFubuki","floor":35.0},{"not_picked":["Hololive_Yoholoon+1","Hololive_HuntDinosaur+1","Hololive_Sequa","Hololive_LuckPotion+1"],"picked":"SKIP","floor":36.0},{"not_picked":["Hololive_CallKiryuuCoco+1","Hololive_CocoNews+1","Hololive_SummonFox+1"],"picked":"Hololive_CallYogiri","floor":38.0},{"not_picked":["Hololive_Trident+1","Hololive_CallMinatoAqua","Hololive_SummonFox+1"],"picked":"Hololive_Nanodesu","floor":40.0},{"not_picked":["Hololive_SoulCatcher+1","Hololive_Watashimo","Hololive_Sequa","Hololive_RevenueBasedLive"],"picked":"SKIP","floor":44.0},{"not_picked":["Hololive_HuntDinosaur","Hololive_Drill+1","Hololive_RevenueBasedLive+1"],"picked":"Hololive_CallAZKi","floor":45.0},{"not_picked":["Hololive_Breathe+1","Hololive_CocoNews","Hololive_ScarfAndHalo"],"picked":"Hololive_CallNatsuiroMatsuri+1","floor":48.0},{"not_picked":["Hololive_CallShiroganeNoel+1","Hololive_Trident+1","Hololive_CallNatsuiroMatsuri+1","Hololive_OvertimeWork"],"picked":"SKIP","floor":54}],"player_experience":179933,"relics_obtained":[{"floor":6.0,"key":"Bag of Preparation"},{"floor":9.0,"key":"aspiration:FrozenJewel"},{"floor":11.0,"key":"reliquary:SilkGlove"},{"floor":23.0,"key":"Simple Rune"},{"floor":24.0,"key":"reliquary:PartyBalloon"},{"floor":24.0,"key":"Lantern"},{"floor":24.0,"key":"Sling"},{"floor":30.0,"key":"reliquary:WeakTea"},{"floor":38.0,"key":"PureWhite:ReiMu"},{"floor":40.0,"key":"Boot"},{"floor":43.0,"key":"DemoMod:WhiteGuonStone"},{"floor":45.0,"key":"DemoMod:OrangeGuonStone"},{"floor":54,"key":"DemoMod:Metronome"}],"event_choices":[{"damage_healed":0.0,"max_hp_gain":0.0,"max_hp_loss":0.0,"gold_gain":0.0,"event_name":"Shining Light","player_choice":"Entered Light","floor":5.0,"gold_loss":0.0,"damage_taken":7.0,"cards_upgraded":["Hololive_Yoholoon","Hololive_CallAkaiHaato"]},{"damage_healed":0.0,"max_hp_gain":0.0,"max_hp_loss":0.0,"gold_gain":275.0,"event_name":"Golden Shrine","player_choice":"Desecrate","floor":10.0,"gold_loss":0.0,"damage_taken":0.0,"cards_obtained":["Regret"]},{"cards_removed":["Hololive_Nanodesu"],"damage_healed":0.0,"max_hp_gain":0.0,"max_hp_loss":0.0,"gold_gain":0.0,"event_name":"betterNote:BetterNote","player_choice":"Give","floor":22.0,"gold_loss":0.0,"damage_taken":0.0,"cards_obtained":["stsjorbsmod:EyeOfTheStorm"]},{"damage_healed":0.0,"max_hp_gain":0.0,"max_hp_loss":0.0,"gold_gain":0.0,"event_name":"conspire:Investor","player_choice":"Leave","floor":37.0,"gold_loss":0.0,"damage_taken":0.0},{"damage_healed":0.0,"max_hp_gain":0.0,"max_hp_loss":0.0,"gold_gain":0.0,"event_name":"Mysterious Sphere","player_choice":"Fight","floor":38.0,"gold_loss":0.0,"damage_taken":0.0}],"is_beta":false,"boss_relics":[{"not_picked":["Replay:Grab Bag","bronze:MakeshiftBattery"],"picked":"Coffee Dripper"},{"not_picked":["Kintsugi","hubris:BlackHole","aspiration:RandomNobGenerator"]}],"items_purged_floors":[21],"is_endless":false,"potions_floor_spawned":[1,6,8,11,16,19,20,29,30,35,40,44,48],"ascension_level":0}}