{"host":"uv5ws9rdk87e8i5k","time":1612135533,"event":{"mods":["AchievementEnabler","BaseMod","Colored Map","Minty Spire (QoL Compilation)","Permanent Neow","Quick Restart","StSLib","SuperFastMode","The Necromancer"],"gold_per_floor":[115,115,134,152,43,43,76,76,76,86,96,108,128,160,160,263,263,281,291,291,309,327,327,352,47,47,47,60,74,74,106,106,206,206,226,243,258,46,146,146,146],"floor_reached":40,"language":"ENG","playtime":1332,"items_purged":["Regret"],"score":775,"play_id":"a345848d-efb4-4828-884c-a3e2bd375692","local_time":"20210131172533","is_ascension_mode":true,"campfire_choices":[{"data":"Catalyst","floor":6.0,"key":"SMITH"},{"data":"Corpse Explosion","floor":8.0,"key":"SMITH"},{"floor":15.0,"key":"REST"},{"floor":23.0,"key":"REST"},{"floor":27.0,"key":"REST"},{"floor":30.0,"key":"REST"},{"floor":32.0,"key":"REST"}],"circlet_count":0,"master_deck":["Strike_G","Strike_G","Strike_G","Strike_G","Defend_G","Defend_G","Defend_G","Defend_G","Survivor","Neutralize","Corpse Explosion+1","Backstab","Catalyst+1","Noxious Fumes+1","Noxious Fumes","Crippling Poison","Backflip","Backflip","Deadly Poison","Deadly Poison","Poisoned Stab","Burst","Prepared","PiercingWail","Backstab+1","Noxious Fumes","Night Terror","Deadly Poison","Noxious Fumes+1","Footwork"],"relics":["Ring of the Snake","Mercury Hourglass","Calipers","Juzu Bracelet","Happy Flower","Velvet Choker","Molten Egg 2","TwistedFunnel","Du-Vu Doll","Snake Skull","Empty Cage","Anchor"],"acts_visited":["Exordium","TheCity","TheBeyond"],"potions_floor_usage":[],"damage_taken":[{"damage":0.0,"enemies":"Small Slimes","floor":1.0,"turns":3.0},{"damage":1.0,"enemies":"Jaw Worm","floor":3.0,"turns":3.0},{"damage":6.0,"enemies":"Cultist","floor":4.0,"turns":3.0},{"damage":25.0,"enemies":"Lagavulin","floor":7.0,"turns":6.0},{"damage":11.0,"enemies":"Lots of Slimes","floor":10.0,"turns":2.0},{"damage":0.0,"enemies":"Gremlin Gang","floor":11.0,"turns":2.0},{"damage":0.0,"enemies":"2 Fungi Beasts","floor":12.0,"turns":1.0},{"damage":17.0,"enemies":"Large Slime","floor":13.0,"turns":4.0},{"damage":7.0,"enemies":"Gremlin Nob","floor":14.0,"turns":3.0},{"damage":0.0,"enemies":"Slime Boss","floor":16.0,"turns":6.0},{"damage":0.0,"enemies":"3 Byrds","floor":18.0,"turns":2.0},{"damage":2.0,"enemies":"Chosen","floor":19.0,"turns":3.0},{"damage":37.0,"enemies":"Centurion and Healer","floor":21.0,"turns":4.0},{"damage":5.0,"enemies":"Chosen and Byrds","floor":22.0,"turns":4.0},{"damage":33.0,"enemies":"Book of Stabbing","floor":24.0,"turns":4.0},{"damage":2.0,"enemies":"Cultist and Chosen","floor":28.0,"turns":3.0},{"damage":0.0,"enemies":"Snecko","floor":29.0,"turns":4.0},{"damage":21.0,"enemies":"Gremlin Leader","floor":31.0,"turns":6.0},{"damage":20.0,"enemies":"Automaton","floor":33.0,"turns":5.0},{"damage":0.0,"enemies":"3 Shapes","floor":35.0,"turns":2.0},{"damage":6.0,"enemies":"Orb Walker","floor":36.0,"turns":2.0},{"damage":14.0,"enemies":"3 Darklings","floor":37.0,"turns":2.0},{"damage":41,"enemies":"Reptomancer","floor":40,"turns":3}],"seed_played":"-7050039763076586128","potions_obtained":[{"floor":1.0,"key":"Regen Potion"},{"floor":11.0,"key":"Weak Potion"},{"floor":12.0,"key":"Weak Potion"},{"floor":13.0,"key":"Strength Potion"},{"floor":14.0,"key":"Explosive Potion"},{"floor":16.0,"key":"ColorlessPotion"},{"floor":18.0,"key":"LiquidBronze"},{"floor":22.0,"key":"LiquidBronze"},{"floor":28.0,"key":"Ancient Potion"},{"floor":31.0,"key":"AttackPotion"},{"floor":33.0,"key":"SkillPotion"}],"is_trial":false,"path_per_floor":["M","?","M","M","$","R","E","R","T","M","M","M","M","E","R","B",null,"M","M","?","M","M","R","E","$","T","R","M","M","R","E","R","B",null,"M","M","M","$","?","E"],"character_chosen":"THE_SILENT","items_purchased":["Noxious Fumes","TwistedFunnel","FairyPotion","Explosive Potion","Anchor","Footwork"],"campfire_rested":5,"item_purchase_floors":[5,25,25,25,38,38],"current_hp_per_floor":[63,63,62,56,56,56,46,46,46,35,35,35,18,11,32,32,61,61,59,59,22,17,38,5,5,5,26,24,24,45,24,45,25,59,59,53,39,39,39,21,21],"gold":146,"neow_bonus":"ONE_RANDOM_RARE_CARD","is_daily":false,"chose_seed":false,"campfire_upgraded":2,"win_rate":0.0,"timestamp":1612135533,"path_taken":["M","?","M","M","$","R","E","R","T","M","M","M","M","E","R","BOSS","M","M","?","M","M","R","E","$","T","R","M","M","R","E","R","BOSS","M","M","M","?","?","E"],"items_purchased_type":["Card","Relic","Potion","Potion","Relic","Card"],"build_version":"2020-12-22","purchased_purges":1,"victory":false,"max_hp_per_floor":[70,70,70,70,70,70,70,70,70,70,70,70,70,70,70,70,70,70,70,70,70,70,70,70,70,70,70,70,70,70,70,70,70,70,70,70,70,70,70,70,70],"card_choices":[{"not_picked":["Caltrops","Setup"],"picked":"Backstab","floor":1.0},{"not_picked":["Reflex","Poisoned Stab"],"picked":"Catalyst","floor":3.0},{"not_picked":["Blade Dance","Acrobatics"],"picked":"Noxious Fumes","floor":4.0},{"not_picked":["Terror","Blade Dance"],"picked":"Crippling Poison","floor":7.0},{"not_picked":["PiercingWail","Blade Dance"],"picked":"Backflip","floor":10.0},{"not_picked":["Setup","Blade Dance"],"picked":"Backflip","floor":11.0},{"not_picked":["Concentrate","PiercingWail"],"picked":"Deadly Poison","floor":12.0},{"not_picked":["Quick Slash","Crippling Poison"],"picked":"Deadly Poison","floor":13.0},{"not_picked":["All Out Attack","Slice"],"picked":"Poisoned Stab","floor":14.0},{"not_picked":["Phantasmal Killer","Adrenaline"],"picked":"Burst","floor":16.0},{"not_picked":["Deflect","Finisher"],"picked":"Prepared","floor":18.0},{"not_picked":["Terror","Prepared","Endless Agony+1"],"picked":"SKIP","floor":19.0},{"not_picked":["Acrobatics","Dagger Spray"],"picked":"PiercingWail","floor":21.0},{"not_picked":["Riddle With Holes","Distraction+1","Quick Slash"],"picked":"SKIP","floor":22.0},{"not_picked":["Doppelganger","Predator+1","Prepared"],"picked":"SKIP","floor":24.0},{"not_picked":["Backflip","Accuracy"],"picked":"Backstab+1","floor":28.0},{"not_picked":["Infinite Blades","Quick Slash+1","Dagger Spray+1"],"picked":"SKIP","floor":29.0},{"not_picked":["Tactician","Cloak And Dagger"],"picked":"Noxious Fumes","floor":31.0},{"not_picked":["Bullet Time","After Image"],"picked":"Night Terror","floor":33.0},{"not_picked":["Flechettes+1","Leg Sweep"],"picked":"Deadly Poison","floor":35.0},{"not_picked":["Cloak And Dagger","Masterful Stab+1","Terror"],"picked":"SKIP","floor":36.0},{"not_picked":["Prepared","PiercingWail+1"],"picked":"Noxious Fumes+1","floor":37.0}],"player_experience":324043,"relics_obtained":[{"floor":7.0,"key":"Calipers"},{"floor":9.0,"key":"Juzu Bracelet"},{"floor":14.0,"key":"Happy Flower"},{"floor":24.0,"key":"Molten Egg 2"},{"floor":26.0,"key":"Du-Vu Doll"},{"floor":31.0,"key":"Snake Skull"}],"event_choices":[{"damage_healed":0.0,"max_hp_gain":0.0,"max_hp_loss":0.0,"gold_gain":0.0,"event_name":"Big Fish","player_choice":"Box","floor":2.0,"gold_loss":0.0,"damage_taken":0.0,"relics_obtained":["Mercury Hourglass"],"cards_obtained":["Regret"]},{"damage_healed":0.0,"max_hp_gain":0.0,"max_hp_loss":0.0,"gold_gain":0.0,"event_name":"Upgrade Shrine","player_choice":"Upgraded","floor":20.0,"gold_loss":0.0,"damage_taken":0.0,"cards_upgraded":["Noxious Fumes"]},{"damage_healed":0.0,"max_hp_gain":0.0,"max_hp_loss":0.0,"gold_gain":100.0,"event_name":"Golden Shrine","player_choice":"Pray","floor":39.0,"gold_loss":0.0,"damage_taken":0.0}],"is_beta":false,"boss_relics":[{"not_picked":["Sozu","Snecko Eye"],"picked":"Velvet Choker"},{"not_picked":["Philosopher\u0027s Stone","Fusion Hammer"],"picked":"Empty Cage"}],"items_purged_floors":[5],"is_endless":false,"potions_floor_spawned":[1,11,12,13,14,16,18,22,28,31,33],"killed_by":"Reptomancer","ascension_level":9}}