{"host":"umlqh7ic0jf4k5hg","time":1612093366,"event":{"mods":["AchievementEnabler","Arknights","Bartender","BaseMod","Card Forge","Colored Powertips","DeckTracker","Hermit","Highlight Path","LagranYue(???·?)","Minty Spire (QoL Compilation)","Relic Stats","SOS???????","StSLib","Synergy Search","The Marked","The Spell Scribe"],"gold_per_floor":[148,223,223,223,45,45,71,71,71,89,89,102,172,252,252,411,411,434,434,73,124,0,82,129,129,155,135,203,213,213,67,67,159,159,139,39,57,57,33,121,121,114,190,190,17,117,191,277,277,178,178,178,2,39,80],"floor_reached":56,"language":"SPA","playtime":4125,"items_purged":["Attack_a+1","Attack_a+1","DevilstarS+1"],"score":1501,"play_id":"4db80357-a04b-4736-b6a7-a296c04fb00a","local_time":"20210131084246","is_ascension_mode":false,"campfire_choices":[{"floor":6,"key":"REST"},{"data":"Millionstab","floor":8,"key":"SMITH"},{"floor":15,"key":"REST"},{"data":"BeastUppercut","floor":25,"key":"SMITH"},{"floor":30,"key":"REST"},{"floor":32,"key":"RECALL"},{"floor":44,"key":"REST"},{"floor":49,"key":"REST"},{"floor":52,"key":"REST"}],"circlet_count":0,"master_deck":["Attack_b+1","Shoot+1","Shoot+1","Provocation+1","Defend_Dante+1","Defend_Dante+1","Defend_Dante+1","Defend_Dante+1","Redorb+1","Swordmaster+1","EbonyIvory+1","Gunslinger+1","Swordmaster+1","Millionstab+1","Royalguard+1","LucifercomboA+1","LucifercomboD+1","Rebellion+1","Pandora+1","Trickster+1","LucifercomboC+1","Dash2+1","Unrisingdragon+1","Lucifer+1","BeastUppercut+1","LucifercomboB+1","SSScard+1","CoyoteA+1","Honeycombofire+1","GilgameshcomboA+1","Chargeshoot+1","LucifercomboA+1","Weaponchange+1","Weaponchange+1","Dash1+1"],"relics":["SSS","Combocheck","Hammer of Thor","Seething Fire","Anvil of the Gods","LagranYue:RandomDrawCardRelic","NeowsBlessing","Cleaning_Rag","Prayer Wheel","Unceasing Top","Golden Idol","Thread and Needle","LagranYue:SoulBurningRelic","Orichalcum","ClockworkSouvenir","Akabeko","Vajra","Bottled Flame","Anchor","Silver_Glasses","Boot","LagranYue:WskJewelryRelic","Blood Vial","Dead Branch","Bag of Preparation","Bag of Marbles"],"acts_visited":["Exordium","TheCity","TheBeyond","TheEnding"],"potions_floor_usage":[14,16,21,28,41,42,42,46,48,50],"damage_taken":[{"damage":0,"enemies":"Cultist","floor":1,"turns":1},{"damage":0,"enemies":"Gremlin Nob","floor":7,"turns":1},{"damage":0,"enemies":"Jaw Worm","floor":10,"turns":1},{"damage":0,"enemies":"Small Slimes","floor":12,"turns":1},{"damage":0,"enemies":"Exordium Wildlife","floor":13,"turns":3},{"damage":23,"enemies":"3 Sentries","floor":14,"turns":5},{"damage":42,"enemies":"Hexaghost","floor":16,"turns":3},{"damage":0,"enemies":"3 Byrds","floor":18,"turns":2},{"damage":0,"enemies":"Shell Parasite","floor":21,"turns":2},{"damage":0,"enemies":"Book of Stabbing","floor":23,"turns":2},{"damage":0,"enemies":"Snake Plant","floor":24,"turns":3},{"damage":1,"enemies":"Slavers","floor":28,"turns":3},{"damage":0,"enemies":"Cultist and Chosen","floor":29,"turns":3},{"damage":5,"enemies":"Collector","floor":33,"turns":4},{"damage":0,"enemies":"3 Darklings","floor":35,"turns":1},{"damage":8,"enemies":"3 Shapes","floor":37,"turns":3},{"damage":0,"enemies":"3 Darklings","floor":39,"turns":4},{"damage":0,"enemies":"Nemesis","floor":40,"turns":3},{"damage":31,"enemies":"Jaw Worm Horde","floor":41,"turns":3},{"damage":0,"enemies":"Transient","floor":42,"turns":3},{"damage":0,"enemies":"2 Orb Walkers","floor":46,"turns":2},{"damage":0,"enemies":"Giant Head","floor":47,"turns":3},{"damage":0,"enemies":"Mind Bloom Boss Battle","floor":48,"turns":3},{"damage":25,"enemies":"Donu and Deca","floor":50,"turns":6},{"damage":0,"enemies":"Shield and Spear","floor":54,"turns":1},{"damage":0,"enemies":"The Heart","floor":55,"turns":2}],"seed_played":"-2327916322647212863","potions_obtained":[{"floor":1,"key":"Weak Potion"},{"floor":10,"key":"SteroidPotion"},{"floor":14,"key":"DuplicationPotion"},{"floor":18,"key":"SmokeBomb"},{"floor":24,"key":"LiquidBronze"},{"floor":27,"key":"Dexterity Potion"},{"floor":39,"key":"Weak Potion"},{"floor":42,"key":"Swift Potion"},{"floor":47,"key":"Fire Potion"},{"floor":48,"key":"DistilledChaos"},{"floor":54,"key":"CultistPotion"}],"is_trial":false,"path_per_floor":["M","?","?","?","$","R","E","R","T","M","?","M","M","E","R","B",null,"M","?","$","M","?","E","M","R","T","?","E","M","R","$","R","B",null,"M","$","M","?","M","E","M","M","T","R","$","?","E","?","R","B",null,"R","$","E","B",null],"character_chosen":"DANTE","items_purchased":["EbonyIvory","Gunslinger","Swordmaster","ClockworkSouvenir","Dash2","Unrisingdragon","Anchor","Chargeshoot","Bag of Preparation","Weaponchange"],"campfire_rested":6,"item_purchase_floors":[5,5,5,20,20,20,31,45,53,53],"current_hp_per_floor":[80,69,69,53,53,77,77,77,77,77,77,77,77,54,78,36,80,80,80,80,80,80,80,80,80,80,80,79,79,80,80,80,75,80,80,80,72,72,72,72,41,41,41,64,64,64,64,65,80,55,90,90,90,90,90],"gold":80,"neow_bonus":"THREE_ENEMY_KILL","is_daily":false,"chose_seed":false,"campfire_upgraded":2,"win_rate":0.0,"timestamp":1612093366,"path_taken":["M","?","?","?","$","R","E","R","T","M","?","M","M","E","R","BOSS","M","?","$","M","?","E","M","R","T","?","E","M","R","$","R","BOSS","M","$","M","?","M","E","M","M","T","R","$","?","E","?","R","BOSS","R","$","E","BOSS"],"items_purchased_type":["Card","Card","Card","Relic","Card","Card","Relic","Card","Relic","Card"],"build_version":"2020-12-22","purchased_purges":3,"victory":true,"max_hp_per_floor":[80,80,80,80,80,80,80,80,80,80,80,80,80,80,80,80,80,80,80,80,80,80,80,80,80,80,80,80,80,80,80,80,80,80,80,80,80,80,80,80,80,80,80,80,80,80,80,80,80,90,90,90,90,90,90],"relic_stats":{"Blood Vial":1,"counters":[26,68],"Golden Idol":210,"Dead Branch":[27],"Prayer Wheel":11,"Bag of Preparation":[4],"Orichalcum":[18],"Boot":[115],"obtain_stats":[{"LagranYue:RandomDrawCardRelic":0,"Vajra":26,"LagranYue:SoulBurningRelic":17,"Hammer of Thor":0,"Bag of Preparation":53,"Boot":40,"Cleaning_Rag":3,"ClockworkSouvenir":20,"Silver_Glasses":34,"Blood Vial":47,"Prayer Wheel":7,"NeowsBlessing":0,"Golden Idol":11,"Dead Branch":48,"Thread and Needle":14,"Seething Fire":0,"Orichalcum":19,"Akabeko":23,"Combocheck":0,"SSS":0,"Bottled Flame":28,"Anchor":31,"LagranYue:WskJewelryRelic":46,"Anvil of the Gods":0,"Bag of Marbles":54,"Unceasing Top":9},{"LagranYue:RandomDrawCardRelic":0,"Vajra":11,"LagranYue:SoulBurningRelic":7,"Hammer of Thor":0,"Bag of Preparation":24,"Boot":18,"Cleaning_Rag":1,"ClockworkSouvenir":8,"Silver_Glasses":14,"Blood Vial":22,"Prayer Wheel":2,"NeowsBlessing":0,"Golden Idol":3,"Dead Branch":23,"Thread and Needle":6,"Seething Fire":0,"Orichalcum":8,"Akabeko":10,"Combocheck":0,"SSS":0,"Bottled Flame":12,"Anchor":13,"LagranYue:WskJewelryRelic":21,"Anvil of the Gods":0,"Bag of Marbles":25,"Unceasing Top":2},{"LagranYue:RandomDrawCardRelic":0,"Vajra":24,"LagranYue:SoulBurningRelic":15,"Hammer of Thor":0,"Bag of Preparation":65,"Boot":45,"Cleaning_Rag":1,"ClockworkSouvenir":17,"Silver_Glasses":34,"Blood Vial":56,"Prayer Wheel":2,"NeowsBlessing":0,"Golden Idol":3,"Dead Branch":59,"Thread and Needle":12,"Seething Fire":0,"Orichalcum":17,"Akabeko":21,"Combocheck":0,"SSS":0,"Bottled Flame":27,"Anchor":30,"LagranYue:WskJewelryRelic":53,"Anvil of the Gods":0,"Bag of Marbles":66,"Unceasing Top":2}],"Unceasing Top":[38]},"card_choices":[{"not_picked":["Millionkick","Weaponchange"],"picked":"Swordmaster","floor":1},{"not_picked":["Dash2","Greenorb"],"picked":"Millionstab","floor":7},{"not_picked":["Kick13","Gunslinger"],"picked":"Royalguard","floor":10},{"not_picked":["Chargeshoot2","Splesh","Kick13"],"picked":"SKIP","floor":10},{"not_picked":["Weaponupgrade","Gunstinger"],"picked":"LucifercomboA","floor":12},{"not_picked":["Chargeshoot2","BeastUppercut","SSScard"],"picked":"SKIP","floor":12},{"not_picked":["Stinger","Millionstab"],"picked":"LucifercomboD","floor":13},{"not_picked":["LucifercomboA","Whiteorb"],"picked":"Rebellion","floor":13},{"not_picked":["Airhike","DevilstarS"],"picked":"Pandora","floor":14},{"not_picked":["VitalstarL","Airtrick"],"picked":"Trickster","floor":16},{"not_picked":["Doubleshoot","Holywater"],"picked":"LucifercomboC","floor":18},{"not_picked":["VitalstarM","Hightime","Unrisingdragon"],"picked":"SKIP","floor":18},{"not_picked":["Greenorb","Kick13"],"picked":"Lucifer","floor":21},{"not_picked":["Chargeshoot2","Doubleshoot+1","EbonyIvory"],"picked":"SKIP","floor":21},{"not_picked":["LucifercomboD","LucifercomboB","Royaldefend"],"picked":"SKIP","floor":23},{"not_picked":["LucifercomboD","LucifercomboA+1"],"picked":"BeastUppercut","floor":24},{"not_picked":["Rebellion","Hightime","Weaponupgrade+1"],"picked":"SKIP","floor":24},{"not_picked":["Airtrick","EbonyIvory"],"picked":"DevilstarS+1","floor":28},{"not_picked":["LucifercomboC","Whiteorb+1"],"picked":"LucifercomboB+1","floor":29},{"not_picked":["Whiteorb+1","Kick13+1","Shock"],"picked":"SKIP","floor":29},{"not_picked":["Blueorb","Royalguard"],"picked":"Stylechange","floor":33},{"not_picked":["Holywater+1","Rebellion"],"picked":"SSScard+1","floor":35},{"not_picked":["LucifercomboA+1","Airhike+1"],"picked":"CoyoteA","floor":35},{"not_picked":["Rebellion","VitalstarS"],"picked":"Honeycombofire","floor":37},{"not_picked":["Weaponchange+1","SSScard","Splesh"],"picked":"SKIP","floor":37},{"not_picked":["Gunstinger","SSScard","Kick13"],"picked":"SKIP","floor":39},{"not_picked":["Weaponchange","Swordmaster+1","Gilgamesh+1"],"picked":"SKIP","floor":39},{"not_picked":["Gilgamesh+1","Straight+1"],"picked":"GilgameshcomboA","floor":40},{"not_picked":["SSScard+1","VitalstarM+1","Fullhouse+1"],"picked":"SKIP","floor":42},{"not_picked":["Honeycombofire","CoyoteA","Whiteorb+1"],"picked":"SKIP","floor":42},{"not_picked":["GilgameshcomboA+1","Stylechange"],"picked":"LucifercomboA+1","floor":47},{"not_picked":["Chargeshoot","Holywater"],"picked":"Weaponchange","floor":48},{"not_picked":["LucifercomboC+1","Lucifer"],"picked":"Dash1","floor":54}],"player_experience":287768,"relics_obtained":[{"floor":7,"key":"Prayer Wheel"},{"floor":9,"key":"Unceasing Top"},{"floor":14,"key":"Thread and Needle"},{"floor":23,"key":"Akabeko"},{"floor":26,"key":"Vajra"},{"floor":28,"key":"Bottled Flame"},{"floor":40,"key":"Boot"},{"floor":46,"key":"LagranYue:WskJewelryRelic"},{"floor":47,"key":"Blood Vial"},{"floor":48,"key":"Dead Branch"},{"floor":54,"key":"Bag of Marbles"}],"event_choices":[{"damage_healed":0,"gold_gain":75,"player_choice":"Gather Gold","damage_taken":11,"max_hp_gain":0,"max_hp_loss":0,"event_name":"World of Goop","floor":2,"gold_loss":0},{"damage_healed":0,"gold_gain":0,"player_choice":"Box","damage_taken":0,"relics_obtained":["Cleaning_Rag"],"max_hp_gain":0,"max_hp_loss":0,"event_name":"Big Fish","floor":3,"gold_loss":0,"cards_obtained":["Regret"]},{"damage_healed":0,"gold_gain":0,"player_choice":"Entered Light","damage_taken":16,"max_hp_gain":0,"max_hp_loss":0,"event_name":"Shining Light","floor":4,"gold_loss":0,"cards_upgraded":["Provocation","Defend_Dante"]},{"damage_healed":0,"gold_gain":0,"player_choice":"Take Wound","damage_taken":0,"relics_obtained":["Golden Idol"],"max_hp_gain":0,"max_hp_loss":0,"event_name":"Golden Idol","floor":11,"gold_loss":0,"cards_obtained":["Injury"]},{"damage_healed":0,"gold_gain":0,"player_choice":"Opened","damage_taken":0,"relics_obtained":["Orichalcum"],"max_hp_gain":0,"max_hp_loss":0,"event_name":"The Mausoleum","floor":19,"gold_loss":0,"cards_obtained":["Writhe"]},{"damage_healed":0,"gold_gain":0,"player_choice":"Paid Fearfully","damage_taken":0,"max_hp_gain":0,"max_hp_loss":0,"event_name":"Masked Bandits","floor":22,"gold_loss":124},{"damage_healed":0,"gold_gain":0,"player_choice":"Bought 1 Potion","damage_taken":0,"max_hp_gain":0,"max_hp_loss":0,"event_name":"The Woman in Blue","floor":27,"gold_loss":0},{"cards_removed":["Stylechange"],"damage_healed":0,"gold_gain":0,"player_choice":"Removed Skill","damage_taken":0,"max_hp_gain":0,"max_hp_loss":0,"event_name":"Falling","floor":38,"gold_loss":0},{"damage_healed":0,"gold_gain":0,"player_choice":"Fight","damage_taken":0,"max_hp_gain":0,"max_hp_loss":0,"event_name":"Mysterious Sphere","floor":46,"gold_loss":0},{"damage_healed":0,"gold_gain":0,"player_choice":"Fight","damage_taken":0,"max_hp_gain":0,"max_hp_loss":0,"event_name":"MindBloom","floor":48,"gold_loss":0}],"is_beta":false,"boss_relics":[{"not_picked":["LagranYue:ContractPerformanceRelic","Philosopher\u0027s Stone"],"picked":"LagranYue:SoulBurningRelic"},{"not_picked":["Cursed Key","Pandora\u0027s Box"],"picked":"Silver_Glasses"}],"items_purged_floors":[20,36,45],"is_endless":false,"potions_floor_spawned":[1,10,14,18,24,39,42,47,48,54],"ascension_level":0}}