{"host":"w4itzgfiflucot85","time":1612100357,"event":{"mods":["2.2 Compatiblity","BaseMod","Bestiary","Better Note","BetterRewards","Colored Map","Conspire","Highlight Path","Infinite Spire","Minty Spire (QoL Compilation)","Permanent Neow","Replay The Spire","StSLib","The Bug Knight","The Dragon Tamer","The Jungle"],"gold_per_floor":[110,121,137,152,264,264,264],"floor_reached":6,"language":"ENG","playtime":315,"items_purged":[],"score":38,"play_id":"fd9577c9-ab3c-4c1d-8682-c66318dcd368","local_time":"20210131083917","is_ascension_mode":false,"campfire_choices":[],"circlet_count":0,"master_deck":["HollowMod:NailStrikeStart","HollowMod:NailStrikeStart","HollowMod:NailStrikeStart","HollowMod:NailStrikeStart","HollowMod:QuickDashStart","HollowMod:QuickDashStart","HollowMod:QuickDashStart","HollowMod:QuickDashStart","HollowMod:FocusHealStart+1","HollowMod:PogoStrike","HollowMod:InfectionAssault","HollowMod:TaintedHusks","HollowMod:CrystalDash","HollowMod:SoulShaman","HollowMod:InfectedAttack","HollowMod:TaintedHusks","HollowMod:CornifersMapStart"],"relics":["HollowMod:VesselMask"],"acts_visited":["Exordium"],"potions_floor_usage":[],"damage_taken":[{"damage":1,"enemies":"Jaw Worm","floor":1,"turns":5},{"damage":0,"enemies":"2 Louse","floor":2,"turns":3},{"damage":0,"enemies":"Small Slimes","floor":3,"turns":3},{"damage":0,"enemies":"Looter","floor":4,"turns":4},{"damage":38,"enemies":"3 Sentries","floor":6,"turns":5}],"seed_played":"3544980349077065785","potions_obtained":[],"is_trial":false,"path_per_floor":["M","M","M","M","?","E"],"character_chosen":"THE_BUGKNIGHT","items_purchased":[],"campfire_rested":0,"item_purchase_floors":[],"current_hp_per_floor":[75,75,75,75,57,29,29],"gold":264,"neow_bonus":"UPGRADE_CARD","is_daily":false,"chose_seed":false,"campfire_upgraded":0,"win_rate":0.0,"timestamp":1612100357,"path_taken":["M","M","M","M","?","E"],"items_purchased_type":[],"build_version":"2020-12-22","purchased_purges":0,"victory":false,"max_hp_per_floor":[75,75,75,75,75,75,75],"card_choices":[{"not_picked":["HollowMod:InfectedAttack","HollowMod:DoubleDash"],"picked":"HollowMod:InfectionAssault","floor":1},{"not_picked":["HollowMod:ShadowDash","HollowMod:PureNailStrike"],"picked":"HollowMod:TaintedHusks","floor":2},{"not_picked":["HollowMod:WraithStrike","HollowMod:DescendingDark"],"picked":"HollowMod:CrystalDash","floor":3},{"not_picked":["HollowMod:DoubleDash","HollowMod:SoulSplash"],"picked":"HollowMod:SoulShaman","floor":4},{"not_picked":["HollowMod:HeavyBlow","HollowMod:ChannelNail"],"picked":"HollowMod:InfectedAttack","floor":5},{"not_picked":["HollowMod:DescendingDark","HollowMod:VengefulVoid"],"picked":"HollowMod:TaintedHusks","floor":5},{"not_picked":["HollowMod:BlackTendrils","HollowMod:LifebloodCocoon"],"picked":"HollowMod:CornifersMapStart","floor":5}],"player_experience":149380,"relics_obtained":[],"event_choices":[],"is_beta":false,"boss_relics":[],"items_purged_floors":[],"is_endless":false,"potions_floor_spawned":[],"killed_by":"3 Sentries","ascension_level":0}}