{"host":"x5w9zppki4gdwvc7","time":1612122421,"event":{"mods":["AchievementEnabler","BaseMod","Colored Powertips","DeckTracker","Minty Spire (QoL Compilation)","Relic Sorter","SuperFastMode"],"gold_per_floor":[114,114,4,24,24,24,35,110,160,182,194,222,260,372,384,396,396],"floor_reached":16,"language":"ENG","playtime":491,"items_purged":["Strike_R"],"score":115,"play_id":"0c9fb2c1-2e3d-43dc-95ed-41a1b838a3f7","local_time":"20210131204701","is_ascension_mode":true,"campfire_choices":[{"data":"Body Slam","floor":6,"key":"SMITH"},{"data":"Whirlwind","floor":11,"key":"SMITH"},{"floor":15,"key":"REST"}],"circlet_count":0,"master_deck":["Strike_R","Strike_R","Strike_R","Strike_R","Defend_R","Defend_R","Defend_R","Defend_R","Bash","Dropkick","Whirlwind+1","Body Slam+1","Thunderclap","Inflame"],"relics":["Burning Blood","Regal Pillow","Omamori","MawBank","Singing Bowl"],"acts_visited":["Exordium"],"potions_floor_usage":[1,16,16,16],"damage_taken":[{"damage":8,"enemies":"2 Louse","floor":1,"turns":3},{"damage":12,"enemies":"Jaw Worm","floor":4,"turns":2},{"damage":0,"enemies":"Small Slimes","floor":7,"turns":2},{"damage":0,"enemies":"3 Louse","floor":10,"turns":1},{"damage":7,"enemies":"Exordium Wildlife","floor":12,"turns":2},{"damage":55,"enemies":"Lagavulin","floor":13,"turns":6},{"damage":68,"enemies":"Hexaghost","floor":16,"turns":9}],"seed_played":"-2697786484571357326","potions_obtained":[{"floor":1,"key":"Fruit Juice"},{"floor":4,"key":"EssenceOfSteel"},{"floor":7,"key":"Ancient Potion"},{"floor":10,"key":"DistilledChaos"}],"is_trial":false,"path_per_floor":["M","?","$","M","?","R","M","?","T","M","R","M","E","?","R","B"],"character_chosen":"IRONCLAD","items_purchased":["Whirlwind"],"campfire_rested":1,"item_purchase_floors":[3],"current_hp_per_floor":[83,88,88,82,75,75,81,70,70,76,76,75,26,26,68,0,0],"gold":396,"neow_bonus":"RANDOM_COMMON_RELIC","is_daily":false,"chose_seed":false,"campfire_upgraded":2,"win_rate":0.0,"timestamp":1612122421,"path_taken":["M","?","?","M","?","R","M","?","T","M","R","?","E","?","R","BOSS"],"items_purchased_type":["Card"],"build_version":"2020-12-22","purchased_purges":1,"victory":false,"max_hp_per_floor":[85,90,90,90,90,90,90,90,90,90,90,90,90,90,90,90,90],"card_choices":[{"not_picked":["Cleave","Carnage"],"picked":"Dropkick","floor":1},{"not_picked":["Clash","Twin Strike"],"picked":"Body Slam","floor":4},{"not_picked":["Second Wind","Havoc","Clash"],"picked":"SKIP","floor":7},{"not_picked":["Clash","Exhume","Warcry"],"picked":"SKIP","floor":10},{"not_picked":["Clothesline","Carnage"],"picked":"Thunderclap","floor":12},{"not_picked":["Warcry","Bloodletting"],"picked":"Inflame","floor":13}],"player_experience":338141,"relics_obtained":[{"floor":9,"key":"MawBank"},{"floor":13,"key":"Singing Bowl"}],"event_choices":[{"damage_healed":0,"gold_gain":0,"player_choice":"Donut","damage_taken":0,"max_hp_gain":5,"max_hp_loss":0,"event_name":"Big Fish","floor":2,"gold_loss":0},{"damage_healed":0,"gold_gain":0,"player_choice":"Success","damage_taken":7,"relics_obtained":["Omamori"],"max_hp_gain":0,"max_hp_loss":0,"event_name":"Scrap Ooze","floor":5,"gold_loss":0},{"damage_healed":0,"gold_gain":75,"player_choice":"Gather Gold","damage_taken":11,"max_hp_gain":0,"max_hp_loss":0,"event_name":"World of Goop","floor":8,"gold_loss":0},{"damage_healed":0,"gold_gain":100,"player_choice":"Gold","damage_taken":0,"max_hp_gain":0,"max_hp_loss":0,"event_name":"Wheel of Change","floor":14,"gold_loss":0}],"is_beta":false,"boss_relics":[],"items_purged_floors":[3],"is_endless":false,"potions_floor_spawned":[1,4,7,10],"killed_by":"Hexaghost","ascension_level":3}}