{"host":"fv4u04bzswzfg5qa","time":1612118674,"event":{"mods":["BaseMod","Colored Map","Colored Powertips","Highlight Path","Minty Spire (QoL Compilation)","StSLib","Synergy Search"],"gold_per_floor":[369,369,74,74,92,92,111,111,138,155,155,230,230,180,180,282,282,292,303,323,334,10,10,27,27,53,53,53,68,68,20,20,20,20],"floor_reached":33,"language":"ENG","playtime":3103,"items_purged":[],"score":235,"play_id":"1178d368-b79a-4ef3-a543-c4a19936bc32","local_time":"20210131134434","is_ascension_mode":false,"campfire_choices":[{"data":"Eruption","floor":6,"key":"SMITH"},{"data":"Vigilance","floor":8,"key":"SMITH"},{"data":"SashWhip","floor":11,"key":"SMITH"},{"data":"FollowUp","floor":13,"key":"SMITH"},{"data":"Defend_P","floor":15,"key":"SMITH"},{"floor":23,"key":"REST"},{"data":"CrushJoints","floor":25,"key":"SMITH"},{"data":"Defend_P","floor":27,"key":"SMITH"},{"floor":32,"key":"REST"}],"circlet_count":0,"master_deck":["Strike_P","Strike_P","Strike_P","Defend_P+1","Defend_P","Defend_P","Defend_P+1","Eruption+1","Vigilance+1","SashWhip+1","Halt+1","Evaluate+1","Prostrate+1","FollowUp+1","Judgement+1","Indignation+1","SashWhip+1","ForeignInfluence+1","CrushJoints+1","Crescendo+1","Halt+1","SashWhip"],"relics":["PureWater","Toxic Egg 2","Art of War","SlaversCollar","HornCleat","Potion Belt"],"acts_visited":["Exordium","TheCity"],"potions_floor_usage":[20,21,29,33,33,33],"damage_taken":[{"damage":7,"enemies":"Jaw Worm","floor":1,"turns":3},{"damage":0,"enemies":"Cultist","floor":5,"turns":2},{"damage":2,"enemies":"2 Louse","floor":7,"turns":3},{"damage":1,"enemies":"Large Slime","floor":10,"turns":5},{"damage":40,"enemies":"Hexaghost","floor":16,"turns":13},{"damage":0,"enemies":"3 Byrds","floor":18,"turns":4},{"damage":0,"enemies":"Spheric Guardian","floor":19,"turns":1},{"damage":11,"enemies":"Centurion and Healer","floor":20,"turns":5},{"damage":37,"enemies":"Snake Plant","floor":21,"turns":7},{"damage":6,"enemies":"Chosen and Byrds","floor":24,"turns":7},{"damage":4,"enemies":"Snecko","floor":29,"turns":4},{"damage":48,"enemies":"Collector","floor":33,"turns":8}],"seed_played":"-5346770295755230259","potions_obtained":[{"floor":1,"key":"EssenceOfSteel"},{"floor":5,"key":"Ancient Potion"},{"floor":19,"key":"PowerPotion"},{"floor":20,"key":"Weak Potion"},{"floor":28,"key":"DuplicationPotion"},{"floor":28,"key":"Swift Potion"},{"floor":28,"key":"Ancient Potion"}],"is_trial":false,"path_per_floor":["M","?","$","?","M","R","M","R","T","M","R","?","R","?","R","B",null,"M","M","M","M","$","R","M","R","T","R","?","M","?","$","R","B"],"character_chosen":"WATCHER","items_purchased":["Toxic Egg 2","Halt+1","HornCleat","CrushJoints","Crescendo+1","BlessingOfTheForge"],"campfire_rested":2,"item_purchase_floors":[3,3,22,22,22,31],"current_hp_per_floor":[65,58,58,58,58,58,56,56,56,55,55,44,44,44,44,4,72,72,72,61,24,24,45,39,39,39,39,39,35,22,22,45,0,0],"gold":20,"neow_bonus":"TWO_FIFTY_GOLD","is_daily":false,"chose_seed":false,"campfire_upgraded":7,"win_rate":0.0,"timestamp":1612118674,"path_taken":["M","?","$","?","?","R","M","R","T","M","R","?","R","?","R","BOSS","M","M","M","M","$","R","M","R","T","R","?","?","?","$","R","BOSS"],"items_purchased_type":["Relic","Card","Relic","Card","Card","Potion"],"build_version":"2020-12-22","purchased_purges":0,"victory":false,"max_hp_per_floor":[72,72,72,72,72,72,72,72,72,72,72,72,72,72,72,72,72,72,72,72,72,72,72,72,72,72,72,72,72,77,77,77,77,77],"card_choices":[{"not_picked":["CrushJoints","Crescendo"],"picked":"SashWhip","floor":1},{"not_picked":["CrushJoints","PathToVictory+1"],"picked":"Evaluate+1","floor":5},{"not_picked":["Evaluate+1","CrushJoints"],"picked":"Prostrate+1","floor":7},{"not_picked":["Wireheading","SashWhip"],"picked":"FollowUp","floor":10},{"not_picked":["Wish+1","SpiritShield+1"],"picked":"Judgement+1","floor":16},{"not_picked":["WindmillStrike","EmptyFist"],"picked":"Indignation+1","floor":18},{"not_picked":["PathToVictory+1","ThirdEye+1"],"picked":"SashWhip+1","floor":19},{"not_picked":["FlurryOfBlows","WindmillStrike"],"picked":"ForeignInfluence+1","floor":20},{"not_picked":["CutThroughFate+1","WreathOfFlame+1","TalkToTheHand"],"picked":"SKIP","floor":21},{"not_picked":["SignatureMove","CrushJoints"],"picked":"Halt+1","floor":24},{"not_picked":["Wireheading","Crescendo+1"],"picked":"SashWhip","floor":29}],"player_experience":223773,"relics_obtained":[{"floor":9,"key":"Art of War"},{"floor":26,"key":"Potion Belt"}],"event_choices":[{"cards_removed":["Regret"],"damage_healed":0,"gold_gain":0,"player_choice":"Card Removal","damage_taken":7,"max_hp_gain":0,"max_hp_loss":0,"event_name":"Golden Wing","floor":2,"gold_loss":0},{"damage_healed":0,"gold_gain":0,"player_choice":"Bought 0 Potions","damage_taken":0,"max_hp_gain":0,"max_hp_loss":0,"event_name":"The Woman in Blue","floor":4,"gold_loss":0},{"damage_healed":0,"gold_gain":75,"player_choice":"Gather Gold","damage_taken":11,"max_hp_gain":0,"max_hp_loss":0,"event_name":"World of Goop","floor":12,"gold_loss":0},{"cards_removed":["Strike_P"],"damage_healed":0,"gold_gain":0,"player_choice":"Card Removal","damage_taken":0,"max_hp_gain":0,"max_hp_loss":0,"event_name":"The Cleric","floor":14,"gold_loss":50},{"damage_healed":0,"gold_gain":0,"player_choice":"Got Potions","damage_taken":0,"max_hp_gain":0,"max_hp_loss":0,"event_name":"Lab","floor":28,"gold_loss":0},{"damage_healed":0,"gold_gain":0,"player_choice":"Shed Blood","damage_taken":18,"max_hp_gain":5,"max_hp_loss":0,"event_name":"Forgotten Altar","floor":30,"gold_loss":0}],"is_beta":false,"boss_relics":[{"not_picked":["Pandora\u0027s Box","Tiny House"],"picked":"SlaversCollar"}],"items_purged_floors":[],"is_endless":false,"potions_floor_spawned":[1,5,19,20],"killed_by":"Collector","ascension_level":0}}