{"host":"8p5c6x4qt9411139","time":1612125356,"event":{"mods":["Aspiration","BaseMod","BetterRewards","Friendly Minions","GungeonMod","Hubris","Infinite Spire","Minty Spire (QoL Compilation)","Quick Restart","Relic Stats","Replay The Spire","Shop Mod","StSLib","The Jungle"],"gold_per_floor":[110,185,185,200,55,55,82,82,82,82,82,108,108,34,34,34,34],"floor_reached":16,"language":"ENG","playtime":543,"items_purged":["Strike_G"],"score":94,"play_id":"54c44ef2-c464-40ee-a3c7-d6f95e095a9c","local_time":"20210131123556","is_ascension_mode":false,"campfire_choices":[{"data":"1","floor":6,"key":"LIFT"},{"data":"2","floor":8,"key":"LIFT"},{"data":"3","floor":10,"key":"LIFT"},{"data":"Infinite Blades","floor":15,"key":"SMITH"}],"circlet_count":0,"master_deck":["Strike_G","Strike_G","Defend_G","Defend_G","Defend_G","Defend_G","Defend_G","Survivor","Neutralize","Infinite Blades+1","Cloak And Dagger","All Out Attack","Hidden Blade","Replay:Poison Smokescreen"],"relics":["Ring of the Snake","hubris:AncientText","Girya","DemoMod:GnawedKey","Orichalcum","aspiration:Lifesprig","infinitespire:ShieldingShard","Potion Belt","infinitespire:Beetle Shell"],"acts_visited":["Exordium"],"potions_floor_usage":[],"damage_taken":[{"damage":0,"enemies":"2 Louse","floor":1,"turns":3},{"damage":0,"enemies":"Cultist","floor":4,"turns":3},{"damage":7,"enemies":"Lagavulin","floor":12,"turns":4},{"damage":31,"enemies":"Fading Forest","floor":16,"turns":7}],"seed_played":"-5615925399287530589","potions_obtained":[{"floor":1,"key":"BlessingOfTheForge"}],"is_trial":false,"path_per_floor":["M","?","?","M","$","R","T","R","T","R","?","E","T","$","R","B"],"character_chosen":"THE_SILENT","items_purchased":["hubris:AncientText","Infinite Blades","Cloak And Dagger","DemoMod:GnawedKey","Orichalcum","Replay:Poison Smokescreen"],"campfire_rested":0,"item_purchase_floors":[0,0,0,0,5,14],"current_hp_per_floor":[49,38,38,38,38,38,38,38,38,38,38,31,31,31,31,0,0],"gold":34,"neow_bonus":"","is_daily":false,"chose_seed":false,"campfire_upgraded":1,"win_rate":0.0,"timestamp":1612125356,"path_taken":["M","?","?","?","$","R","?","R","T","R","?","E","?","$","R","BOSS"],"items_purchased_type":["Relic","Card","Card","Relic","Relic","Card"],"build_version":"2020-12-22","purchased_purges":1,"victory":false,"max_hp_per_floor":[70,70,70,70,70,70,70,70,70,70,70,70,70,70,70,70,70],"relic_stats":{"counters":[4,17],"Orichalcum":[24],"obtain_stats":[{"Potion Belt":12,"Girya":0,"aspiration:Lifesprig":7,"DemoMod:GlassGuonStoneRelic":4,"infinitespire:Beetle Shell":13,"Orichalcum":5,"infinitespire:ShieldingShard":9,"Pantograph":0,"DemoMod:DecoyRelic":0,"DemoMod:GnawedKey":0,"hubris:AncientText":0,"Ring of the Snake":0,"ReplayTheSpireMod:ShopPack":0},{"Potion Belt":3,"Girya":0,"aspiration:Lifesprig":2,"DemoMod:GlassGuonStoneRelic":2,"infinitespire:Beetle Shell":3,"Orichalcum":2,"infinitespire:ShieldingShard":2,"Pantograph":0,"DemoMod:DecoyRelic":0,"DemoMod:GnawedKey":0,"hubris:AncientText":0,"Ring of the Snake":0,"ReplayTheSpireMod:ShopPack":0},{"Potion Belt":10,"Girya":0,"aspiration:Lifesprig":6,"DemoMod:GlassGuonStoneRelic":6,"infinitespire:Beetle Shell":10,"Orichalcum":6,"infinitespire:ShieldingShard":6,"Pantograph":0,"DemoMod:DecoyRelic":0,"DemoMod:GnawedKey":0,"hubris:AncientText":0,"Ring of the Snake":0,"ReplayTheSpireMod:ShopPack":0}],"Ring of the Snake":[8]},"card_choices":[{"not_picked":["Poisoned Stab","Prepared"],"picked":"All Out Attack","floor":1},{"not_picked":["Poisoned Stab","Tools of the Trade"],"picked":"Hidden Blade","floor":4},{"not_picked":["Draining Mist","Footwork","Bouncing Flask"],"picked":"SKIP","floor":12}],"player_experience":410033,"relics_obtained":[{"floor":7,"key":"aspiration:Lifesprig"},{"floor":9,"key":"infinitespire:ShieldingShard"},{"floor":12,"key":"Potion Belt"},{"floor":13,"key":"infinitespire:Beetle Shell"}],"event_choices":[{"damage_healed":0,"gold_gain":75,"player_choice":"Gather Gold","damage_taken":11,"max_hp_gain":0,"max_hp_loss":0,"event_name":"World of Goop","floor":2,"gold_loss":0},{"cards_removed":["Strike_G"],"damage_healed":0,"gold_gain":0,"player_choice":"Purged","damage_taken":0,"max_hp_gain":0,"max_hp_loss":0,"event_name":"Purifier","floor":3,"gold_loss":0}],"is_beta":false,"boss_relics":[],"items_purged_floors":[0],"is_endless":false,"potions_floor_spawned":[1],"killed_by":"Fading Forest","ascension_level":0}}