{"host":"5kxsp73ljq8rs5p9","time":1612115817,"event":{"mods":["BaseMod","Challenge The Spire","Colored Powertips","Energized Spire","HololiveMod","Minty Spire (QoL Compilation)","Quick Restart","Relic Stats","Replay The Spire","StSLib"],"gold_per_floor":[437,145,190,231,282,282,282,51,96,165,231,231,231,20,422,563,662,639],"floor_reached":19,"language":"ZHS","playtime":1280,"items_purged":[],"score":965,"play_id":"d6b751b7-c4eb-4406-b558-95c58083f29b","local_time":"20210201015657","daily_mods":["challengethespire:Platinum Difficulty","challengethespire:Modded Elite Rush","Uncertain Future"],"is_ascension_mode":true,"campfire_choices":[{"data":"Hololive_CallShishiroBotan","floor":7,"key":"SMITH"},{"data":"Hololive_CallSakuraMiko","floor":7,"key":"SMITH"},{"floor":13,"key":"REST"}],"circlet_count":0,"master_deck":["AscendersBane","Hololive_Strike","Hololive_Strike","Hololive_Defend","Hololive_Defend","Hololive_Psychosis","Hololive_CallHimemoriLuna","Hololive_CallAkiRosenthal","Hololive_CallAZKi","Hololive_CallSakuraMiko","Hololive_CallHoushouMarine","Hololive_CallSakuraMiko+1","Hololive_FlyingPonyTail","Hololive_CallUruhaRushia","Hololive_Psychosis","Hololive_Rebound","Hololive_BeCareful","Hololive_CallShishiroBotan+1","Hololive_CocoNews","Hololive_Yoholoon","Hololive_CallMomosuzuNene+4","Hololive_CallKiryuuCoco","Hololive_CocoNews","Hololive_CocoNews","Hololive_CallMoonaHoshinova","Hololive_CallNatsuiroMatsuri","Hololive_Drill","Hololive_CallFriendA"],"relics":["Hololive_TheStar","Black Star","Sling","PreservedInsect","TheAbacus","Replay:Rubber Ducky","Replay:Arrowhead","Pear","Boot","ReplayTheSpireMod:Shallot","Thread and Needle","Smiling Mask","Hololive_TopUpMoneyS","Replay:Bandana","Bag of Preparation","Blue Doll","ReplayTheSpireMod:TigerMarble","ReplayTheSpireMod:Ninjato","White Beast Statue","Gremlin Horn","Fusion Hammer","Membership Card","Orichalcum","Old Coin","Akabeko","Replay:Bottled Steam","MawBank","Pocketwatch","Happy Flower","Omamori"],"acts_visited":["Exordium"],"potions_floor_usage":[17,17,18],"damage_taken":[{"damage":0,"enemies":"Gremlin Nob","floor":3,"turns":3},{"damage":0,"enemies":"Replay:BlueRogue","floor":4,"turns":4},{"damage":0,"enemies":"3 Sentries","floor":5,"turns":5},{"damage":27,"enemies":"Gremlin Leader","floor":9,"turns":10},{"damage":0,"enemies":"Replay:Snechameleon","floor":10,"turns":6},{"damage":0,"enemies":"Book of Stabbing","floor":11,"turns":3},{"damage":0,"enemies":"Nemesis","floor":15,"turns":5},{"damage":0,"enemies":"Giant Head","floor":16,"turns":5},{"damage":0,"enemies":"Reptomancer","floor":17,"turns":5},{"damage":0,"enemies":"Shield and Spear","floor":18,"turns":4}],"seed_played":"5776497050819592424","potions_obtained":[{"floor":5,"key":"SkillPotion"},{"floor":9,"key":"Swift Potion"},{"floor":11,"key":"Reflective Coating"},{"floor":17,"key":"Explosive Potion"},{"floor":18,"key":"Swift Potion"}],"is_trial":true,"path_per_floor":["$","$","E","E","E","T","R","$","E","E","E","T","R","$","E","E","E","E",null],"character_chosen":"Hololive_HololiveCharacter","items_purchased":["Hololive_CallSakuraMiko","Hololive_FlyingPonyTail","TheAbacus","Hololive_CallUruhaRushia","Replay:Rubber Ducky","Hololive_Psychosis","Replay:Bandana","Hololive_CocoNews","Membership Card","Hololive_CocoNews","Hololive_CallMoonaHoshinova"],"campfire_rested":1,"item_purchase_floors":[1,1,1,2,2,2,8,8,14,14,14],"current_hp_per_floor":[27,27,37,37,37,37,37,37,10,10,10,10,22,22,22,22,22,22],"gold":651,"neow_bonus":"","is_daily":false,"chose_seed":false,"campfire_upgraded":2,"win_rate":0.0,"timestamp":1612115817,"path_taken":["$","$","E","E","E","T","R","$","E","E","E","T","R","$","E","E","E","E"],"items_purchased_type":["Card","Card","Relic","Card","Relic","Card","Relic","Card","Relic","Card","Card"],"build_version":"2020-12-22","purchased_purges":0,"victory":true,"max_hp_per_floor":[30,30,40,40,40,40,40,40,40,40,40,40,40,40,40,40,40,40],"relic_stats":{"Gremlin Horn":[7,7],"Happy Flower":[0],"counters":[10,50],"PreservedInsect":563,"Bag of Preparation":[12],"Orichalcum":[18],"Boot":[164],"Smiling Mask":0,"MawBank":24,"TheAbacus":[54],"Black Star":10,"obtain_stats":[{"Hololive_TopUpMoneyS":6,"Gremlin Horn":11,"Blue Doll":9,"Bag of Preparation":9,"Sling":0,"Boot":4,"Smiling Mask":5,"Replay:Rubber Ducky":2,"Old Coin":15,"Replay:Bandana":8,"TheAbacus":1,"Fusion Hammer":12,"Replay:Bottled Steam":16,"Pear":3,"ReplayTheSpireMod:Ninjato":10,"Happy Flower":18,"Thread and Needle":5,"PreservedInsect":0,"Omamori":18,"Orichalcum":15,"MawBank":17,"Replay:Arrowhead":3,"White Beast Statue":11,"Akabeko":16,"ReplayTheSpireMod:Shallot":4,"Hololive_TheStar":0,"Black Star":0,"ReplayTheSpireMod:TigerMarble":10,"Membership Card":14,"Pocketwatch":17},{"Hololive_TopUpMoneyS":3,"Gremlin Horn":6,"Blue Doll":4,"Bag of Preparation":4,"Sling":0,"Boot":2,"Smiling Mask":3,"Replay:Rubber Ducky":0,"Old Coin":7,"Replay:Bandana":3,"TheAbacus":0,"Fusion Hammer":6,"Replay:Bottled Steam":8,"Pear":1,"ReplayTheSpireMod:Ninjato":5,"Happy Flower":10,"Thread and Needle":3,"PreservedInsect":0,"Omamori":10,"Orichalcum":7,"MawBank":9,"Replay:Arrowhead":1,"White Beast Statue":6,"Akabeko":8,"ReplayTheSpireMod:Shallot":2,"Hololive_TheStar":0,"Black Star":0,"ReplayTheSpireMod:TigerMarble":5,"Membership Card":6,"Pocketwatch":9},{"Hololive_TopUpMoneyS":12,"Gremlin Horn":31,"Blue Doll":22,"Bag of Preparation":22,"Sling":0,"Boot":7,"Smiling Mask":12,"Replay:Rubber Ducky":0,"Old Coin":36,"Replay:Bandana":12,"TheAbacus":0,"Fusion Hammer":31,"Replay:Bottled Steam":41,"Pear":3,"ReplayTheSpireMod:Ninjato":28,"Happy Flower":50,"Thread and Needle":12,"PreservedInsect":0,"Omamori":50,"Orichalcum":36,"MawBank":46,"Replay:Arrowhead":3,"White Beast Statue":31,"Akabeko":41,"ReplayTheSpireMod:Shallot":7,"Hololive_TheStar":0,"Black Star":0,"ReplayTheSpireMod:TigerMarble":28,"Membership Card":31,"Pocketwatch":46}],"Pocketwatch":[0]},"card_choices":[],"player_experience":179916,"relics_obtained":[{"floor":3,"key":"Replay:Arrowhead"},{"floor":3,"key":"Pear"},{"floor":4,"key":"Boot"},{"floor":4,"key":"ReplayTheSpireMod:Shallot"},{"floor":5,"key":"Thread and Needle"},{"floor":5,"key":"Smiling Mask"},{"floor":9,"key":"Bag of Preparation"},{"floor":9,"key":"Blue Doll"},{"floor":10,"key":"ReplayTheSpireMod:TigerMarble"},{"floor":10,"key":"ReplayTheSpireMod:Ninjato"},{"floor":11,"key":"White Beast Statue"},{"floor":11,"key":"Gremlin Horn"},{"floor":15,"key":"Orichalcum"},{"floor":15,"key":"Old Coin"},{"floor":16,"key":"Akabeko"},{"floor":16,"key":"Replay:Bottled Steam"},{"floor":17,"key":"MawBank"},{"floor":17,"key":"Pocketwatch"},{"floor":18,"key":"Happy Flower"},{"floor":18,"key":"Omamori"}],"event_choices":[],"is_beta":false,"boss_relics":[{"not_picked":["Empty Cage","Snecko Eye"],"picked":"Hololive_TopUpMoneyS"},{"not_picked":["Replay:Wanted Poster","Runic Dome"],"picked":"Fusion Hammer"}],"items_purged_floors":[],"is_endless":false,"potions_floor_spawned":[5,9,11,15,16,17,18],"ascension_level":20}}