{"host":"0kk91h4bq4kgfj0u","time":1612127246,"event":{"mods":["BaseMod","Minty Spire (QoL Compilation)","StSLib"],"gold_per_floor":[115,115,190,190,190,190,243,243,243,290,313,245,277,312,312,452,452,476,476,87,112,112,112,43,77,77,77,127,127,151,196,196,335,335,360,360,390,419,20,20,43,43,120,120,120,149,149,183,183,183],"floor_reached":51,"language":"ENG","playtime":1414,"items_purged":[],"score":1139,"play_id":"5f9bc109-0889-4eb9-ae50-9c2f45d4752c","local_time":"20210131160726","is_ascension_mode":true,"campfire_choices":[{"data":"Thunderclap","floor":6.0,"key":"SMITH"},{"data":"Heavy Blade","floor":8.0,"key":"SMITH"},{"data":"Armaments","floor":15.0,"key":"SMITH"},{"data":"Demon Form","floor":23.0,"key":"SMITH"},{"floor":29.0,"key":"REST"},{"floor":32.0,"key":"REST"},{"floor":40,"key":"REST"},{"floor":42,"key":"REST"},{"floor":44,"key":"REST"},{"floor":47,"key":"REST"},{"floor":49,"key":"REST"}],"circlet_count":0,"master_deck":["Strike_R+1","Strike_R","Strike_R","Strike_R+1","Strike_R","Defend_R","Defend_R","Defend_R","Defend_R","Bash+1","Thunderclap+1","Injury","Heavy Blade+1","Pommel Strike","Feed","Spot Weakness","Armaments+1","Demon Form+1","Inflame","Shrug It Off","Flex","Inflame","Flex","Cleave","Cleave","Flame Barrier","Power Through","Bludgeon","Bloodletting+1","Cleave+1","Clothesline","Battle Trance","Sentinel","Body Slam+1","Clothesline","Anger+1"],"relics":["Burning Blood","NeowsBlessing","Golden Idol","CeramicFish","Letter Opener","Pen Nib","Vajra","SlaversCollar","Magic Flower","Whetstone","Unceasing Top","Frozen Egg 2","Centennial Puzzle","Fusion Hammer","Nunchaku","Orichalcum","Gremlin Horn","Potion Belt"],"acts_visited":["Exordium","TheCity","TheBeyond"],"potions_floor_usage":[48,48,50],"damage_taken":[{"damage":0.0,"enemies":"Small Slimes","floor":1.0,"turns":1.0},{"damage":0.0,"enemies":"Lagavulin","floor":7.0,"turns":1.0},{"damage":0.0,"enemies":"3 Sentries","floor":10.0,"turns":2.0},{"damage":11.0,"enemies":"2 Louse","floor":11.0,"turns":3.0},{"damage":6.0,"enemies":"Cultist","floor":13.0,"turns":3.0},{"damage":25.0,"enemies":"Lagavulin","floor":14.0,"turns":5.0},{"damage":17.0,"enemies":"Slime Boss","floor":16.0,"turns":10.0},{"damage":0.0,"enemies":"Spheric Guardian","floor":18.0,"turns":3.0},{"damage":35.0,"enemies":"Shell Parasite","floor":25.0,"turns":4.0},{"damage":32.0,"enemies":"Gremlin Leader","floor":28.0,"turns":3.0},{"damage":42.0,"enemies":"Snake Plant","floor":30.0,"turns":5.0},{"damage":42.0,"enemies":"Book of Stabbing","floor":31.0,"turns":5.0},{"damage":103.0,"enemies":"Automaton","floor":33.0,"turns":10.0},{"damage":4.0,"enemies":"3 Shapes","floor":35.0,"turns":3.0},{"damage":31,"enemies":"3 Darklings","floor":37,"turns":4},{"damage":50,"enemies":"Maw","floor":38,"turns":7},{"damage":25,"enemies":"Jaw Worm Horde","floor":41,"turns":4},{"damage":22,"enemies":"Writhing Mass","floor":46,"turns":6},{"damage":27,"enemies":"Transient","floor":48,"turns":5},{"damage":103,"enemies":"Awakened One","floor":50,"turns":8}],"seed_played":"-1970696783912949425","potions_obtained":[{"floor":11.0,"key":"FairyPotion"},{"floor":13.0,"key":"Fire Potion"},{"floor":16.0,"key":"SneckoOil"},{"floor":18.0,"key":"SpeedPotion"},{"floor":19.0,"key":"Regen Potion"},{"floor":28.0,"key":"SneckoOil"},{"floor":33.0,"key":"GamblersBrew"},{"floor":38,"key":"Regen Potion"},{"floor":46,"key":"ColorlessPotion"}],"is_trial":false,"path_per_floor":["M","?","?","?","?","R","E","R","T","E","M","$","M","E","R","B",null,"M","?","$","T","?","R","$","M","T","$","E","R","M","E","R","B",null,"M","?","M","M","$","R","M","R","T","R","?","M","R","M","R","B",null],"character_chosen":"IRONCLAD","items_purchased":["Spot Weakness","Magic Flower","Shrug It Off","Flex","Inflame","Flex","Battle Trance","Nunchaku","Sentinel","Orichalcum"],"campfire_rested":7,"item_purchase_floors":[12,20,20,20,24,24,39,39,39,39],"current_hp_per_floor":[78,83,72,72,72,72,78,78,78,84,79,79,82,63,63,55,82,88,88,88,88,88,88,88,62,62,62,39,66,33,22,49,23,74,84,84,62,21,21,49,33,61,61,89,89,81,97,79,97,11],"gold":183,"neow_bonus":"THREE_ENEMY_KILL","is_daily":false,"chose_seed":false,"campfire_upgraded":4,"win_rate":0.0,"timestamp":1612127246,"path_taken":["M","?","?","?","?","R","E","R","T","E","M","?","?","E","R","BOSS","M","?","$","?","?","R","$","M","T","?","E","R","?","E","R","BOSS","M","?","M","M","$","R","M","R","T","R","?","?","R","M","R","BOSS"],"items_purchased_type":["Card","Relic","Card","Card","Card","Card","Card","Relic","Card","Relic"],"build_version":"2020-12-22","purchased_purges":0,"victory":true,"max_hp_per_floor":[80,85,85,85,85,85,85,85,85,85,85,85,88,88,88,91,91,91,91,91,91,91,91,91,91,91,91,91,91,91,91,91,91,91,94,94,94,94,94,94,94,94,94,94,94,97,97,97,97,97],"card_choices":[{"not_picked":["Perfected Strike","Twin Strike"],"picked":"Thunderclap","floor":1.0},{"not_picked":["Evolve","Clothesline"],"picked":"Heavy Blade","floor":7.0},{"not_picked":["Pummel","Twin Strike"],"picked":"Pommel Strike","floor":10.0},{"not_picked":["Thunderclap","Sword Boomerang"],"picked":"Feed","floor":11.0},{"not_picked":["Rupture","Blood for Blood"],"picked":"Armaments","floor":13.0},{"not_picked":["Feel No Pain","Havoc","Sever Soul"],"picked":"SKIP","floor":14.0},{"not_picked":["Double Tap","Offering"],"picked":"Demon Form","floor":16.0},{"not_picked":["Sword Boomerang","Flex"],"picked":"Inflame","floor":18.0},{"not_picked":["Havoc+1","Warcry"],"picked":"Cleave","floor":25.0},{"not_picked":["Armaments","Clash"],"picked":"Cleave","floor":28.0},{"not_picked":["Clash","Reckless Charge"],"picked":"Flame Barrier","floor":30.0},{"not_picked":["Evolve+1","True Grit"],"picked":"Power Through","floor":31.0},{"not_picked":["Double Tap","Barricade+1"],"picked":"Bludgeon","floor":33.0},{"not_picked":["Evolve+1","Havoc"],"picked":"Bloodletting+1","floor":35.0},{"not_picked":["Heavy Blade+1","Headbutt"],"picked":"Cleave+1","floor":37},{"not_picked":["Searing Blow+1","Heavy Blade"],"picked":"Clothesline","floor":38},{"not_picked":["Barricade+1","True Grit"],"picked":"Body Slam+1","floor":41},{"not_picked":["Thunderclap+1","Sword Boomerang+1"],"picked":"Clothesline","floor":46},{"not_picked":["Sword Boomerang+1","Heavy Blade"],"picked":"Anger+1","floor":48}],"player_experience":832975,"relics_obtained":[{"floor":7.0,"key":"CeramicFish"},{"floor":9.0,"key":"Letter Opener"},{"floor":10.0,"key":"Pen Nib"},{"floor":14.0,"key":"Vajra"},{"floor":21.0,"key":"Whetstone"},{"floor":26.0,"key":"Unceasing Top"},{"floor":28.0,"key":"Frozen Egg 2"},{"floor":31.0,"key":"Centennial Puzzle"},{"floor":43,"key":"Gremlin Horn"},{"floor":45,"key":"Potion Belt"}],"event_choices":[{"damage_healed":0.0,"max_hp_gain":5.0,"max_hp_loss":0.0,"gold_gain":0.0,"event_name":"Big Fish","player_choice":"Donut","floor":2.0,"gold_loss":0.0,"damage_taken":0.0},{"damage_healed":0.0,"max_hp_gain":0.0,"max_hp_loss":0.0,"gold_gain":75.0,"event_name":"World of Goop","player_choice":"Gather Gold","floor":3.0,"gold_loss":0.0,"damage_taken":11.0},{"damage_healed":0.0,"max_hp_gain":0.0,"max_hp_loss":0.0,"gold_gain":0.0,"event_name":"Living Wall","player_choice":"Grow","floor":4.0,"gold_loss":0.0,"damage_taken":0.0,"cards_upgraded":["Bash"]},{"damage_healed":0.0,"max_hp_gain":0.0,"max_hp_loss":0.0,"gold_gain":0.0,"event_name":"Golden Idol","player_choice":"Take Wound","floor":5.0,"gold_loss":0.0,"damage_taken":0.0,"relics_obtained":["Golden Idol"],"cards_obtained":["Injury"]},{"damage_healed":0.0,"max_hp_gain":0.0,"max_hp_loss":0.0,"gold_gain":0.0,"event_name":"Lab","player_choice":"Got Potions","floor":19.0,"gold_loss":0.0,"damage_taken":0.0},{"damage_healed":0.0,"max_hp_gain":0.0,"max_hp_loss":0.0,"gold_gain":0.0,"event_name":"Vampires","player_choice":"Ignored","floor":22.0,"gold_loss":0.0,"damage_taken":0.0},{"damage_healed":0,"gold_gain":0,"player_choice":"Ignored","damage_taken":0,"max_hp_gain":0,"max_hp_loss":0,"event_name":"Mysterious Sphere","floor":36,"gold_loss":0},{"damage_healed":0,"gold_gain":0,"player_choice":"Relic","damage_taken":0,"max_hp_gain":0,"max_hp_loss":0,"event_name":"Wheel of Change","floor":45,"gold_loss":0}],"is_beta":false,"boss_relics":[{"not_picked":["Runic Dome","Runic Pyramid"],"picked":"SlaversCollar"},{"not_picked":["Coffee Dripper","Black Star"],"picked":"Fusion Hammer"}],"items_purged_floors":[],"is_endless":false,"potions_floor_spawned":[11,13,16,18,28,33,38,46],"ascension_level":8}}