{"host":"mb4cisebr17g8vuz","time":1612124060,"event":{"mods":["AchievementEnabler","BaseMod","Colored Map","Colored Powertips","Minty Spire (QoL Compilation)","SuperFastMode","everything is the same but u backflip on backflip"],"gold_per_floor":[114,129,129,1,19,19,45,58,58,78,88,88,105,105,105,182,182,192,192,209,109,143,58,73,123,123,135,169,188,188,207,207,286,286,304,315,333,352,370,397,397,46,72,72,106,120,20,20,20,20],"floor_reached":51,"language":"KOR","playtime":2135,"items_purged":["Strike_R","Pain","Strike_R"],"score":1360,"play_id":"585ef2e9-63da-4ba8-a681-43348627fa34","local_time":"20210131151420","is_ascension_mode":true,"campfire_choices":[{"data":"Bash","floor":6.0,"key":"SMITH"},{"floor":12.0,"key":"REST"},{"data":"Burning Pact","floor":15.0,"key":"SMITH"},{"data":"Limit Break","floor":30.0,"key":"SMITH"},{"data":"Heavy Blade","floor":32.0,"key":"SMITH"},{"data":"Dark Embrace","floor":41.0,"key":"SMITH"},{"data":"Feel No Pain","floor":44.0,"key":"SMITH"},{"data":"Corruption","floor":49.0,"key":"SMITH"}],"circlet_count":0,"master_deck":["AscendersBane","Strike_R","Strike_R","Defend_R","Defend_R","Defend_R","Bash+1","Inflame+1","Cleave","Burning Pact+1","Twin Strike","Pummel","Iron Wave","Intimidate","Limit Break+1","Pummel","Heavy Blade+1","Shockwave","Corruption+1","Dark Embrace+1","Armaments+1","Sentinel","Ghostly Armor","Feel No Pain+1","Pommel Strike","Sentinel"],"relics":["Black Blood","White Beast Statue","Sundial","WarpedTongs","Meat on the Bone","Red Mask","Mummified Hand","InkBottle","Eternal Feather","Philosopher\u0027s Stone","The Courier","Charon\u0027s Ashes","CeramicFish","Molten Egg 2"],"acts_visited":["Exordium","TheCity","TheBeyond"],"potions_floor_usage":[50,50],"damage_taken":[{"damage":13.0,"enemies":"Cultist","floor":1.0,"turns":5.0},{"damage":14.0,"enemies":"Jaw Worm","floor":2.0,"turns":3.0},{"damage":10.0,"enemies":"Small Slimes","floor":5.0,"turns":3.0},{"damage":40.0,"enemies":"3 Sentries","floor":7.0,"turns":8.0},{"damage":1.0,"enemies":"2 Fungi Beasts","floor":8.0,"turns":3.0},{"damage":0.0,"enemies":"Lots of Slimes","floor":10.0,"turns":1.0},{"damage":24.0,"enemies":"Exordium Wildlife","floor":11.0,"turns":4.0},{"damage":1.0,"enemies":"2 Fungi Beasts","floor":13.0,"turns":2.0},{"damage":22.0,"enemies":"Hexaghost","floor":16.0,"turns":9.0},{"damage":15.0,"enemies":"Chosen","floor":18.0,"turns":5.0},{"damage":7.0,"enemies":"3 Byrds","floor":20.0,"turns":4.0},{"damage":43.0,"enemies":"Masked Bandits","floor":22.0,"turns":4.0},{"damage":23.0,"enemies":"Snecko","floor":24.0,"turns":4.0},{"damage":23.0,"enemies":"Snake Plant","floor":27.0,"turns":3.0},{"damage":29.0,"enemies":"Slavers","floor":28.0,"turns":3.0},{"damage":21.0,"enemies":"Cultist and Chosen","floor":29.0,"turns":5.0},{"damage":16.0,"enemies":"Centurion and Healer","floor":31.0,"turns":7.0},{"damage":49.0,"enemies":"Champ","floor":33.0,"turns":10.0},{"damage":16.0,"enemies":"Orb Walker","floor":35.0,"turns":3.0},{"damage":26.0,"enemies":"3 Shapes","floor":36.0,"turns":6.0},{"damage":14.0,"enemies":"Transient","floor":37.0,"turns":6.0},{"damage":12.0,"enemies":"Sphere and 2 Shapes","floor":38.0,"turns":3.0},{"damage":14.0,"enemies":"Spire Growth","floor":39.0,"turns":4.0},{"damage":14.0,"enemies":"Giant Head","floor":40.0,"turns":5.0},{"damage":47.0,"enemies":"Nemesis","floor":45.0,"turns":7.0},{"damage":14.0,"enemies":"Jaw Worm Horde","floor":46.0,"turns":3.0},{"damage":55,"enemies":"Donu and Deca","floor":50,"turns":7}],"seed_played":"302530844865813235","potions_obtained":[{"floor":5.0,"key":"Ancient Potion"},{"floor":7.0,"key":"AttackPotion"},{"floor":8.0,"key":"SkillPotion"},{"floor":10.0,"key":"Dexterity Potion"},{"floor":11.0,"key":"Strength Potion"},{"floor":13.0,"key":"Explosive Potion"},{"floor":16.0,"key":"EssenceOfSteel"},{"floor":20.0,"key":"ColorlessPotion"},{"floor":22.0,"key":"BloodPotion"},{"floor":24.0,"key":"Explosive Potion"},{"floor":27.0,"key":"SneckoOil"},{"floor":28.0,"key":"BlessingOfTheForge"},{"floor":29.0,"key":"Explosive Potion"},{"floor":31.0,"key":"AttackPotion"},{"floor":33.0,"key":"SkillPotion"},{"floor":35.0,"key":"FearPotion"},{"floor":36.0,"key":"Ancient Potion"},{"floor":37.0,"key":"DistilledChaos"},{"floor":38.0,"key":"EntropicBrew"},{"floor":39.0,"key":"AttackPotion"},{"floor":40.0,"key":"Block Potion"},{"floor":45.0,"key":"FearPotion"},{"floor":46.0,"key":"AttackPotion"}],"is_trial":false,"path_per_floor":["M","M","?","$","M","R","E","M","T","M","M","R","M","?","R","B",null,"M","T","M","$","?","?","M","?","T","M","E","M","R","M","R","B",null,"M","M","M","M","M","E","R","$","T","R","E","M","$","?","R","B",null],"character_chosen":"IRONCLAD","items_purchased":["Block Potion","Charon\u0027s Ashes","Feel No Pain","Pommel Strike"],"campfire_rested":1,"item_purchase_floors":[4,42,42,42],"current_hp_per_floor":[61,53,53,53,49,49,15,20,20,26,8,28,33,33,33,17,55,52,52,57,57,38,38,39,33,33,47,42,45,54,50,59,34,60,56,54,52,52,50,48,60,60,60,68,45,55,55,55,65,34],"gold":20,"neow_bonus":"REMOVE_TWO","is_daily":false,"chose_seed":false,"campfire_upgraded":7,"win_rate":0.0,"timestamp":1612124060,"path_taken":["M","M","?","$","M","R","E","M","T","M","M","R","?","?","R","BOSS","M","?","?","$","?","?","M","?","T","M","E","M","R","M","R","BOSS","M","M","?","M","M","E","R","$","T","R","E","M","$","?","R","BOSS"],"items_purchased_type":["Potion","Relic","Card","Card"],"build_version":"2020-12-22","purchased_purges":3,"victory":true,"max_hp_per_floor":[68,68,68,68,68,68,68,68,68,68,68,68,68,68,68,68,68,68,68,68,68,68,68,68,68,68,68,68,68,68,68,68,68,68,68,68,68,68,68,68,68,68,68,68,68,68,68,65,65,65],"card_choices":[{"not_picked":["Thunderclap","Pommel Strike"],"picked":"Inflame","floor":1.0},{"not_picked":["Perfected Strike","True Grit"],"picked":"Cleave","floor":2.0},{"not_picked":["Metallicize","Wild Strike"],"picked":"Burning Pact","floor":5.0},{"not_picked":["Dark Embrace","Battle Trance"],"picked":"Twin Strike","floor":7.0},{"not_picked":["Fiend Fire","Burning Pact"],"picked":"Pummel","floor":8.0},{"not_picked":["Sword Boomerang","Flex"],"picked":"Iron Wave","floor":10.0},{"not_picked":["Headbutt","Sentinel"],"picked":"Intimidate","floor":11.0},{"not_picked":["Iron Wave","Berserk","Headbutt"],"picked":"SKIP","floor":13.0},{"not_picked":["Fiend Fire","Impervious"],"picked":"Limit Break","floor":16.0},{"not_picked":["Warcry","Wild Strike","Headbutt"],"picked":"SKIP","floor":18.0},{"not_picked":["Rampage","Perfected Strike","Wild Strike"],"picked":"SKIP","floor":20.0},{"not_picked":["Wild Strike","Body Slam"],"picked":"Pummel","floor":22.0},{"not_picked":["Cleave","Fire Breathing"],"picked":"Heavy Blade","floor":24.0},{"not_picked":["Wild Strike","Heavy Blade"],"picked":"Shockwave","floor":27.0},{"not_picked":["Reckless Charge","Clash","Shockwave"],"picked":"SKIP","floor":28.0},{"not_picked":["Barricade","Entrench+1","Rampage"],"picked":"SKIP","floor":29.0},{"not_picked":["Thunderclap+1","Wild Strike","Iron Wave"],"picked":"SKIP","floor":31.0},{"not_picked":["Fiend Fire","Demon Form"],"picked":"Corruption","floor":33.0},{"not_picked":["Battle Trance","Heavy Blade","Thunderclap"],"picked":"SKIP","floor":35.0},{"not_picked":["Armaments+1","Shrug It Off"],"picked":"Dark Embrace","floor":36.0},{"not_picked":["Clothesline","Twin Strike+1"],"picked":"Armaments+1","floor":37.0},{"not_picked":["Sword Boomerang","Heavy Blade+1"],"picked":"Sentinel","floor":38.0},{"not_picked":["Hemokinesis","Power Through","Carnage"],"picked":"SKIP","floor":39.0},{"not_picked":["Heavy Blade+1","Demon Form"],"picked":"Ghostly Armor","floor":40.0},{"not_picked":["Ghostly Armor","Anger+1"],"picked":"Sentinel","floor":45.0},{"not_picked":["Havoc+1","Iron Wave+1","Thunderclap+1"],"picked":"SKIP","floor":46.0}],"player_experience":239764,"relics_obtained":[{"floor":7.0,"key":"White Beast Statue"},{"floor":9.0,"key":"Sundial"},{"floor":19.0,"key":"Meat on the Bone"},{"floor":22.0,"key":"Red Mask"},{"floor":26.0,"key":"InkBottle"},{"floor":28.0,"key":"Eternal Feather"},{"floor":40.0,"key":"The Courier"},{"floor":43.0,"key":"CeramicFish"},{"floor":45.0,"key":"Molten Egg 2"}],"event_choices":[{"damage_healed":0.0,"max_hp_gain":0.0,"max_hp_loss":0.0,"gold_gain":0.0,"event_name":"Upgrade Shrine","player_choice":"Upgraded","floor":3.0,"gold_loss":0.0,"damage_taken":0.0,"cards_upgraded":["Inflame"]},{"damage_healed":0.0,"max_hp_gain":0.0,"max_hp_loss":0.0,"gold_gain":0.0,"event_name":"Accursed Blacksmith","player_choice":"Rummage","floor":14.0,"gold_loss":0.0,"damage_taken":0.0,"relics_obtained":["WarpedTongs"],"cards_obtained":["Pain"]},{"damage_healed":0.0,"max_hp_gain":0.0,"max_hp_loss":0.0,"gold_gain":0.0,"event_name":"Masked Bandits","player_choice":"Fought Bandits","floor":22.0,"gold_loss":0.0,"damage_taken":0.0},{"damage_healed":0.0,"max_hp_gain":0.0,"max_hp_loss":0.0,"gold_gain":0.0,"event_name":"Addict","player_choice":"Obtained Relic","floor":23.0,"gold_loss":85.0,"damage_taken":0.0,"relics_obtained":["Mummified Hand"]},{"damage_healed":0.0,"max_hp_gain":0.0,"max_hp_loss":0.0,"gold_gain":50.0,"event_name":"FaceTrader","player_choice":"Touch","floor":25.0,"gold_loss":0.0,"damage_taken":6.0},{"damage_healed":0.0,"max_hp_gain":0.0,"max_hp_loss":3.0,"gold_gain":0.0,"event_name":"Winding Halls","player_choice":"Max HP","floor":48.0,"gold_loss":0.0,"damage_taken":0.0}],"is_beta":false,"boss_relics":[{"not_picked":["Velvet Choker","Busted Crown"],"picked":"Black Blood"},{"not_picked":["Calling Bell","Cursed Key"],"picked":"Philosopher\u0027s Stone"}],"items_purged_floors":[4,21,47],"is_endless":false,"potions_floor_spawned":[5,7,8,10,11,13,16,18,20,22,24,27,28,29,31,33,35,36,37,38,39,40,45,46],"ascension_level":17}}