{"host":"knspyp6dy614fx6e","time":1612089441,"event":{"mods":["BaseMod","Better Altar","Better Match","Better Note","Better Sensory Stone","Better Skull","Better Third Choice","Card Filter","DeckTracker","Dota2Spire","Energized Spire","Minty Spire (QoL Compilation)","Quick Restart","Relic Filter Mod","Relic Stats","Reliquary","Shop Mod","Spicy Shops","StSLib","Waifu the Spire"],"gold_per_floor":[115,40,56,56,70,70,105,121,145,177,54,65,23,43,43,43,43],"floor_reached":16,"language":"ZHS","playtime":648,"items_purged":["Strike_R"],"score":224,"play_id":"4a356dd1-7694-46a9-ba91-323cd786c2e6","local_time":"20210131183721","is_ascension_mode":true,"campfire_choices":[{"data":"True Grit","floor":6.0,"key":"SMITH"},{"data":"Barricade","floor":15.0,"key":"SMITH"}],"circlet_count":0,"master_deck":["AscendersBane","Strike_R","Strike_R","Strike_R","Strike_R","Defend_R","Defend_R","Defend_R","Defend_R","Bash","Immolate+1","Shockwave","Flex","True Grit+1","Barricade+1","Thunderclap","Entrench","Armaments"],"relics":["Burning Blood","reliquary:PorcupineQuills","CeramicFish","Boot","betterThird:SlimedRelic"],"acts_visited":["Exordium"],"potions_floor_usage":[16,16],"damage_taken":[{"damage":4.0,"enemies":"Jaw Worm","floor":1.0,"turns":4.0},{"damage":1.0,"enemies":"Cultist","floor":3.0,"turns":3.0},{"damage":4.0,"enemies":"Small Slimes","floor":5.0,"turns":3.0},{"damage":8.0,"enemies":"Gremlin Nob","floor":7.0,"turns":4.0},{"damage":11.0,"enemies":"Blue Slaver","floor":8.0,"turns":3.0},{"damage":16.0,"enemies":"3 Sentries","floor":10.0,"turns":4.0},{"damage":12.0,"enemies":"Exordium Wildlife","floor":12.0,"turns":2.0},{"damage":3.0,"enemies":"2 Fungi Beasts","floor":14.0,"turns":4.0},{"damage":61,"enemies":"Hexaghost","floor":16,"turns":17}],"seed_played":"-2930854475862156321","potions_obtained":[{"floor":1.0,"key":"Block Potion"},{"floor":3.0,"key":"Dota2Spire:HealingSalve"},{"floor":14.0,"key":"Regen Potion"}],"is_trial":false,"path_per_floor":["M","$","M","?","M","R","E","M","T","E","$","M","?","M","R","B"],"character_chosen":"IRONCLAD","items_purchased":["Entrench","Armaments"],"campfire_rested":0,"item_purchase_floors":[11,11],"current_hp_per_floor":[52,52,57,57,59,59,57,52,52,42,42,36,25,28,28,0,0],"gold":43,"neow_bonus":"THREE_RARE_CARDS","is_daily":false,"chose_seed":false,"campfire_upgraded":2,"win_rate":0.0,"timestamp":1612089441,"path_taken":["M","$","M","?","M","R","E","M","T","E","?","M","?","M","R","BOSS"],"items_purchased_type":["Card","Card"],"build_version":"2020-12-22","purchased_purges":1,"victory":false,"max_hp_per_floor":[75,75,75,75,75,75,75,75,75,75,75,75,75,75,75,75,75],"relic_stats":{"counters":[9,44],"CeramicFish":18,"Boot":[0],"obtain_stats":[{"reliquary:PorcupineQuills":7,"CeramicFish":9,"betterThird:SlimedRelic":13,"Boot":10,"Burning Blood":0},{"reliquary:PorcupineQuills":4,"CeramicFish":5,"betterThird:SlimedRelic":7,"Boot":6,"Burning Blood":0},{"reliquary:PorcupineQuills":14,"CeramicFish":17,"betterThird:SlimedRelic":23,"Boot":21,"Burning Blood":0}],"Burning Blood":48},"card_choices":[{"not_picked":["Feed","Berserk"],"picked":"Immolate","floor":0.0},{"not_picked":["Rupture","Headbutt"],"picked":"Shockwave","floor":1.0},{"not_picked":["Sever Soul","Havoc"],"picked":"Flex","floor":3.0},{"not_picked":["Headbutt","Blood for Blood"],"picked":"True Grit","floor":5.0},{"not_picked":["Dark Embrace","Rage"],"picked":"Barricade","floor":7.0},{"not_picked":["Clothesline","Sword Boomerang"],"picked":"Thunderclap","floor":8.0},{"not_picked":["Wild Strike","Corruption","True Grit"],"picked":"SKIP","floor":10.0},{"not_picked":["Clothesline","Clash","Flex"],"picked":"SKIP","floor":12.0},{"not_picked":["Warcry","Intimidate","Inflame"],"picked":"SKIP","floor":14.0}],"player_experience":261951,"relics_obtained":[{"floor":7.0,"key":"reliquary:PorcupineQuills"},{"floor":9.0,"key":"CeramicFish"},{"floor":10.0,"key":"Boot"}],"event_choices":[{"damage_healed":0.0,"max_hp_gain":0.0,"max_hp_loss":0.0,"gold_gain":0.0,"event_name":"Upgrade Shrine","player_choice":"Upgraded","floor":4.0,"gold_loss":0.0,"damage_taken":0.0,"cards_upgraded":["Immolate"]},{"damage_healed":0.0,"max_hp_gain":0.0,"max_hp_loss":0.0,"gold_gain":0.0,"event_name":"betterThird:BetterGoop","player_choice":"Slimed","floor":13.0,"gold_loss":42.0,"damage_taken":11.0}],"is_beta":false,"boss_relics":[],"items_purged_floors":[2],"is_endless":false,"potions_floor_spawned":[1,3,14],"killed_by":"Hexaghost","ascension_level":20}}