{"host":"zw3x6hwkln2702ol","time":1612102365,"event":{"mods":["AchievementEnabler","BaseMod","Card Forge","Colored Map","Default Mod","Minty Spire (QoL Compilation)","StSLib","TestMod"],"gold_per_floor":[62,62,62,132,198,198,317,380,405,557,557,557,625,678,678,1021,1021,1138,787,837,837,929,929,1012,1222,1249,1468,1494,1692,1718,1931,1931,2460,2460,2811,2427,2555,2716,2347,2672,2672,2863,2887,2887,3139,3139,3366,3936,3936,4499,4499,4499,4028,4368,5180],"floor_reached":56,"language":"ZHS","playtime":2478,"items_purged":["Defend_B"],"score":3121,"play_id":"e094d0bf-eeda-4c5e-83af-c99778c4eb00","local_time":"20210131221245","is_ascension_mode":true,"campfire_choices":[{"data":"Turbo","floor":6,"key":"SMITH"},{"data":"Genetic Algorithm","floor":12,"key":"SMITH"},{"floor":15,"key":"RECALL"},{"data":"White Noise","floor":23,"key":"SMITH"},{"data":"Chill","floor":32,"key":"SMITH"},{"data":"Seek","floor":41,"key":"SMITH"},{"data":"Panacea","floor":46,"key":"SMITH"},{"data":"testmod-ShutDown","floor":49,"key":"SMITH"},{"data":"Loop","floor":52,"key":"SMITH"}],"circlet_count":0,"master_deck":["AscendersBane","Zap+1","Dualcast+1","Capacitor+1","Biased Cognition+1","Turbo+1","Genetic Algorithm+1","Loop+1","Beam Cell+1","Fission+1","Chill+1","White Noise+1","Coolheaded+1","Echo Form","Creative AI","Seek+1","Core Surge","Turbo","Force Field","Capacitor","Loop+1","Capacitor+1","Panacea+1","testmod-ShutDown+1","testmod-PowerStrike","Hologram+1"],"relics":["Cracked Core","Hammer of Thor","Seething Fire","Anvil of the Gods","zzy:PlaceholderRelic","testmod-TestBox","testmod-DeterminationOfClimber","Juzu Bracelet","Vajra","Bag of Marbles","Tiny Chest","testmod-PortableAltar","Symbiotic Virus","White Beast Statue","Bag of Preparation","War Paint","Pen Nib","Bottled Lightning","testmod-Antiphasic","testmod-AssaultLearning","Pandora\u0027s Box","Akabeko","Ancient Tea Set","Potion Belt","Gremlin Horn","testmod-BlackFramedGlasses","Regal Pillow","Strawberry","testmod-Maize","Membership Card","testmod-TurbochargingSystem","Kunai","InkBottle"],"acts_visited":["Exordium","TheCity","TheBeyond","TheEnding"],"potions_floor_usage":[16,33],"damage_taken":[{"damage":0,"enemies":"Small Slimes","floor":1,"turns":2},{"damage":0,"enemies":"Cultist","floor":4,"turns":2},{"damage":0,"enemies":"Jaw Worm","floor":5,"turns":3},{"damage":30,"enemies":"Gremlin Nob","floor":7,"turns":4},{"damage":0,"enemies":"Red Slaver","floor":8,"turns":2},{"damage":5,"enemies":"3 Sentries","floor":10,"turns":4},{"damage":0,"enemies":"Large Slime","floor":13,"turns":4},{"damage":0,"enemies":"Hexaghost","floor":16,"turns":5},{"damage":3,"enemies":"Chosen","floor":18,"turns":3},{"damage":2,"enemies":"Shell Parasite","floor":22,"turns":3},{"damage":2,"enemies":"Sentry and Sphere","floor":24,"turns":3},{"damage":2,"enemies":"Book of Stabbing","floor":25,"turns":3},{"damage":2,"enemies":"Gremlin Leader","floor":27,"turns":4},{"damage":1,"enemies":"Slavers","floor":29,"turns":3},{"damage":0,"enemies":"Book of Stabbing","floor":31,"turns":2},{"damage":0,"enemies":"Automaton","floor":33,"turns":3},{"damage":0,"enemies":"3 Darklings","floor":35,"turns":1},{"damage":0,"enemies":"3 Shapes","floor":37,"turns":1},{"damage":0,"enemies":"Jaw Worm Horde","floor":38,"turns":1},{"damage":0,"enemies":"Reptomancer","floor":40,"turns":2},{"damage":0,"enemies":"Mind Bloom Boss Battle","floor":42,"turns":1},{"damage":0,"enemies":"Nemesis","floor":45,"turns":3},{"damage":0,"enemies":"Spire Growth","floor":47,"turns":1},{"damage":0,"enemies":"Giant Head","floor":48,"turns":3},{"damage":0,"enemies":"Donu and Deca","floor":50,"turns":3},{"damage":0,"enemies":"Shield and Spear","floor":54,"turns":1},{"damage":1,"enemies":"The Heart","floor":55,"turns":1}],"seed_played":"1853405099674129405","potions_obtained":[{"floor":1,"key":"FairyPotion"},{"floor":5,"key":"DuplicationPotion"},{"floor":13,"key":"Swift Potion"},{"floor":18,"key":"Explosive Potion"},{"floor":25,"key":"SkillPotion"},{"floor":33,"key":"testmod-SpacePotion"},{"floor":35,"key":"LiquidBronze"},{"floor":37,"key":"PowerPotion"}],"is_trial":false,"path_per_floor":["M","?","?","M","M","R","E","M","T","E","?","R","M","T","R","B",null,"M","$","?","?","M","R","M","E","T","E","T","E","T","E","R","B",null,"M","$","M","M","$","E","R","?","T","?","E","R","M","E","R","B",null,"R","$","E","B",null],"character_chosen":"DEFECT","items_purchased":["Symbiotic Virus","Akabeko","Ancient Tea Set","Capacitor","Potion Belt","Loop","EntropicBrew","FocusPotion","Membership Card","testmod-TurbochargingSystem","Kunai","testmod-PowerStrike"],"campfire_rested":0,"item_purchase_floors":[19,36,36,36,39,39,39,39,53,53,53,53],"current_hp_per_floor":[64,64,64,65,65,65,47,47,47,46,35,35,36,36,36,40,67,70,70,70,70,74,74,76,76,76,77,76,76,75,74,73,72,71,70,69,68,67,66,65,64,63,62,52,68,67,66,65,64,63,62,61,60,59,59],"gold":5180,"neow_bonus":"TRANSFORM_TWO_CARDS","is_daily":false,"chose_seed":false,"campfire_upgraded":8,"win_rate":0.0,"timestamp":1612102365,"path_taken":["M","?","?","M","M","R","E","M","T","E","?","R","M","?","R","BOSS","M","$","?","?","M","R","M","E","T","E","?","E","?","E","R","BOSS","M","$","M","M","$","E","R","?","T","?","E","R","M","E","R","BOSS","R","$","E","BOSS"],"items_purchased_type":["Relic","Relic","Relic","Card","Relic","Card","Potion","Potion","Relic","Relic","Relic","Card"],"build_version":"2020-12-22","purchased_purges":1,"victory":true,"max_hp_per_floor":[71,71,71,71,71,71,73,73,73,75,76,76,76,76,76,76,76,78,77,76,75,76,75,76,77,76,77,76,76,75,74,73,72,71,70,69,68,67,66,65,64,63,62,62,68,67,66,65,64,63,62,61,60,59,59],"card_choices":[{"not_picked":["Reprogram","Sweeping Beam"],"picked":"Turbo","floor":1},{"not_picked":["Scrape","Undo","Auto Shields"],"picked":"SKIP","floor":4},{"not_picked":["Hologram","Steam Power","Redo"],"picked":"SKIP","floor":5},{"not_picked":["Darkness","Hyperbeam","Go for the Eyes"],"picked":"SKIP","floor":7},{"not_picked":["Aggregate","Force Field"],"picked":"Genetic Algorithm","floor":8},{"not_picked":["Sweeping Beam","BootSequence"],"picked":"Loop","floor":10},{"not_picked":["Streamline","Beam Cell","Reinforced Body"],"picked":"SKIP","floor":13},{"not_picked":["Streamline","Reinforced Body"],"picked":"Beam Cell","floor":13},{"not_picked":["Multi-Cast","Core Surge"],"picked":"Fission","floor":16},{"not_picked":["Sweeping Beam","Steam+1"],"picked":"Chill","floor":18},{"not_picked":["Self Repair","Storm"],"picked":"White Noise","floor":22},{"not_picked":["Redo","Leap","Capacitor"],"picked":"SKIP","floor":24},{"not_picked":["Steam+1","Turbo","Ball Lightning"],"picked":"SKIP","floor":25},{"not_picked":["Multi-Cast","Stack","Steam"],"picked":"SKIP","floor":27},{"not_picked":["Hello World","Conserve Battery"],"picked":"Coolheaded","floor":29},{"not_picked":["Darkness","Go for the Eyes","Stack"],"picked":"SKIP","floor":31},{"not_picked":["Creative AI","Meteor Strike"],"picked":"Echo Form","floor":33},{"not_picked":["Compile Driver","Coolheaded","BootSequence"],"picked":"SKIP","floor":35},{"not_picked":["Blizzard","Chaos","Conserve Battery+1"],"picked":"SKIP","floor":37},{"not_picked":["Steam","Compile Driver","Conserve Battery+1"],"picked":"SKIP","floor":38},{"not_picked":["Recycle","Darkness+1"],"picked":"Capacitor+1","floor":40},{"not_picked":["testmod-Mystery","testmod-WeaknessCounterattack"],"picked":"Panacea","floor":44},{"not_picked":["Deep Breath","testmod-ComboMaster"],"picked":"testmod-ShutDown","floor":44},{"not_picked":["Sweeping Beam","Conserve Battery","Streamline"],"picked":"SKIP","floor":45},{"not_picked":["Rebound","Coolheaded","Rip and Tear"],"picked":"SKIP","floor":47},{"not_picked":["Hologram","Ball Lightning","Lockon"],"picked":"SKIP","floor":48},{"not_picked":["Self Repair","Loop"],"picked":"Hologram+1","floor":54}],"player_experience":372925,"relics_obtained":[{"floor":7,"key":"Vajra"},{"floor":10,"key":"Bag of Marbles"},{"floor":14,"key":"Tiny Chest"},{"floor":25,"key":"White Beast Statue"},{"floor":26,"key":"Bag of Preparation"},{"floor":27,"key":"War Paint"},{"floor":28,"key":"Pen Nib"},{"floor":29,"key":"Bottled Lightning"},{"floor":30,"key":"testmod-Antiphasic"},{"floor":31,"key":"testmod-AssaultLearning"},{"floor":40,"key":"Gremlin Horn"},{"floor":42,"key":"testmod-BlackFramedGlasses"},{"floor":43,"key":"Regal Pillow"},{"floor":45,"key":"Strawberry"},{"floor":48,"key":"testmod-Maize"},{"floor":54,"key":"InkBottle"}],"event_choices":[{"damage_healed":0,"gold_gain":0,"player_choice":"Ignored","damage_taken":0,"max_hp_gain":0,"max_hp_loss":0,"event_name":"给自己的盒子","floor":2,"gold_loss":0},{"damage_healed":0,"gold_gain":0,"player_choice":"Gave Potion","damage_taken":0,"relics_obtained":["Juzu Bracelet"],"max_hp_gain":0,"max_hp_loss":0,"event_name":"WeMeetAgain","floor":3,"gold_loss":0},{"damage_healed":0,"gold_gain":0,"player_choice":"Entered Light","damage_taken":23,"max_hp_gain":0,"max_hp_loss":0,"event_name":"Shining Light","floor":11,"gold_loss":0,"cards_upgraded":["Strike_B","Capacitor"]},{"damage_healed":0,"gold_gain":50,"player_choice":"Stole From Cult","damage_taken":0,"max_hp_gain":0,"max_hp_loss":0,"event_name":"Nest","floor":20,"gold_loss":0},{"damage_healed":0,"gold_gain":0,"player_choice":"Ignored","damage_taken":0,"max_hp_gain":0,"max_hp_loss":0,"event_name":"Ghosts","floor":21,"gold_loss":0},{"damage_healed":0,"gold_gain":0,"player_choice":"Fight","damage_taken":0,"max_hp_gain":0,"max_hp_loss":0,"event_name":"MindBloom","floor":42,"gold_loss":0},{"damage_healed":0,"gold_gain":0,"player_choice":"Memory 3","damage_taken":10,"max_hp_gain":0,"max_hp_loss":0,"event_name":"SensoryStone","floor":44,"gold_loss":0}],"is_beta":false,"boss_relics":[{"not_picked":["Snecko Eye","SacredBark"],"picked":"testmod-PortableAltar"},{"not_picked":["Inserter","Runic Pyramid"],"picked":"Pandora\u0027s Box"}],"items_purged_floors":[19],"is_endless":false,"potions_floor_spawned":[1,5,13,18,25,27,29,31,33,35,37,38,40,42,45,47,48,54],"ascension_level":18}}