{"host":"815dqs41i1y8uxms","time":1612111870,"event":{"mods":["A Penny For Your Troubles","Act Like it!","BaseMod","Dark Map","Elementarium","Fox Events","Minty Spire (QoL Compilation)","Rare Cards Sparkle","Shop Mod","Spire Arcade","StSLib","The Cursed","The Hierophant","The Marked"],"gold_per_floor":[113,113,113,153,153,153,191,191,291,331,48,82,111,234,234,373,450,482,206,215,27,77,99,139,168,318,318,367,367,390,419,419,556,633,665,689,716,725,53,53,120,129,231,231,231],"floor_reached":44,"language":"ENG","playtime":2954,"items_purged":["Writhe"],"score":555,"play_id":"1a5bbdec-0a1e-4bec-add5-d73448e09e18","local_time":"20210131175110","is_ascension_mode":false,"campfire_choices":[{"data":"theMarked:SoldierOfQuellstein","floor":6,"key":"SMITH"},{"floor":8,"key":"RECALL"},{"floor":15,"key":"REST"},{"floor":27,"key":"REST"},{"floor":29,"key":"REST"},{"floor":32,"key":"REST"},{"data":"theMarked:ThrowWeapon","floor":40,"key":"SMITH"}],"circlet_count":0,"master_deck":["theMarked:Strike","theMarked:Strike","theMarked:Strike","theMarked:Strike","theMarked:Defend","theMarked:Defend","theMarked:Defend","theMarked:Defend","theMarked:SoldierOfQuellstein+1","theMarked:CreepingChasm","theMarked:SelfDefenseTraining","theMarked:Vacuum","theMarked:RogueSparks+1","theMarked:TunnelVision","theMarked:ChainLightning","theMarked:RogueSparks+1","theMarked:WardOff","theMarked:Levitate","theMarked:ComboAttacks+1","theMarked:Opportunist+1","theMarked:ContemptForTheProud","Good Instincts","theMarked:ElectricStrings","theMarked:WardOff+1","theMarked:BanishingStrike","theMarked:ChainLightning+1","theMarked:StartUp+1","theMarked:Heritage+1","theMarked:Abjuration","theMarked:ThrowWeapon+1","theMarked:Polarize+1","theMarked:ResourceFulStrike","theMarked:SoldierOfQuellstein","theMarked:ThrowWeapon","theMarked:KeepCalmAndFight","theMarked:BindingBlade","theMarked:Parkour","Magnetism+1","theMarked:Improvise+1","HandOfGreed"],"relics":["theMarked:ArtifactOfAir","NeowsBlessing","Golden Idol","foxEvents:LuckyCharm","Lizard Tail","CeramicFish","Frozen Egg 2","MerchantsRug","Juzu Bracelet","Mummified Hand","Letter Opener","Elementarium:GoldenMirage","Matryoshka","Elementarium:ElementariumTrophy","SacredBark","Lee\u0027s Waffle","Blood Vial","theMarked:SecretDocuments","Pantograph","Dream Catcher"],"acts_visited":["Exordium","Elementarium:Elementarium","TheBeyond"],"potions_floor_usage":[10,10,16,16,30,33],"damage_taken":[{"damage":0,"enemies":"Jaw Worm","floor":1,"turns":1},{"damage":0,"enemies":"Colosseum Slavers","floor":4,"turns":1},{"damage":0,"enemies":"Gremlin Nob","floor":7,"turns":1},{"damage":20,"enemies":"3 Sentries","floor":10,"turns":11},{"damage":0,"enemies":"Small Slimes","floor":12,"turns":2},{"damage":0,"enemies":"2 Louse","floor":13,"turns":2},{"damage":46,"enemies":"The Guardian","floor":16,"turns":10},{"damage":6,"enemies":"Elementarium:2_ELEMENTALS","floor":18,"turns":3},{"damage":5,"enemies":"Elementarium:VoidCorruption","floor":23,"turns":5},{"damage":10,"enemies":"Elementarium:GOLDEN_STATUES","floor":24,"turns":4},{"damage":22,"enemies":"Elementarium:3_ELEMENTALS","floor":25,"turns":5},{"damage":32,"enemies":"Elementarium:FIRE_NOBILITY","floor":28,"turns":6},{"damage":15,"enemies":"Elementarium:STONE_GOLEMS","floor":30,"turns":3},{"damage":10,"enemies":"Elementarium:RubyGolem","floor":31,"turns":6},{"damage":0,"enemies":"Elementarium:GolemEmperor","floor":33,"turns":9},{"damage":8,"enemies":"3 Shapes","floor":35,"turns":4},{"damage":38,"enemies":"3 Darklings","floor":36,"turns":6},{"damage":108,"enemies":"2 Orb Walkers","floor":41,"turns":7},{"damage":22,"enemies":"Maw","floor":44,"turns":2}],"seed_played":"-4846911709884121685","potions_obtained":[{"floor":1,"key":"Swift Potion"},{"floor":5,"key":"ColorlessPotion"},{"floor":5,"key":"Ancient Potion"},{"floor":5,"key":"EssenceOfSteel"},{"floor":10,"key":"FearPotion"},{"floor":13,"key":"Explosive Potion"},{"floor":25,"key":"Energy Potion"},{"floor":30,"key":"SteroidPotion"},{"floor":31,"key":"BlessingOfTheForge"},{"floor":35,"key":"FearPotion"}],"is_trial":false,"path_per_floor":["M","?","?","?","?","R","E","R","T","E","$","M","M","T","R","B",null,"M","$","?","$","?","M","?","M","T","R","E","R","M","M","R","B",null,"M","M","?","?","$","R","?","?","T","M"],"character_chosen":"THE_DEFAULT","items_purchased":["MerchantsRug","theMarked:RogueSparks+1","theMarked:TunnelVision","theMarked:ChainLightning","Mummified Hand","theMarked:Opportunist+1","theMarked:ContemptForTheProud","Good Instincts","theMarked:ElectricStrings","Lee\u0027s Waffle","Blood Vial","theMarked:BindingBlade","theMarked:Parkour","Magnetism+1"],"campfire_rested":4,"item_purchase_floors":[11,11,11,11,19,19,21,21,21,39,39,39,39,39],"current_hp_per_floor":[70,70,75,75,75,75,75,75,75,55,55,55,55,55,75,29,75,69,69,69,69,69,64,54,32,32,54,22,44,29,19,41,41,75,67,29,29,48,82,82,20,20,20,0,0],"gold":231,"neow_bonus":"THREE_ENEMY_KILL","is_daily":false,"chose_seed":false,"campfire_upgraded":2,"win_rate":0.0,"timestamp":1612111870,"path_taken":["M","?","?","?","?","R","E","R","T","E","$","M","?","?","R","BOSS","M","$","?","$","?","M","?","M","T","R","E","R","M","M","R","BOSS","M","M","?","?","$","R","?","?","T","M"],"items_purchased_type":["Relic","Card","Card","Card","Relic","Card","Card","Card","Card","Relic","Relic","Card","Card","Card"],"build_version":"2020-12-22","purchased_purges":1,"victory":false,"max_hp_per_floor":[70,70,75,75,75,75,75,75,75,75,75,75,75,75,75,75,75,75,75,75,75,75,75,75,75,75,75,75,75,75,75,75,75,75,75,75,75,75,82,82,82,82,82,82,82],"card_choices":[{"not_picked":["theMarked:Heritage","theMarked:Memento"],"picked":"theMarked:CreepingChasm","floor":1},{"not_picked":["theMarked:WastefulAttack","theMarked:TwofoldDefense"],"picked":"theMarked:SelfDefenseTraining","floor":7},{"not_picked":["theMarked:SelfDefenseTraining","theMarked:Frustration"],"picked":"theMarked:Vacuum","floor":10},{"not_picked":["theMarked:Aftermath","theMarked:HeightenedSenses"],"picked":"theMarked:RogueSparks+1","floor":12},{"not_picked":["theMarked:TakeCover","theMarked:SwordAndMagic"],"picked":"theMarked:WardOff","floor":13},{"not_picked":["theMarked:EternalStudent","theMarked:FavorableWinds"],"picked":"theMarked:Levitate","floor":16},{"not_picked":["theMarked:LightningStrikesTwice","theMarked:WardOff"],"picked":"theMarked:ComboAttacks+1","floor":18},{"not_picked":["theMarked:ElectricStrings+1","theMarked:ChainLightning"],"picked":"theMarked:WardOff+1","floor":23},{"not_picked":["theMarked:Parkour","theMarked:TunnelVision"],"picked":"theMarked:BanishingStrike","floor":24},{"not_picked":["theMarked:TakeCover","theMarked:Aftermath"],"picked":"theMarked:ChainLightning+1","floor":25},{"not_picked":["theMarked:Improvise","theMarked:TheMission+1"],"picked":"theMarked:StartUp+1","floor":28},{"not_picked":["theMarked:SwordAndMagic","theMarked:WardOff"],"picked":"theMarked:Heritage+1","floor":30},{"not_picked":["theMarked:ParalyzingBlade+1","theMarked:ChainLightning"],"picked":"theMarked:Abjuration","floor":31},{"not_picked":["theMarked:EternalStudent","theMarked:Levitate"],"picked":"theMarked:ThrowWeapon","floor":33},{"not_picked":["theMarked:Frustration+1","theMarked:WastefulAttack+1"],"picked":"theMarked:Polarize+1","floor":35},{"not_picked":["theMarked:HeightenedSenses","theMarked:Opportunist+1"],"picked":"theMarked:ResourceFulStrike","floor":36},{"not_picked":["theMarked:Parkour","theMarked:WardOff+1"],"picked":"theMarked:Improvise+1","floor":41},{"not_picked":["Deep Breath","Master of Strategy"],"picked":"HandOfGreed","floor":42}],"player_experience":4010088,"relics_obtained":[{"floor":4,"key":"foxEvents:LuckyCharm"},{"floor":7,"key":"Lizard Tail"},{"floor":9,"key":"CeramicFish"},{"floor":10,"key":"Frozen Egg 2"},{"floor":14,"key":"Juzu Bracelet"},{"floor":24,"key":"Elementarium:GoldenMirage"},{"floor":28,"key":"Matryoshka"},{"floor":41,"key":"theMarked:SecretDocuments"},{"floor":43,"key":"Pantograph"},{"floor":43,"key":"Dream Catcher"}],"event_choices":[{"damage_healed":0,"gold_gain":0,"player_choice":"Take Wound","damage_taken":0,"relics_obtained":["Golden Idol"],"max_hp_gain":0,"max_hp_loss":0,"event_name":"Golden Idol","floor":2,"gold_loss":0,"cards_obtained":["Injury"]},{"damage_healed":0,"gold_gain":0,"player_choice":"Donut","damage_taken":0,"max_hp_gain":5,"max_hp_loss":0,"event_name":"Big Fish","floor":3,"gold_loss":0},{"damage_healed":0,"gold_gain":0,"player_choice":"Got Potions","damage_taken":0,"max_hp_gain":0,"max_hp_loss":0,"event_name":"Lab","floor":5,"gold_loss":0},{"damage_healed":0,"gold_gain":0,"player_choice":"Open","damage_taken":0,"relics_obtained":["Letter Opener"],"max_hp_gain":0,"max_hp_loss":0,"event_name":"Elementarium:TarCoveredCasket","floor":20,"gold_loss":0,"cards_obtained":["Elementarium:StickyTar"]},{"damage_healed":0,"gold_gain":50,"player_choice":"Take","damage_taken":0,"max_hp_gain":0,"max_hp_loss":0,"event_name":"Elementarium:StickySituation","floor":22,"gold_loss":0},{"damage_healed":0,"gold_gain":0,"player_choice":"Fight","damage_taken":0,"max_hp_gain":0,"max_hp_loss":0,"event_name":"Elementarium:GoldenStatues","floor":24,"gold_loss":0},{"damage_healed":0,"gold_gain":0,"player_choice":"3 cards matched","damage_taken":0,"max_hp_gain":0,"max_hp_loss":0,"event_name":"Match and Keep!","floor":37,"gold_loss":0,"cards_obtained":["theMarked:SoldierOfQuellstein","theMarked:ThrowWeapon","theMarked:KeepCalmAndFight"]},{"damage_healed":19,"gold_gain":0,"player_choice":"Writhe","damage_taken":0,"max_hp_gain":0,"max_hp_loss":0,"event_name":"Winding Halls","floor":38,"gold_loss":0,"cards_obtained":["Writhe"]},{"damage_healed":0,"gold_gain":0,"player_choice":"Fight","damage_taken":0,"max_hp_gain":0,"max_hp_loss":0,"event_name":"Mysterious Sphere","floor":41,"gold_loss":0},{"damage_healed":0,"gold_gain":0,"player_choice":"Memory 1","damage_taken":0,"max_hp_gain":0,"max_hp_loss":0,"event_name":"SensoryStone","floor":42,"gold_loss":0}],"is_beta":false,"boss_relics":[{"not_picked":["theMarked:Eyepatch","Snecko Eye"],"picked":"Empty Cage"},{"not_picked":["Velvet Choker","Philosopher\u0027s Stone"],"picked":"SacredBark"}],"items_purged_floors":[39],"is_endless":false,"potions_floor_spawned":[1,10,13,25,30,31,35],"killed_by":"Maw","ascension_level":0}}