{"host":"x5w9zppki4gdwvc7","time":1612110653,"event":{"mods":["AchievementEnabler","BaseMod","Colored Powertips","DeckTracker","Minty Spire (QoL Compilation)","Relic Sorter","SuperFastMode"],"gold_per_floor":[111,111,111,286,300,341,341,376,413,350,364,364,121,142,142,263,263,279,279,279,279,126,166,166,182,254,379,379,403,89,89,89,217,217,237,237,256,276,290,326,326,341,388,388,428,443,443,127,127,127,127,127,0,31,31,31],"floor_reached":55,"language":"ENG","playtime":3080,"items_purged":["Doubt","Strike_R","Sword Boomerang","Strike_R+1","Strike_R+1"],"score":1031,"play_id":"d541f7f5-7c04-4bb4-a1de-b72cff04afe5","local_time":"20210131173053","is_ascension_mode":true,"campfire_choices":[{"data":"Juggernaut","floor":7,"key":"SMITH"},{"data":"True Grit","floor":12,"key":"SMITH"},{"floor":15,"key":"REST"},{"data":"Barricade","floor":24,"key":"SMITH"},{"data":"Entrench","floor":32,"key":"SMITH"},{"data":"Iron Wave","floor":41,"key":"SMITH"},{"data":"Offering","floor":44,"key":"SMITH"},{"floor":49,"key":"RECALL"},{"data":"Inflame","floor":52,"key":"SMITH"}],"circlet_count":0,"master_deck":["Defend_R+1","Defend_R+1","Defend_R+1","Defend_R+1","Bash","Injury","Juggernaut+1","Ghostly Armor+1","True Grit+1","Iron Wave+1","Barricade+1","Fiend Fire","Flash of Steel","Entrench+1","Warcry+1","Iron Wave","Anger+1","Offering+1","Inflame+1","Shrug It Off","Transmutation"],"relics":["Burning Blood","Red Skull","Golden Idol","Omamori","MawBank","Lantern","Busted Crown","Mummified Hand","Oddly Smooth Stone","Du-Vu Doll","Meat on the Bone","Torii","Pear","Darkstone Periapt","Smiling Mask","Membership Card","White Beast Statue","Runic Pyramid","Calipers","Anchor","Centennial Puzzle","ClockworkSouvenir","War Paint","Vajra","Art of War"],"acts_visited":["Exordium","TheCity","TheBeyond","TheEnding"],"potions_floor_usage":[6,6,6,6,6,16,27,27,27,40,42,55],"damage_taken":[{"damage":16,"enemies":"Cultist","floor":1,"turns":4},{"damage":0,"enemies":"Small Slimes","floor":5,"turns":3},{"damage":19,"enemies":"3 Sentries","floor":6,"turns":8},{"damage":46,"enemies":"Gremlin Nob","floor":8,"turns":6},{"damage":0,"enemies":"Jaw Worm","floor":11,"turns":4},{"damage":21,"enemies":"Exordium Thugs","floor":14,"turns":3},{"damage":24,"enemies":"Slime Boss","floor":16,"turns":10},{"damage":15,"enemies":"Shell Parasite","floor":18,"turns":6},{"damage":1,"enemies":"Gremlin Leader","floor":23,"turns":11},{"damage":4,"enemies":"3 Byrds","floor":25,"turns":5},{"damage":23,"enemies":"Colosseum Slavers","floor":27,"turns":5},{"damage":13,"enemies":"Colosseum Nobs","floor":27,"turns":5},{"damage":0,"enemies":"Automaton","floor":33,"turns":18},{"damage":7,"enemies":"Orb Walker","floor":35,"turns":5},{"damage":2,"enemies":"3 Shapes","floor":37,"turns":5},{"damage":42,"enemies":"Transient","floor":38,"turns":5},{"damage":0,"enemies":"Maw","floor":39,"turns":9},{"damage":33,"enemies":"Nemesis","floor":40,"turns":7},{"damage":32,"enemies":"Jaw Worm Horde","floor":42,"turns":6},{"damage":6,"enemies":"Reptomancer","floor":45,"turns":6},{"damage":13,"enemies":"3 Darklings","floor":46,"turns":4},{"damage":6,"enemies":"Donu and Deca","floor":50,"turns":14},{"damage":23,"enemies":"Shield and Spear","floor":54,"turns":10},{"damage":84,"enemies":"The Heart","floor":55,"turns":12}],"seed_played":"-3727404569888729277","potions_obtained":[{"floor":5,"key":"EntropicBrew"},{"floor":6,"key":"Fire Potion"},{"floor":16,"key":"Swift Potion"},{"floor":25,"key":"Energy Potion"},{"floor":33,"key":"Fire Potion"},{"floor":35,"key":"Energy Potion"},{"floor":40,"key":"DuplicationPotion"},{"floor":42,"key":"CultistPotion"},{"floor":46,"key":"DuplicationPotion"}],"is_trial":false,"path_per_floor":["M","?","?","?","M","E","R","E","T","$","M","R","$","M","R","B",null,"M","?","?","T","$","E","R","M","T","?","T","T","$","T","R","B",null,"M","?","M","M","M","E","R","M","T","R","E","M","?","$","R","B",null,"R","$","E","B"],"character_chosen":"IRONCLAD","items_purchased":["Lantern","Oddly Smooth Stone","Membership Card","Flash of Steel","Entrench","CultistPotion","ClockworkSouvenir","War Paint","Shrug It Off","Transmutation","Vajra"],"campfire_rested":1,"item_purchase_floors":[13,22,30,30,30,30,48,48,48,48,53],"current_hp_per_floor":[70,70,75,75,81,68,68,28,28,28,34,34,34,19,44,26,85,76,76,76,76,76,81,81,83,83,69,69,69,69,69,69,75,95,94,94,95,59,65,50,50,36,36,36,48,53,53,53,53,65,95,95,95,78,0,0],"gold":31,"neow_bonus":"RANDOM_COMMON_RELIC","is_daily":false,"chose_seed":false,"campfire_upgraded":7,"win_rate":0.0,"timestamp":1612110653,"path_taken":["M","?","?","?","M","E","R","E","T","?","M","R","$","M","R","BOSS","M","?","?","?","?","E","R","?","T","?","?","?","$","?","R","BOSS","M","?","M","M","?","E","R","M","T","R","E","M","?","$","R","BOSS","R","$","E","BOSS"],"items_purchased_type":["Relic","Relic","Relic","Card","Card","Potion","Relic","Relic","Card","Card","Relic"],"build_version":"2020-12-22","purchased_purges":5,"victory":false,"max_hp_per_floor":[80,80,85,85,85,85,85,85,85,85,85,85,85,85,85,85,85,85,85,85,85,85,85,85,85,85,95,95,95,95,95,95,95,95,95,95,95,95,95,95,95,95,95,95,95,95,95,95,95,95,95,95,95,95,95,95],"card_choices":[{"not_picked":["Cleave","Clothesline","Fire Breathing"],"picked":"SKIP","floor":1},{"not_picked":["Searing Blow","Anger"],"picked":"Juggernaut","floor":5},{"not_picked":["Twin Strike","Fiend Fire"],"picked":"Ghostly Armor","floor":6},{"not_picked":["Blood for Blood","Shrug It Off"],"picked":"True Grit","floor":8},{"not_picked":["Cleave","Clash","Warcry"],"picked":"SKIP","floor":11},{"not_picked":["Entrench","Shrug It Off"],"picked":"Iron Wave","floor":14},{"not_picked":["Bludgeon","Brutality"],"picked":"Barricade","floor":16},{"not_picked":["Thunderclap"],"picked":"SKIP","floor":18},{"not_picked":["Clash"],"picked":"SKIP","floor":23},{"not_picked":["Wild Strike"],"picked":"SKIP","floor":25},{"not_picked":[],"picked":"Warcry","floor":35},{"not_picked":["Flex+1"],"picked":"SKIP","floor":37},{"not_picked":[],"picked":"Iron Wave","floor":38},{"not_picked":[],"picked":"Anger+1","floor":39},{"not_picked":["Pummel+1"],"picked":"SKIP","floor":40},{"not_picked":[],"picked":"Offering","floor":42},{"not_picked":[],"picked":"Inflame","floor":45},{"not_picked":[],"picked":"Iron Wave","floor":46},{"not_picked":["Cleave+1"],"picked":"SKIP","floor":54}],"player_experience":324939,"relics_obtained":[{"floor":6,"key":"Omamori"},{"floor":8,"key":"MawBank"},{"floor":21,"key":"Mummified Hand"},{"floor":23,"key":"Du-Vu Doll"},{"floor":26,"key":"Meat on the Bone"},{"floor":27,"key":"Torii"},{"floor":27,"key":"Pear"},{"floor":28,"key":"Darkstone Periapt"},{"floor":29,"key":"Smiling Mask"},{"floor":31,"key":"White Beast Statue"},{"floor":40,"key":"Calipers"},{"floor":43,"key":"Anchor"},{"floor":45,"key":"Centennial Puzzle"},{"floor":54,"key":"Art of War"}],"event_choices":[{"damage_healed":0,"gold_gain":0,"player_choice":"Take Wound","damage_taken":0,"relics_obtained":["Golden Idol"],"max_hp_gain":0,"max_hp_loss":0,"event_name":"Golden Idol","floor":2,"gold_loss":0,"cards_obtained":["Injury"]},{"damage_healed":0,"gold_gain":0,"player_choice":"Donut","damage_taken":0,"max_hp_gain":5,"max_hp_loss":0,"event_name":"Big Fish","floor":3,"gold_loss":0},{"damage_healed":0,"gold_gain":175,"player_choice":"AGREE","damage_taken":0,"max_hp_gain":0,"max_hp_loss":0,"event_name":"Liars Game","floor":4,"gold_loss":0,"cards_obtained":["Doubt"]},{"damage_healed":0,"gold_gain":0,"cards_transformed":["Strike_R","Strike_R"],"player_choice":"Became Test Subject","damage_taken":0,"max_hp_gain":0,"max_hp_loss":0,"event_name":"Drug Dealer","floor":19,"gold_loss":0,"cards_obtained":["Fiend Fire","Sword Boomerang"]},{"damage_healed":0,"gold_gain":0,"player_choice":"Simplicity","damage_taken":0,"max_hp_gain":0,"max_hp_loss":0,"event_name":"Back to Basics","floor":20,"gold_loss":0,"cards_upgraded":["Strike_R","Strike_R","Defend_R","Defend_R","Defend_R","Defend_R"]},{"damage_healed":0,"gold_gain":0,"player_choice":"Fight","damage_taken":0,"max_hp_gain":0,"max_hp_loss":0,"event_name":"Colosseum","floor":27,"gold_loss":0},{"damage_healed":0,"gold_gain":0,"player_choice":"Fought Nobs","damage_taken":0,"max_hp_gain":0,"max_hp_loss":0,"event_name":"Colosseum","floor":27,"gold_loss":0},{"damage_healed":0,"gold_gain":0,"player_choice":"Ignored","damage_taken":0,"max_hp_gain":0,"max_hp_loss":0,"event_name":"Fountain of Cleansing","floor":36,"gold_loss":0},{"cards_removed":["Iron Wave"],"damage_healed":0,"gold_gain":0,"player_choice":"Removed Attack","damage_taken":0,"max_hp_gain":0,"max_hp_loss":0,"event_name":"Falling","floor":47,"gold_loss":0}],"is_beta":false,"boss_relics":[{"not_picked":["Tiny House","Velvet Choker"],"picked":"Busted Crown"},{"not_picked":["Astrolabe","Pandora\u0027s Box"],"picked":"Runic Pyramid"}],"items_purged_floors":[10,13,30,48,53],"is_endless":false,"potions_floor_spawned":[5,6,16,23,25,27,33,35,37,38,39,40,42,45,46,54],"killed_by":"The Heart","ascension_level":2}}