{"host":"v0mw6c8s9jqyt2m0","time":1612128666,"event":{"mods":["Astrologer","BaseMod","Hermit","Marisa????????","Minty Spire (QoL Compilation)","StSLib","The Bug Knight","The Cursed","The Disciple","The Gatherer","The Hierophant","The Mystic","The Necromancer","The Servant 0.9.4","TheBandit"],"gold_per_floor":[114,114,114,129,129,159,159,189,264,264,264],"floor_reached":10,"language":"ENG","playtime":959,"items_purged":[],"score":99,"play_id":"b3130d18-7aa8-441e-9f02-eddf66e77810","local_time":"20210131223106","daily_mods":["Allstar","Hoarder","Elite Swarm"],"is_ascension_mode":false,"campfire_choices":[{"floor":7,"key":"REST"}],"circlet_count":0,"master_deck":["astrologer:Strike+1","astrologer:Strike","astrologer:Strike","astrologer:Strike","astrologer:Defend","astrologer:Defend","astrologer:Defend","astrologer:Defend","astrologer:NorthStar","astrologer:TheFool","Discovery+1","Discovery","Discovery+1","Blind","Blind","Blind","Transmutation","Transmutation","Transmutation","Impatience","Impatience","Impatience","Panacea","Panacea","Panacea","astrologer:Radiance+1","astrologer:Radiance","astrologer:Radiance","astrologer:Observe","astrologer:Observe","astrologer:Observe","Pain","Pain","Pain","astrologer:Fate+1","astrologer:Fate+1","astrologer:Fate+1","astrologer:DarkMatter","astrologer:DarkMatter","astrologer:DarkMatter"],"relics":["astrologer:SkyMirror","Calipers","WarpedTongs","Toxic Egg 2","War Paint","Question Card"],"acts_visited":["Exordium"],"potions_floor_usage":[6],"damage_taken":[{"damage":0,"enemies":"Small Slimes","floor":1,"turns":3},{"damage":0,"enemies":"Jaw Worm","floor":4,"turns":2},{"damage":28,"enemies":"Lagavulin","floor":6,"turns":6},{"damage":30,"enemies":"3 Sentries","floor":8,"turns":9},{"damage":1,"enemies":"Gremlin Nob","floor":10,"turns":2}],"seed_played":"7510361231737359051","potions_obtained":[{"floor":4,"key":"Swift Potion"},{"floor":8,"key":"SpeedPotion"}],"is_trial":false,"path_per_floor":["M","?","?","M","?","E","R","E","T","E"],"character_chosen":"ASTROLOGER","items_purchased":[],"campfire_rested":1,"item_purchase_floors":[],"current_hp_per_floor":[70,52,38,38,38,10,31,1,1,0,0],"gold":264,"neow_bonus":"","is_daily":true,"chose_seed":false,"campfire_upgraded":0,"win_rate":0.0,"timestamp":1612128666,"path_taken":["M","?","?","M","?","E","R","E","T","E"],"items_purchased_type":[],"build_version":"2020-12-22","purchased_purges":0,"victory":false,"max_hp_per_floor":[70,70,70,70,70,70,70,70,70,70,70],"card_choices":[{"not_picked":["astrologer:SpaceDust","astrologer:ReadTheStars"],"picked":"astrologer:Radiance","floor":1},{"not_picked":["astrologer:ReadTheStars","astrologer:Sunrise"],"picked":"astrologer:Observe","floor":4},{"not_picked":["astrologer:Death","astrologer:HeatDeath"],"picked":"astrologer:Fate+1","floor":6},{"not_picked":["astrologer:Death","astrologer:Alignment+1"],"picked":"astrologer:DarkMatter","floor":8}],"player_experience":153434,"relics_obtained":[{"floor":6,"key":"Toxic Egg 2"},{"floor":8,"key":"War Paint"},{"floor":9,"key":"Question Card"}],"event_choices":[{"damage_healed":0,"gold_gain":0,"player_choice":"Success","damage_taken":18,"relics_obtained":["Calipers"],"max_hp_gain":0,"max_hp_loss":0,"event_name":"Scrap Ooze","floor":2,"gold_loss":0},{"damage_healed":0,"gold_gain":0,"player_choice":"Entered Light","damage_taken":14,"max_hp_gain":0,"max_hp_loss":0,"event_name":"Shining Light","floor":3,"gold_loss":0,"cards_upgraded":["astrologer:Strike","astrologer:Radiance"]},{"damage_healed":0,"gold_gain":0,"player_choice":"Rummage","damage_taken":0,"relics_obtained":["WarpedTongs"],"max_hp_gain":0,"max_hp_loss":0,"event_name":"Accursed Blacksmith","floor":5,"gold_loss":0,"cards_obtained":["Pain"]}],"is_beta":false,"boss_relics":[],"items_purged_floors":[],"is_endless":false,"potions_floor_spawned":[4,8],"killed_by":"Gremlin Nob","ascension_level":0}}