{"host":"udyc8f81k2jocuhg","time":1612097670,"event":{"mods":["2.2 Compatiblity","BaseMod","Better Third Choice","Colored Powertips","Conspire","Custom Start","GifTheSpireLib","Hermit","Minty Spire (QoL Compilation)","Permanent Neow","Quick Restart","Relic Filter","Relic Stats","Replay The Spire","Shop Mod","Spikes Relics","StSLib","Stuff the Spire"],"gold_per_floor":[368,383,397,397,397,397,397],"floor_reached":6,"language":"ENG","playtime":232,"items_purged":[],"score":65,"play_id":"5c9b75d1-fb27-487f-85b3-904686994e6e","local_time":"20210131135430","is_ascension_mode":true,"campfire_choices":[],"circlet_count":0,"master_deck":["AscendersBane","Strike_G","Strike_G","Strike_G","Strike_G","Strike_G","Defend_G","Defend_G","Defend_G","Defend_G","Defend_G","Survivor","Neutralize","Caltrops","PiercingWail","StuffTheSpire:CuriosityCurse"],"relics":["Ring of the Snake","Art of War","Oddly Smooth Stone"],"acts_visited":["Exordium"],"potions_floor_usage":[6,6],"damage_taken":[{"damage":3.0,"enemies":"2 Louse","floor":1.0,"turns":3.0},{"damage":3.0,"enemies":"Jaw Worm","floor":2.0,"turns":5.0},{"damage":1.0,"enemies":"Cultist","floor":3.0,"turns":4.0},{"damage":16,"enemies":"3 Sentries","floor":6,"turns":4}],"seed_played":"-3330935299236618252","potions_obtained":[{"floor":2.0,"key":"EntropicBrew"}],"is_trial":false,"path_per_floor":["M","M","M","?","?","E"],"character_chosen":"THE_SILENT","items_purchased":[],"campfire_rested":0,"item_purchase_floors":[],"current_hp_per_floor":[41,38,37,37,11,0,0],"gold":397,"neow_bonus":"TWO_FIFTY_GOLD","is_daily":false,"chose_seed":false,"campfire_upgraded":0,"win_rate":0.0,"timestamp":1612097670,"path_taken":["M","M","M","?","?","E"],"items_purchased_type":[],"build_version":"2020-12-22","purchased_purges":0,"victory":false,"max_hp_per_floor":[66,66,66,66,66,66,66],"relic_stats":{"counters":[4,16],"Art of War":[1],"obtain_stats":[{"Oddly Smooth Stone":5,"Art of War":4,"Ring of the Snake":0},{"Oddly Smooth Stone":3,"Art of War":3,"Ring of the Snake":0},{"Oddly Smooth Stone":12,"Art of War":12,"Ring of the Snake":0}],"Ring of the Snake":[8]},"card_choices":[{"not_picked":["StuffTheSpire:Python","Backflip","StuffTheSpire:Injection"],"picked":"SKIP","floor":1.0},{"not_picked":["Hidden Blade","StuffTheSpire:Incursion"],"picked":"Caltrops","floor":2.0},{"not_picked":["Sucker Punch","Pace"],"picked":"PiercingWail","floor":3.0}],"player_experience":2037885,"relics_obtained":[],"event_choices":[{"damage_healed":0.0,"max_hp_gain":0.0,"max_hp_loss":0.0,"gold_gain":0.0,"event_name":"betterThird:BetterScrap","player_choice":"Relic ","floor":5.0,"gold_loss":0.0,"damage_taken":26.0,"cards_obtained":["Hello World"]}],"is_beta":false,"boss_relics":[],"items_purged_floors":[],"is_endless":false,"potions_floor_spawned":[2],"killed_by":"3 Sentries","ascension_level":16}}