{"host":"1s3n9odryuenogaq","time":1612057489,"event":{"mods":["AchievementEnabler","BaseMod","BetterRewards","Colored Map","Colored Powertips","Downfall","Googly Eyes","Minty Spire (QoL Compilation)","StSLib"],"gold_per_floor":[99,99,99,113,129,155,155,171,29,29,45,62,162,262,281,281,281,281],"floor_reached":16,"language":"ENG","playtime":1520,"items_purged":[],"score":102,"play_id":"2fd9cd83-bd46-4932-a1af-9d2d9be15ca4","local_time":"20210131014449","is_ascension_mode":false,"campfire_choices":[{"data":"hexamod:Float","floor":1.0,"key":"SMITH"},{"data":"hexamod:TimeOfNeed","floor":10,"key":"SMITH"}],"circlet_count":0,"master_deck":["hexamod:Strike","hexamod:Strike","hexamod:Strike","hexamod:Defend","hexamod:Defend+1","hexamod:Defend","hexamod:Defend","hexamod:Sear","hexamod:Float+1","hexamod:Strike","hexamod:InspiringFlames","hexamod:SoulSteal","hexamod:EtherealExpedition","hexamod:NightmareStrike","hexamod:TimeOfNeed+1","Dramatic Entrance","hexamod:ExtraCrispy","hexamod:SkipABeat","hexamod:Firestarter","hexamod:HeatMetal"],"relics":["hexamod:SpiritBrand","Omamori","Unceasing Top"],"acts_visited":["Exordium"],"potions_floor_usage":[13,13,13,16],"damage_taken":[{"damage":0.0,"enemies":"2 Louse","floor":4.0,"turns":3.0},{"damage":1.0,"enemies":"Jaw Worm","floor":5.0,"turns":3.0},{"damage":8.0,"enemies":"3 Sentries","floor":6.0,"turns":9.0},{"damage":0.0,"enemies":"Cultist","floor":8.0,"turns":3.0},{"damage":0,"enemies":"downfall:FleeingMerchant","floor":9,"turns":4},{"damage":14,"enemies":"Exordium Thugs","floor":11,"turns":4},{"damage":16,"enemies":"3 Louse","floor":12,"turns":3},{"damage":12,"enemies":"downfall:Heads","floor":13,"turns":6},{"damage":11,"enemies":"Red Slaver","floor":15,"turns":3},{"damage":20,"enemies":"IC_STATUS_ARCHETYPE","floor":16,"turns":8}],"seed_played":"4278829854825464561","potions_obtained":[{"floor":4.0,"key":"LiquidBronze"},{"floor":6.0,"key":"Block Potion"},{"floor":8,"key":"AttackPotion"},{"floor":15,"key":"BlessingOfTheForge"}],"is_trial":false,"path_per_floor":["R","?","?","M","M","E","T","M","$","R","M","M","?","?","M","B"],"character_chosen":"THE_SPIRIT","items_purchased":["Dramatic Entrance","hexamod:ExtraCrispy"],"campfire_rested":0,"item_purchase_floors":[9,9],"current_hp_per_floor":[77,77,77,77,76,68,68,68,68,68,54,38,26,26,15,0,0,0],"gold":281,"neow_bonus":"TEN_PERCENT_HP_BONUS","is_daily":false,"chose_seed":false,"campfire_upgraded":2,"win_rate":0.0,"timestamp":1612057489,"path_taken":["R","?","?","M","M","E","T","?","$","R","M","M","?","?","M","BOSS"],"items_purchased_type":["Card","Card"],"build_version":"2020-12-22","purchased_purges":0,"victory":false,"max_hp_per_floor":[77,77,77,77,77,77,77,77,77,77,77,77,77,77,77,77,77,77],"card_choices":[{"not_picked":["hexamod:PhantomFireball","hexamod:RetreatToShadows"],"picked":"hexamod:InspiringFlames","floor":4.0},{"not_picked":["hexamod:ThermalTransfer","hexamod:HauntingEcho"],"picked":"hexamod:SoulSteal","floor":5.0},{"not_picked":["hexamod:Again","hexamod:Hexaguard"],"picked":"hexamod:EtherealExpedition","floor":6.0},{"not_picked":["hexamod:SpectersWail","hexamod:SecondSeal"],"picked":"hexamod:NightmareStrike","floor":8},{"not_picked":["hexamod:Incineration","hexamod:FastForward"],"picked":"hexamod:TimeOfNeed","floor":9},{"not_picked":["hexamod:SpectersWail","hexamod:GhostOfSpireFuture"],"picked":"hexamod:Haunt","floor":11},{"not_picked":["hexamod:CatchUp","hexamod:PhantomCloak"],"picked":"hexamod:GhostflameBarrier","floor":12},{"not_picked":["hexamod:PhantomCloak","hexamod:FourthSeal"],"picked":"hexamod:Firestarter","floor":13},{"not_picked":["hexamod:SoulSteal","hexamod:Again"],"picked":"hexamod:HeatMetal","floor":15}],"player_experience":926540,"relics_obtained":[{"floor":6.0,"key":"Omamori"},{"floor":7.0,"key":"Unceasing Top"}],"event_choices":[],"is_beta":false,"boss_relics":[],"items_purged_floors":[],"is_endless":false,"potions_floor_spawned":[4,6,8,15],"killed_by":"IC_STATUS_ARCHETYPE","ascension_level":0}}