{"host":"krw8blyxua7at9ak","time":1612085082,"event":{"mods":["BaseMod","Highlight Path","Minty Spire (QoL Compilation)","ojb\u0027s Info Mod"],"gold_per_floor":[116,126,126,136,108,141,141,173,196,230,247,265,276,276,276,351,351,370,370,388,388,121,147,158,193,193,206,219,232,232,260,260,337,337,353,60,106,121,166,200,200,107,107,140,140,31,43,61,61,61,61,61,61,32,57,57,57],"floor_reached":56,"language":"ENG","playtime":2667,"items_purged":["Strike_G","Strike_G"],"score":2249,"play_id":"b4f17786-712f-4c5f-8538-8f0d1bb5f2d3","local_time":"20210131102442","is_ascension_mode":true,"campfire_choices":[{"data":"Skewer","floor":7,"key":"SMITH"},{"data":"Sucker Punch","floor":15,"key":"SMITH"},{"data":"Normality","floor":30,"key":"PURGE"},{"data":"Wraith Form v2","floor":32,"key":"SMITH"},{"data":"Wraith Form v2","floor":41,"key":"SMITH"},{"floor":49,"key":"RECALL"},{"data":"Normality","floor":53,"key":"PURGE"}],"circlet_count":0,"master_deck":["AscendersBane","Strike_G","Strike_G","Strike_G","Defend_G","Defend_G","Defend_G","Defend_G","Defend_G","Survivor","Neutralize","Skewer+1","Sucker Punch+1","Slice","Terror","Backstab","Poisoned Stab","All Out Attack","Cloak And Dagger+1","Wraith Form v2+1","Flying Knee+1","Tools of the Trade","Escape Plan+1","Endless Agony","Wraith Form v2+1","Acrobatics+1","Adrenaline","Regret","Adrenaline","Mayhem","Blade Dance+1","Cloak And Dagger+1","Cloak And Dagger+1"],"relics":["Ring of the Snake","Orichalcum","Blood Vial","Snake Skull","Anchor","Ice Cream","Cursed Key","Shuriken","Peace Pipe","Du-Vu Doll","Tingsha","Ancient Tea Set","HoveringKite","Membership Card","Juzu Bracelet","Tough Bandages","Strawberry","Pear","Toxic Egg 2","ClockworkSouvenir","InkBottle"],"acts_visited":["Exordium","TheCity","TheBeyond","TheEnding"],"potions_floor_usage":[6,10,23,31,56,56],"damage_taken":[{"damage":0,"enemies":"2 Louse","floor":1,"turns":2},{"damage":0,"enemies":"Cultist","floor":2,"turns":4},{"damage":1,"enemies":"Small Slimes","floor":4,"turns":3},{"damage":12,"enemies":"Gremlin Nob","floor":6,"turns":4},{"damage":26,"enemies":"Lagavulin","floor":8,"turns":5},{"damage":0,"enemies":"Gremlin Nob","floor":10,"turns":3},{"damage":3,"enemies":"Blue Slaver","floor":11,"turns":3},{"damage":0,"enemies":"Lots of Slimes","floor":12,"turns":4},{"damage":5,"enemies":"Exordium Wildlife","floor":13,"turns":3},{"damage":20,"enemies":"Hexaghost","floor":16,"turns":11},{"damage":5,"enemies":"Spheric Guardian","floor":18,"turns":3},{"damage":8,"enemies":"Shell Parasite","floor":20,"turns":4},{"damage":2,"enemies":"Gremlin Leader","floor":23,"turns":5},{"damage":0,"enemies":"Snake Plant","floor":24,"turns":4},{"damage":0,"enemies":"Book of Stabbing","floor":25,"turns":5},{"damage":7,"enemies":"Snecko","floor":27,"turns":3},{"damage":0,"enemies":"3 Cultists","floor":28,"turns":5},{"damage":0,"enemies":"Centurion and Healer","floor":29,"turns":5},{"damage":12,"enemies":"Slavers","floor":31,"turns":4},{"damage":21,"enemies":"Champ","floor":33,"turns":8},{"damage":0,"enemies":"3 Darklings","floor":35,"turns":6},{"damage":0,"enemies":"2 Orb Walkers","floor":37,"turns":5},{"damage":0,"enemies":"3 Shapes","floor":38,"turns":3},{"damage":16,"enemies":"Giant Head","floor":40,"turns":5},{"damage":1,"enemies":"Reptomancer","floor":44,"turns":3},{"damage":0,"enemies":"Maw","floor":47,"turns":6},{"damage":1,"enemies":"Transient","floor":48,"turns":6},{"damage":1,"enemies":"Time Eater","floor":50,"turns":8},{"damage":21,"enemies":"Donu and Deca","floor":51,"turns":8},{"damage":0,"enemies":"Shield and Spear","floor":55,"turns":6},{"damage":113,"enemies":"The Heart","floor":56,"turns":3}],"seed_played":"3504424291561145961","potions_obtained":[{"floor":1,"key":"Fire Potion"},{"floor":4,"key":"BlessingOfTheForge"},{"floor":8,"key":"Explosive Potion"},{"floor":12,"key":"Swift Potion"},{"floor":25,"key":"Weak Potion"},{"floor":33,"key":"PowerPotion"},{"floor":35,"key":"EssenceOfSteel"},{"floor":38,"key":"Swift Potion"},{"floor":40,"key":"BlessingOfTheForge"}],"is_trial":false,"path_per_floor":["M","M","?","M","$","E","R","E","T","E","M","M","M","?","R","B",null,"M","?","M","?","$","E","M","E","T","M","M","M","R","E","R","B",null,"M","$","?","M","T","E","R","$","T","E","?","$","M","M","R","B","B",null,"R","$","E","B"],"character_chosen":"THE_SILENT","items_purchased":["Slice","Shuriken","Membership Card","Juzu Bracelet","Adrenaline","ClockworkSouvenir","SteroidPotion","Cloak And Dagger+1"],"campfire_rested":0,"item_purchase_floors":[5,22,36,36,42,46,46,54],"current_hp_per_floor":[65,65,65,64,64,52,52,28,28,30,29,31,28,28,28,10,57,54,72,64,64,64,64,66,68,68,63,65,67,67,57,57,38,64,66,66,68,70,70,63,63,63,73,74,64,64,66,67,67,68,49,79,79,79,81,0,0],"gold":57,"neow_bonus":"TEN_PERCENT_HP_BONUS","is_daily":false,"chose_seed":false,"campfire_upgraded":4,"win_rate":0.0,"timestamp":1612085082,"path_taken":["M","M","?","M","$","E","R","E","T","E","?","M","M","?","R","BOSS","M","?","?","?","$","E","?","E","T","M","M","?","R","E","R","BOSS","M","$","?","M","?","E","R","?","T","E","?","$","M","M","R","BOSS","BOSS","R","$","E","BOSS"],"items_purchased_type":["Card","Relic","Relic","Relic","Card","Relic","Potion","Card"],"build_version":"2020-12-22","purchased_purges":2,"victory":false,"max_hp_per_floor":[72,72,72,72,72,72,72,72,72,72,72,72,72,72,72,72,72,72,72,72,72,72,72,72,72,72,72,72,72,72,72,72,72,72,72,72,72,72,72,79,79,79,89,89,89,89,89,89,89,89,89,89,89,89,89,89,89],"card_choices":[{"not_picked":["Distraction","Dagger Spray"],"picked":"Skewer","floor":1},{"not_picked":["Reflex","Dagger Spray"],"picked":"Underhanded Strike","floor":2},{"not_picked":["Outmaneuver","Caltrops"],"picked":"Sucker Punch","floor":4},{"not_picked":["Masterful Stab","Reflex"],"picked":"Terror","floor":6},{"not_picked":["Deflect","Tactician"],"picked":"Backstab","floor":8},{"not_picked":["Bane","Storm of Steel"],"picked":"Poisoned Stab","floor":10},{"not_picked":["Deflect","Poisoned Stab","Setup"],"picked":"SKIP","floor":11},{"not_picked":["Underhanded Strike","Riddle With Holes"],"picked":"All Out Attack","floor":12},{"not_picked":["Bane","Underhanded Strike"],"picked":"Cloak And Dagger","floor":13},{"not_picked":["Glass Knife","Die Die Die"],"picked":"Wraith Form v2","floor":16},{"not_picked":["Blade Dance","All Out Attack"],"picked":"Flying Knee+1","floor":18},{"not_picked":["Slice","Crippling Poison","Dagger Spray"],"picked":"SKIP","floor":20},{"not_picked":["Slice","Crippling Poison","Dagger Spray"],"picked":"SKIP","floor":20},{"not_picked":["Predator","Leg Sweep","Blur"],"picked":"SKIP","floor":23},{"not_picked":["Dagger Throw","Finisher","Outmaneuver"],"picked":"SKIP","floor":24},{"not_picked":["Cloak And Dagger","Sucker Punch"],"picked":"Tools of the Trade","floor":25},{"not_picked":["Dodge and Roll+1","Flechettes","Slice"],"picked":"SKIP","floor":27},{"not_picked":["Footwork","Slice","Masterful Stab"],"picked":"SKIP","floor":28},{"not_picked":["Envenom","Flying Knee"],"picked":"Escape Plan+1","floor":29},{"not_picked":["Slice","Concentrate"],"picked":"Endless Agony","floor":31},{"not_picked":["Adrenaline","Burst"],"picked":"Wraith Form v2","floor":33},{"not_picked":["Deadly Poison","Masterful Stab","Deflect+1"],"picked":"SKIP","floor":35},{"not_picked":["Dagger Spray","Underhanded Strike"],"picked":"Acrobatics+1","floor":37},{"not_picked":["Blade Dance","Quick Slash"],"picked":"Adrenaline","floor":38},{"not_picked":["Eviscerate","Riddle With Holes","Blur+1"],"picked":"SKIP","floor":40},{"not_picked":["Slice","Dash","Deflect+1"],"picked":"SKIP","floor":44},{"not_picked":["Panache","Dark Shackles+1"],"picked":"Mayhem","floor":45},{"not_picked":["Choke+1","Heel Hook+1"],"picked":"Blade Dance+1","floor":47},{"not_picked":["Deflect+1","Accuracy+1"],"picked":"Cloak And Dagger+1","floor":48},{"not_picked":["Sucker Punch","Choke","Underhanded Strike"],"picked":"SKIP","floor":55}],"player_experience":371878,"relics_obtained":[{"floor":6,"key":"Blood Vial"},{"floor":8,"key":"Snake Skull"},{"floor":9,"key":"Anchor"},{"floor":10,"key":"Ice Cream"},{"floor":23,"key":"Peace Pipe"},{"floor":25,"key":"Du-Vu Doll"},{"floor":26,"key":"Tingsha"},{"floor":31,"key":"Ancient Tea Set"},{"floor":37,"key":"Tough Bandages"},{"floor":40,"key":"Strawberry"},{"floor":43,"key":"Pear"},{"floor":44,"key":"Toxic Egg 2"},{"floor":55,"key":"InkBottle"}],"event_choices":[{"cards_removed":["Underhanded Strike"],"damage_healed":0,"gold_gain":0,"player_choice":"Gave Card","damage_taken":0,"relics_obtained":["Orichalcum"],"max_hp_gain":0,"max_hp_loss":0,"event_name":"WeMeetAgain","floor":3,"gold_loss":0},{"damage_healed":0,"gold_gain":0,"player_choice":"Grow","damage_taken":0,"max_hp_gain":0,"max_hp_loss":0,"event_name":"Living Wall","floor":14,"gold_loss":0,"cards_upgraded":["Cloak And Dagger"]},{"damage_healed":18,"gold_gain":0,"player_choice":"Full Heal","damage_taken":0,"max_hp_gain":0,"max_hp_loss":0,"event_name":"Wheel of Change","floor":19,"gold_loss":0},{"damage_healed":0,"gold_gain":0,"player_choice":"0 cards matched","damage_taken":0,"max_hp_gain":0,"max_hp_loss":0,"event_name":"Match and Keep!","floor":21,"gold_loss":0,"cards_obtained":[]},{"damage_healed":0,"gold_gain":0,"player_choice":"Fight","damage_taken":0,"max_hp_gain":0,"max_hp_loss":0,"event_name":"Mysterious Sphere","floor":37,"gold_loss":0},{"damage_healed":0,"gold_gain":0,"player_choice":"Memory 3","damage_taken":10,"max_hp_gain":0,"max_hp_loss":0,"event_name":"SensoryStone","floor":45,"gold_loss":0}],"is_beta":false,"boss_relics":[{"not_picked":["Tiny House","Runic Dome"],"picked":"Cursed Key"},{"not_picked":["Velvet Choker","WristBlade"],"picked":"HoveringKite"}],"items_purged_floors":[36,42],"is_endless":false,"potions_floor_spawned":[1,4,8,12,20,25,28,33,35,38,40],"killed_by":"The Heart","ascension_level":20}}