{"host":"ixbvfs3so5a39bhe","time":1612079295,"event":{"mods":["BaseMod","Minty Spire (QoL Compilation)","Quick Restart","StSLib"],"gold_per_floor":[114,114,114,127,52,52,86,86,164,192,192,219,294,294,294],"floor_reached":14,"language":"ZHS","playtime":392,"items_purged":["Defend_P"],"score":125,"play_id":"a2f7e2e5-090b-47b1-ab17-779c1e006fd7","local_time":"20210131154815","is_ascension_mode":true,"campfire_choices":[{"data":"Eruption","floor":6.0,"key":"SMITH"},{"floor":8.0,"key":"RECALL"}],"circlet_count":0,"master_deck":["Strike_P","Strike_P","Strike_P","Defend_P","Defend_P","Defend_P","Eruption+1","Vigilance","EmptyBody"],"relics":["PureWater","NeowsBlessing","Meat on the Bone","Nunchaku","Odd Mushroom"],"acts_visited":["Exordium"],"potions_floor_usage":[],"damage_taken":[{"damage":0.0,"enemies":"2 Louse","floor":1.0,"turns":1.0},{"damage":0.0,"enemies":"Small Slimes","floor":4.0,"turns":2.0},{"damage":0.0,"enemies":"3 Sentries","floor":7.0,"turns":1.0},{"damage":28.0,"enemies":"Gremlin Nob","floor":10.0,"turns":4.0},{"damage":25,"enemies":"The Mushroom Lair","floor":12,"turns":4},{"damage":12,"enemies":"3 Sentries","floor":14,"turns":3}],"seed_played":"-6016053935816639706","potions_obtained":[{"floor":4.0,"key":"PowerPotion"},{"floor":7.0,"key":"CultistPotion"}],"is_trial":false,"path_per_floor":["M","?","?","M","$","R","E","R","T","E","?","?","?","E"],"character_chosen":"WATCHER","items_purchased":[],"campfire_rested":0,"item_purchase_floors":[],"current_hp_per_floor":[72,65,65,65,65,65,65,65,65,37,37,24,13,1,1],"gold":294,"neow_bonus":"THREE_ENEMY_KILL","is_daily":false,"chose_seed":false,"campfire_upgraded":1,"win_rate":0.0,"timestamp":1612079295,"path_taken":["M","?","?","?","$","R","E","R","T","E","?","?","?","E"],"items_purchased_type":[],"build_version":"2020-12-22","purchased_purges":1,"victory":false,"max_hp_per_floor":[72,72,72,72,72,72,72,72,72,72,72,72,72,72,72],"card_choices":[{"not_picked":["Consecrate","ClearTheMind","Worship"],"picked":"SKIP","floor":1.0},{"not_picked":["JustLucky","Prostrate","Weave"],"picked":"SKIP","floor":4.0},{"not_picked":["CrushJoints","Devotion","Pray"],"picked":"SKIP","floor":7.0},{"not_picked":["Evaluate","SashWhip"],"picked":"EmptyBody","floor":10.0}],"player_experience":129333,"relics_obtained":[{"floor":7.0,"key":"Meat on the Bone"},{"floor":10.0,"key":"Nunchaku"},{"floor":12,"key":"Odd Mushroom"}],"event_choices":[{"cards_removed":["Strike_P"],"damage_healed":0.0,"max_hp_gain":0.0,"max_hp_loss":0.0,"gold_gain":0.0,"event_name":"Golden Wing","player_choice":"Card Removal","floor":2.0,"gold_loss":0.0,"damage_taken":7.0},{"damage_healed":0.0,"max_hp_gain":0.0,"max_hp_loss":0.0,"gold_gain":0.0,"event_name":"Match and Keep!","player_choice":"0 cards matched","floor":3.0,"gold_loss":0.0,"damage_taken":0.0,"cards_obtained":[]},{"damage_healed":0.0,"max_hp_gain":0.0,"max_hp_loss":0.0,"gold_gain":0.0,"event_name":"Dead Adventurer","player_choice":"Searched \u00270\u0027 times","floor":11.0,"gold_loss":0.0,"damage_taken":0.0},{"damage_healed":0,"gold_gain":0,"player_choice":"Fought Mushrooms","damage_taken":0,"max_hp_gain":0,"max_hp_loss":0,"event_name":"Mushrooms","floor":12,"gold_loss":0},{"damage_healed":0,"gold_gain":75,"player_choice":"Gather Gold","damage_taken":11,"max_hp_gain":0,"max_hp_loss":0,"event_name":"World of Goop","floor":13,"gold_loss":0}],"is_beta":false,"boss_relics":[],"items_purged_floors":[5],"is_endless":false,"potions_floor_spawned":[4,7],"killed_by":"3 Sentries","ascension_level":1}}