{"host":"g1qzxxy7a24sg3a3","time":1612102400,"event":{"mods":["ATMod(阿瑾Mod)","Act Like it!","Arknights","BaseMod","Custom Start","Gensokyo","GungeonMod","Hallownest","Lobotomy","LobotomyExtend","Minty Spire (QoL Compilation)","MostiFishMod","Pale of the Ancients","Replay The Spire","SOS（斯巴达之子）","Shop Mod","Spicy Shops","StSLib","TestMod","The Administrix","The Bug Knight","Waifu the Spire","WarShipGirlsR/战舰少女R mod","【遗物卡牌】REMEMod","残留之物"],"gold_per_floor":[110,110,110,110,120,120,120,120],"floor_reached":7,"language":"ZHS","playtime":356,"items_purged":[],"score":39,"play_id":"6bdddda2-b7d2-4cc9-b4fd-845052b0c8df","local_time":"20210131221320","is_ascension_mode":false,"campfire_choices":[],"circlet_count":0,"master_deck":["SpecialBullet","SpecialBullet","SpecialBullet","SpecialBullet","SpecialBullet","SpecialBullet","SpecialBullet","SpecialBullet","DisciplinaryCode","ControlCode","CentralCode","testmod-SunMoon+1","SomewhereSpear+1","OSAHOGD","RedShoes","Lantern"],"relics":["CogitoBucket","AT_ATBox","DaveBox","testmod-TestBox","REME_ComplimentaryCards","ChiXiaoBlade","testmod-BloodSacrificeSpiritualization","SynthV:TestCard","LetterFromLob"],"acts_visited":["Gensokyo:Gensokyo"],"potions_floor_usage":[],"damage_taken":[{"damage":0,"enemies":"Gensokyo:Python","floor":1,"turns":1},{"damage":9,"enemies":"Gensokyo:Gryphon","floor":5,"turns":3},{"damage":61,"enemies":"Gensokyo:Cirno","floor":7,"turns":5}],"seed_played":"-7002724154865944090","potions_obtained":[],"is_trial":false,"path_per_floor":["M","?","?","$","M","R","E"],"character_chosen":"Angela","items_purchased":[],"campfire_rested":0,"item_purchase_floors":[],"current_hp_per_floor":[70,70,70,70,61,61,0,0],"gold":120,"neow_bonus":"UPGRADE_CARD","is_daily":false,"chose_seed":false,"campfire_upgraded":0,"win_rate":0.0,"timestamp":1612102400,"path_taken":["M","?","?","?","M","R","E"],"items_purchased_type":[],"build_version":"2020-12-22","purchased_purges":0,"victory":false,"max_hp_per_floor":[70,70,70,70,70,70,70,70],"card_choices":[{"not_picked":["Tough"],"picked":"SomewhereSpear","floor":1},{"not_picked":["FairyFestival","PunishingBird"],"picked":"OSAHOGD","floor":1},{"not_picked":["UniverseFragment","BigBadWolf"],"picked":"RedShoes","floor":5},{"not_picked":["Pleasure","Regret_ego","Hornet"],"picked":"Lantern","floor":5}],"player_experience":65583,"relics_obtained":[{"floor":1,"key":"SynthV:TestCard"},{"floor":1,"key":"LetterFromLob"}],"event_choices":[],"is_beta":false,"boss_relics":[],"items_purged_floors":[],"is_endless":false,"potions_floor_spawned":[1],"killed_by":"Gensokyo:Cirno","ascension_level":0}}