{"host":"vqd8yewason9t24a","time":1612065605,"event":{"mods":["AchievementEnabler","Act Like it!","Aspiration","BaseMod","Better Match","Better Note","BetterRewards","Block Reminder","Card Forge","Colored Map","Colored Powertips","Conspire","DeckTracker","Downfall","Energized Spire","Friendly Minions","Highlight Path","Hubris","Infinite Spire","Minty Spire (QoL Compilation)","Quick Restart","READ ME - Guardian Mod","Rare Cards Sparkle","Relic Stats","Replay The Spire","Spikes Relics","StSLib","SuperFastMode","Waifu the Spire"],"gold_per_floor":[99,115,1,1,11,24,24,52,52,37,487,521,221,240,259,261,261,261],"floor_reached":16,"language":"ENG","playtime":2154,"items_purged":[],"score":135,"play_id":"c71f9000-f60e-4ff1-b411-22760dad8702","local_time":"20210130200005","is_ascension_mode":false,"campfire_choices":[{"floor":1,"key":"RECALL"},{"floor":9,"key":"REST"},{"floor":13,"key":"REST"}],"circlet_count":0,"master_deck":["bronze:Strike+1","bronze:Strike+1","bronze:Strike+1","bronze:Strike+1","bronze:Defend+1","bronze:Defend+1","bronze:Defend+1","bronze:Defend+1","bronze:Replicate+1","bronze:Goto+1","bronze:Allocate+1","bronze:BuggyMess+1","bronze:BuggyMess+1","bronze:ClassDefault+1","bronze:ClassDefault+1","bronze:WildBeam+1","bronze:BugBarrage+1","bronze:ClassDefault+1","bronze:ForLoop+1","bronze:DelayedGuard+1","bronze:Deprecate+1","bronze:WhirlingStrike"],"relics":["bronze:BronzeCore","Hammer of Thor","Seething Fire","Anvil of the Gods","Lantern","Question Card","downfall:HeartBlessingRed","downfall:HeartBlessingGreen","downfall:HeartBlessingBlue"],"acts_visited":["Exordium"],"potions_floor_usage":[],"damage_taken":[{"damage":1,"enemies":"Cultist","floor":2,"turns":3},{"damage":2,"enemies":"downfall:FleeingMerchant","floor":3,"turns":4},{"damage":12,"enemies":"conspire:RoseBush","floor":5,"turns":3},{"damage":0,"enemies":"2 Louse","floor":6,"turns":2},{"damage":15,"enemies":"Replay:BlueRogue","floor":8,"turns":3},{"damage":15,"enemies":"downfall:FleeingMerchant","floor":10,"turns":4},{"damage":20,"enemies":"Lagavulin","floor":12,"turns":4},{"damage":21,"enemies":"Exordium Wildlife","floor":14,"turns":3},{"damage":8,"enemies":"Exordium Thugs","floor":15,"turns":4},{"damage":54,"enemies":"IC_STATUS_ARCHETYPE","floor":16,"turns":8}],"seed_played":"2394079705212777885","potions_obtained":[{"floor":2,"key":"Fire Potion"},{"floor":5,"key":"Energy Potion"},{"floor":12,"key":"BlessingOfTheForge"},{"floor":15,"key":"bronze:FreeFunctionsPotion"}],"is_trial":false,"path_per_floor":["R","M","$","?","M","M","T","E","R","$","?","E","R","M","M","B"],"character_chosen":"THE_AUTOMATON","items_purchased":["bronze:BuggyMess","bronze:ClassDefault"],"campfire_rested":2,"item_purchase_floors":[3,3],"current_hp_per_floor":[77,76,74,74,62,62,62,47,70,55,55,35,71,50,42,0,0,0],"gold":261,"neow_bonus":"TEN_PERCENT_HP_BONUS","is_daily":false,"chose_seed":false,"campfire_upgraded":0,"win_rate":0.0,"timestamp":1612065605,"path_taken":["R","M","$","?","M","?","T","E","R","?","?","E","R","M","M","BOSS"],"items_purchased_type":["Card","Card"],"build_version":"2020-12-22","purchased_purges":0,"victory":false,"max_hp_per_floor":[77,77,77,77,77,77,77,77,77,77,77,77,87,87,87,87,87,87],"relic_stats":{"counters":[10,38],"Question Card":2,"obtain_stats":[{"Lantern":8,"bronze:BronzeCore":0,"downfall:HeartBlessingRed":13,"Anvil of the Gods":0,"downfall:HeartBlessingBlue":13,"downfall:HeartBlessingGreen":13,"Hammer of Thor":0,"Seething Fire":0,"Question Card":12},{"Lantern":5,"bronze:BronzeCore":0,"downfall:HeartBlessingRed":7,"Anvil of the Gods":0,"downfall:HeartBlessingBlue":7,"downfall:HeartBlessingGreen":7,"Hammer of Thor":0,"Seething Fire":0,"Question Card":7},{"Lantern":15,"bronze:BronzeCore":0,"downfall:HeartBlessingRed":23,"Anvil of the Gods":0,"downfall:HeartBlessingBlue":23,"downfall:HeartBlessingGreen":23,"Hammer of Thor":0,"Seething Fire":0,"Question Card":23}]},"card_choices":[{"not_picked":["bronze:Invalidate","bronze:Turbo"],"picked":"bronze:Allocate","floor":2},{"not_picked":["bronze:Boost","bronze:BronzeOrb"],"picked":"bronze:BuggyMess","floor":3},{"not_picked":["bronze:FollowUp","bronze:Fortify"],"picked":"bronze:WildBeam","floor":5},{"not_picked":["bronze:BronzeArmor","bronze:Optimize"],"picked":"bronze:BugBarrage","floor":6},{"not_picked":["bronze:BurnOut","bronze:ForLoop"],"picked":"bronze:ClassDefault","floor":8},{"not_picked":["bronze:Turbo","bronze:BronzeArmor"],"picked":"bronze:ForLoop","floor":10},{"not_picked":["bronze:ForceShield","bronze:Shield"],"picked":"bronze:DelayedGuard","floor":12},{"not_picked":["bronze:Overheat","bronze:OilSpill","bronze:Turbo"],"picked":"bronze:Deprecate","floor":14},{"not_picked":["bronze:Branch","bronze:Overheat","bronze:FineTuning"],"picked":"bronze:WhirlingStrike","floor":15}],"player_experience":575437,"relics_obtained":[{"floor":8,"key":"Lantern"},{"floor":12,"key":"Question Card"}],"event_choices":[],"is_beta":false,"boss_relics":[],"items_purged_floors":[],"is_endless":false,"potions_floor_spawned":[2,5,12,15],"killed_by":"IC_STATUS_ARCHETYPE","ascension_level":0}}