{"host":"ykruzxakfolvqoa7","time":1612109072,"event":{"mods":["Act Like it!","BaseMod","Colored Powertips","Downfall","Elementarium","Hubris","Ironclad Rager","Menagerie","Mimic Mod","Minty Spire (QoL Compilation)","Spicy Shops","Spikes Relics","StSLib","Swap Starting Deck Mod","Wandering Minibosses"],"gold_per_floor":[109,109,128,128,140,140,157,188,225,225,245,262,262,280,280,384,384,398,11,27,45,45,77,0,0,27,27,39,39,39,39,39,141,141,141],"floor_reached":34,"language":"ENG","playtime":2725,"items_purged":["Regret"],"score":372,"play_id":"4ec3ca1e-6df0-47c4-a551-5844adb342d6","local_time":"20210131160432","is_ascension_mode":false,"campfire_choices":[{"floor":6,"key":"RECALL"},{"floor":10,"key":"REST"},{"floor":15,"key":"REST"},{"floor":25,"key":"REST"},{"floor":27,"key":"REST"},{"floor":29,"key":"REST"},{"floor":32,"key":"REST"}],"circlet_count":0,"master_deck":["Strike_G","Strike_G","Strike_G","Strike_G","Defend_G","Defend_G","Defend_G","Defend_G","Defend_G","Survivor","Neutralize","Caltrops","Noxious Fumes","Slice","Concentrate","Cloak And Dagger","Endless Agony","Backflip","Cloak And Dagger","Envenom","Prepared","Apotheosis","Cloak And Dagger","Acrobatics","Elementarium:StickyTar","Flying Knee","Backstab"],"relics":["hubris:HollowSoul","Ginger","Centennial Puzzle","SacredBark","BicycleWheel","FossilizedHelix","Pen Nib","Elementarium:HuntersBracer","Orichalcum","Elementarium:ElementariumTrophy","Sandwich"],"acts_visited":["Exordium","Exordium","TheBeyond"],"potions_floor_usage":[8,16,16,20,23,33,33],"damage_taken":[{"damage":3,"enemies":"Jaw Worm","floor":1,"turns":5},{"damage":2,"enemies":"Small Slimes","floor":3,"turns":4},{"damage":1,"enemies":"Cultist","floor":5,"turns":4},{"damage":5,"enemies":"Gremlin Gang","floor":7,"turns":5},{"damage":28,"enemies":"3 Sentries","floor":8,"turns":7},{"damage":3,"enemies":"Blue Slaver","floor":9,"turns":8},{"damage":3,"enemies":"Blue Slaver","floor":11,"turns":5},{"damage":7,"enemies":"3 Louse","floor":12,"turns":3},{"damage":12,"enemies":"Looter","floor":14,"turns":4},{"damage":27,"enemies":"The Guardian","floor":16,"turns":13},{"damage":7,"enemies":"Elementarium:2_ELEMENTALS","floor":18,"turns":5},{"damage":15,"enemies":"Elementarium:Cyclone","floor":20,"turns":9},{"damage":14,"enemies":"Elementarium:VOID_CORRUPTION_AND_TAR_GOLEM","floor":21,"turns":6},{"damage":33,"enemies":"Elementarium:ElementalPortal","floor":23,"turns":8},{"damage":13,"enemies":"Elementarium:VoidBeast","floor":28,"turns":6},{"damage":5,"enemies":"Elementarium:GolemEmperor","floor":33,"turns":7}],"seed_played":"-6755657353300998495","potions_obtained":[{"floor":1,"key":"Ancient Potion"},{"floor":5,"key":"Swift Potion"},{"floor":7,"key":"sneckomod:MuddlingPotion"},{"floor":14,"key":"CunningPotion"},{"floor":18,"key":"GamblersBrew"},{"floor":21,"key":"hexamod:SoulburnPotion"},{"floor":28,"key":"GamblersBrew"},{"floor":30,"key":"DistilledChaos"},{"floor":30,"key":"CultistPotion"},{"floor":33,"key":"FearPotion"}],"is_trial":false,"path_per_floor":["M","?","M","?","M","R","M","E","MIM","R","M","M","?","M","R","B",null,"M","$","M","M","?","E","?","R","T","R","M","R","?","?","R","B",null],"character_chosen":"THE_SILENT","items_purchased":["BicycleWheel","Apotheosis"],"campfire_rested":6,"item_purchase_floors":[19,19],"current_hp_per_floor":[67,60,58,70,69,69,64,36,33,54,51,44,44,32,53,26,70,63,63,48,34,34,1,1,20,20,39,26,45,45,42,61,56,65,65],"gold":141,"neow_bonus":"BOSS_RELIC","is_daily":false,"chose_seed":false,"campfire_upgraded":0,"win_rate":0.0,"timestamp":1612109072,"path_taken":["M","?","M","?","?","R","M","E","MIM","R","M","M","?","?","R","BOSS","M","$","M","M","?","E","?","R","T","R","M","R","?","?","R","BOSS"],"items_purchased_type":["Relic","Card"],"build_version":"2020-12-22","purchased_purges":1,"victory":false,"max_hp_per_floor":[70,70,70,70,70,70,70,70,70,70,70,70,70,70,70,70,70,70,70,70,70,70,70,65,65,65,65,65,65,65,65,65,65,65,65],"card_choices":[{"not_picked":["Terror","Flying Knee"],"picked":"Caltrops","floor":1},{"not_picked":["Backstab","Poisoned Stab"],"picked":"Noxious Fumes","floor":3},{"not_picked":["Predator","Catalyst"],"picked":"Slice","floor":5},{"not_picked":["Tactician","Sucker Punch","Catalyst"],"picked":"SKIP","floor":7},{"not_picked":["Skewer","Well Laid Plans"],"picked":"Concentrate","floor":8},{"not_picked":["Dodge and Roll","Leg Sweep"],"picked":"Cloak And Dagger","floor":9},{"not_picked":["Masterful Stab","ShadowRift"],"picked":"Endless Agony","floor":11},{"not_picked":["Underhanded Strike","Dagger Spray","hubris:SlightOfHand"],"picked":"SKIP","floor":12},{"not_picked":["A Thousand Cuts","Infinite Blades"],"picked":"Cloak And Dagger","floor":14},{"not_picked":["Doppelganger","Wraith Form v2"],"picked":"Envenom","floor":16},{"not_picked":["Acrobatics+1","Escape Plan"],"picked":"Prepared","floor":18},{"not_picked":["Crippling Poison","Prepared"],"picked":"Cloak And Dagger","floor":20},{"not_picked":["Phantasmal Killer","Infinite Blades"],"picked":"Acrobatics","floor":21},{"not_picked":["Heel Hook","Sucker Punch+1"],"picked":"Flying Knee","floor":23},{"not_picked":["hubris:SlightOfHand","Slice"],"picked":"Backstab","floor":28}],"player_experience":414590,"relics_obtained":[{"floor":8,"key":"Centennial Puzzle"},{"floor":23,"key":"Pen Nib"},{"floor":26,"key":"Orichalcum"}],"event_choices":[{"damage_healed":0,"gold_gain":0,"player_choice":"Success","damage_taken":7,"relics_obtained":["Ginger"],"max_hp_gain":0,"max_hp_loss":0,"event_name":"Scrap Ooze","floor":2,"gold_loss":0},{"damage_healed":12,"gold_gain":0,"player_choice":"Full Heal","damage_taken":0,"max_hp_gain":0,"max_hp_loss":0,"event_name":"Wheel of Change","floor":4,"gold_loss":0},{"damage_healed":0,"gold_gain":0,"cards_transformed":["Strike_G"],"player_choice":"Transformed","damage_taken":0,"max_hp_gain":0,"max_hp_loss":0,"event_name":"Transmorgrifier","floor":13,"gold_loss":0,"cards_obtained":["Backflip"]},{"damage_healed":0,"gold_gain":0,"player_choice":"Open","damage_taken":0,"relics_obtained":["FossilizedHelix"],"max_hp_gain":0,"max_hp_loss":0,"event_name":"Elementarium:TarCoveredCasket","floor":22,"gold_loss":0,"cards_obtained":["Elementarium:StickyTar"]},{"damage_healed":0,"gold_gain":0,"player_choice":"Sling","damage_taken":0,"relics_obtained":["Elementarium:HuntersBracer"],"max_hp_gain":0,"max_hp_loss":5,"event_name":"Elementarium:BigGameHunter","floor":24,"gold_loss":77},{"damage_healed":0,"gold_gain":0,"player_choice":"Tanks","damage_taken":0,"max_hp_gain":0,"max_hp_loss":0,"event_name":"Elementarium:IncubationChamber","floor":30,"gold_loss":0},{"damage_healed":0,"gold_gain":0,"player_choice":"Poke through","damage_taken":3,"max_hp_gain":0,"max_hp_loss":0,"event_name":"Elementarium:GreatTreasure","floor":31,"gold_loss":0}],"is_beta":false,"boss_relics":[{"not_picked":["Empty Cage","CosmicIsotope"],"picked":"SacredBark"},{"not_picked":["Snecko Eye","SlaversCollar"],"picked":"Sandwich"}],"items_purged_floors":[19],"is_endless":false,"potions_floor_spawned":[1,5,7,14,18,21,28,33],"ascension_level":0}}