{"host":"lehbxtjrpalkmwwj","time":1612103880,"event":{"mods":["BaseMod","Colored Powertips","GungeonMod","Minty Spire (QoL Compilation)","Replay The Spire","Shop Mod","StSLib","The Bug Knight","The Cursed","The Gatherer"],"gold_per_floor":[118,118,293,103,113,113,148,160,184,28,28,62,77,77,77],"floor_reached":14,"language":"ZHS","playtime":438,"items_purged":["Regret"],"score":113,"play_id":"1c95c0bd-de6a-4527-bf6f-f065b21f9e3d","local_time":"20210131223800","is_ascension_mode":true,"campfire_choices":[{"floor":6.0,"key":"RECALL"}],"circlet_count":0,"master_deck":["Strike_G","Strike_G","Strike_G","Strike_G","Strike_G","Defend_G","Defend_G","Defend_G","Defend_G","Defend_G","Survivor","Neutralize","Deadly Poison","Doubt","Infinite Blades+1","Hidden Blade","PiercingWail","Catalyst"],"relics":["ChewingGum","Chameleon Ring","DemoMod:GnawedKey","Replay:Ringing Soul","Omamori","Blue Doll","Potion Belt"],"acts_visited":["Exordium"],"potions_floor_usage":[14],"damage_taken":[{"damage":0.0,"enemies":"2 Louse","floor":1.0,"turns":2.0},{"damage":1.0,"enemies":"Small Slimes","floor":5.0,"turns":3.0},{"damage":39.0,"enemies":"3 Sentries","floor":7.0,"turns":11.0},{"damage":3.0,"enemies":"Jaw Worm","floor":8.0,"turns":4.0},{"damage":9.0,"enemies":"Lagavulin","floor":12.0,"turns":9.0},{"damage":21,"enemies":"Gremlin Gang","floor":13,"turns":9},{"damage":35,"enemies":"Gremlin Nob","floor":14,"turns":3}],"seed_played":"3521746567636218458","potions_obtained":[{"floor":7.0,"key":"SneckoOil"},{"floor":8.0,"key":"ColorlessPotion"},{"floor":13,"key":"Swift Potion"}],"is_trial":false,"path_per_floor":["M","?","?","$","M","R","E","M","T","$","?","E","M","E"],"character_chosen":"THE_SILENT","items_purchased":["DemoMod:GnawedKey","DemoMod:WeirdEgg"],"campfire_rested":0,"item_purchase_floors":[4,10],"current_hp_per_floor":[70,70,70,70,69,69,33,30,30,30,30,24,6,0,0],"gold":77,"neow_bonus":"BOSS_RELIC","is_daily":false,"chose_seed":false,"campfire_upgraded":0,"win_rate":0.0,"timestamp":1612103880,"path_taken":["M","?","?","$","M","R","E","M","T","$","?","E","M","E"],"items_purchased_type":["Relic","Relic"],"build_version":"2020-12-22","purchased_purges":1,"victory":false,"max_hp_per_floor":[70,70,70,70,70,70,73,73,73,73,73,76,79,79,79],"card_choices":[{"not_picked":["Outmaneuver","Deflect"],"picked":"Deadly Poison","floor":1.0},{"not_picked":["Deadly Poison","Sucker Punch"],"picked":"Infinite Blades","floor":5.0},{"not_picked":["Footwork","Outmaneuver"],"picked":"Hidden Blade","floor":7.0},{"not_picked":["Well Laid Plans","Underhanded Strike","Expertise"],"picked":"SKIP","floor":8.0},{"not_picked":["Cloak And Dagger","Slice"],"picked":"PiercingWail","floor":12.0},{"not_picked":["Acrobatics","Dagger Throw"],"picked":"Catalyst","floor":13}],"player_experience":95854,"relics_obtained":[{"floor":7.0,"key":"Replay:Ringing Soul"},{"floor":9.0,"key":"Omamori"},{"floor":12.0,"key":"Potion Belt"}],"event_choices":[{"damage_healed":0.0,"max_hp_gain":0.0,"max_hp_loss":0.0,"gold_gain":0.0,"event_name":"Big Fish","player_choice":"Box","floor":2.0,"gold_loss":0.0,"damage_taken":0.0,"relics_obtained":["Chameleon Ring"],"cards_obtained":["Regret"]},{"damage_healed":0.0,"max_hp_gain":0.0,"max_hp_loss":0.0,"gold_gain":175.0,"event_name":"Liars Game","player_choice":"AGREE","floor":3.0,"gold_loss":0.0,"damage_taken":0.0,"cards_obtained":["Doubt"]}],"is_beta":false,"boss_relics":[],"items_purged_floors":[4],"is_endless":false,"potions_floor_spawned":[7,8,13],"killed_by":"Gremlin Nob","ascension_level":3}}