{"host":"q4axc00jr2bozlh9","time":1612099517,"event":{"mods":["AchievementEnabler","BaseMod","Bestiary","Colored Map","Colored Powertips","Curses Come First","Minty Spire (QoL Compilation)","Relic Stats","StSLib","SuperFastMode","UnlockEverythingMod"],"gold_per_floor":[112,92,20,20,30,30,55,55,105,117,67,67,67,67,67,172,172,187,187,4,4,4,4,38,0,26,26,26,26,36,36,36,36,36],"floor_reached":33,"language":"ENG","playtime":1141,"items_purged":["Writhe"],"score":255,"play_id":"07d5e19f-c64e-4997-9f64-7199eb1887e9","local_time":"20210131142517","is_ascension_mode":false,"campfire_choices":[{"data":"Metallicize","floor":6,"key":"SMITH"},{"data":"Uppercut","floor":8,"key":"SMITH"},{"data":"Bash","floor":12,"key":"SMITH"},{"data":"Ghostly Armor","floor":15,"key":"SMITH"},{"floor":23,"key":"REST"},{"data":"Armaments","floor":27,"key":"SMITH"},{"data":"Entrench","floor":29,"key":"SMITH"},{"floor":32,"key":"REST"}],"circlet_count":0,"master_deck":["Strike_R","Strike_R","Defend_R","Defend_R","Defend_R","Defend_R","Bash+1","Uppercut+1","Metallicize+1","Infernal Blade","Ghostly Armor+1","Headbutt","Juggernaut","Shrug It Off","Metallicize","Entrench+1","Armaments+1","Blood for Blood"],"relics":["Burning Blood","Ancient Tea Set","Juzu Bracelet","HornCleat","Shuriken","Philosopher\u0027s Stone","Red Skull","Lantern","Centennial Puzzle","Nilry\u0027s Codex"],"acts_visited":["Exordium","TheCity"],"potions_floor_usage":[7,7,30],"damage_taken":[{"damage":1,"enemies":"Cultist","floor":1,"turns":3},{"damage":3,"enemies":"Jaw Worm","floor":5,"turns":4},{"damage":22,"enemies":"Lagavulin","floor":7,"turns":8},{"damage":0,"enemies":"2 Louse","floor":10,"turns":2},{"damage":20,"enemies":"The Guardian","floor":16,"turns":13},{"damage":43,"enemies":"3 Byrds","floor":18,"turns":6},{"damage":19,"enemies":"Gremlin Leader","floor":24,"turns":8},{"damage":12,"enemies":"2 Thieves","floor":25,"turns":4},{"damage":13,"enemies":"Cultist and Chosen","floor":30,"turns":8},{"damage":46,"enemies":"Automaton","floor":33,"turns":6}],"seed_played":"-1674448453340963290","potions_obtained":[{"floor":2,"key":"BloodPotion"},{"floor":5,"key":"Dexterity Potion"},{"floor":24,"key":"Fruit Juice"}],"is_trial":false,"path_per_floor":["M","?","$","?","M","R","E","R","T","M","?","R","T","T","R","B",null,"M","?","$","?","?","R","E","M","T","R","?","R","M","?","R","B"],"character_chosen":"IRONCLAD","items_purchased":["Metallicize","Metallicize","Entrench"],"campfire_rested":2,"item_purchase_floors":[3,20,20],"current_hp_per_floor":[80,80,80,80,80,80,80,80,80,80,80,80,80,80,80,66,80,43,43,43,28,28,53,40,34,34,34,34,34,32,16,43,0,0],"gold":36,"neow_bonus":"REMOVE_CARD","is_daily":false,"chose_seed":false,"campfire_upgraded":6,"win_rate":0.0,"timestamp":1612099517,"path_taken":["M","?","$","?","M","R","E","R","T","M","?","R","?","?","R","BOSS","M","?","$","?","?","R","E","M","T","R","?","R","M","?","R","BOSS"],"items_purchased_type":["Card","Card","Card"],"build_version":"2020-12-22","purchased_purges":1,"victory":false,"max_hp_per_floor":[80,80,80,80,80,80,80,80,80,80,80,80,80,80,80,80,80,80,80,80,85,85,85,85,85,85,85,85,85,90,90,90,90,90],"relic_stats":{"Centennial Puzzle":[6],"counters":[10,62],"Shuriken":[2],"Juzu Bracelet":2,"obtain_stats":[{"Lantern":24,"Centennial Puzzle":26,"HornCleat":13,"Shuriken":14,"Nilry\u0027s Codex":31,"Philosopher\u0027s Stone":17,"Juzu Bracelet":9,"Ancient Tea Set":7,"Burning Blood":0,"Red Skull":19},{"Lantern":7,"Centennial Puzzle":8,"HornCleat":4,"Shuriken":4,"Nilry\u0027s Codex":9,"Philosopher\u0027s Stone":5,"Juzu Bracelet":3,"Ancient Tea Set":3,"Burning Blood":0,"Red Skull":6},{"Lantern":44,"Centennial Puzzle":48,"HornCleat":17,"Shuriken":17,"Nilry\u0027s Codex":56,"Philosopher\u0027s Stone":30,"Juzu Bracelet":15,"Ancient Tea Set":15,"Burning Blood":0,"Red Skull":36}],"Burning Blood":40},"card_choices":[{"not_picked":["Body Slam","Warcry"],"picked":"Uppercut","floor":1},{"not_picked":["Shrug It Off","Clash"],"picked":"Infernal Blade","floor":5},{"not_picked":["Sword Boomerang","Seeing Red"],"picked":"Ghostly Armor","floor":7},{"not_picked":["Power Through","Perfected Strike"],"picked":"Headbutt","floor":10},{"not_picked":["Impervious","Limit Break"],"picked":"Juggernaut","floor":16},{"not_picked":["Sword Boomerang","Body Slam"],"picked":"Shrug It Off","floor":18},{"not_picked":["Twin Strike","Iron Wave+1"],"picked":"Armaments","floor":24},{"not_picked":["Iron Wave","Sword Boomerang","Anger"],"picked":"SKIP","floor":25},{"not_picked":["Wild Strike+1","Iron Wave"],"picked":"Blood for Blood","floor":30}],"player_experience":221730,"relics_obtained":[{"floor":7,"key":"Ancient Tea Set"},{"floor":9,"key":"Juzu Bracelet"},{"floor":13,"key":"HornCleat"},{"floor":14,"key":"Shuriken"},{"floor":24,"key":"Lantern"},{"floor":26,"key":"Centennial Puzzle"},{"floor":31,"key":"Nilry\u0027s Codex"}],"event_choices":[{"damage_healed":0,"gold_gain":0,"player_choice":"Bought 1 Potion","damage_taken":0,"max_hp_gain":0,"max_hp_loss":0,"event_name":"The Woman in Blue","floor":2,"gold_loss":0},{"damage_healed":0,"gold_gain":0,"player_choice":"Ignored","damage_taken":0,"max_hp_gain":0,"max_hp_loss":0,"event_name":"NoteForYourself","floor":4,"gold_loss":0},{"cards_removed":["Strike_R"],"damage_healed":0,"gold_gain":0,"player_choice":"Card Removal","damage_taken":0,"max_hp_gain":0,"max_hp_loss":0,"event_name":"The Cleric","floor":11,"gold_loss":50},{"damage_healed":0,"gold_gain":0,"player_choice":"Opened","damage_taken":0,"relics_obtained":["Red Skull"],"max_hp_gain":0,"max_hp_loss":0,"event_name":"The Mausoleum","floor":19,"gold_loss":0,"cards_obtained":["Writhe"]},{"damage_healed":0,"gold_gain":0,"player_choice":"Shed Blood","damage_taken":20,"max_hp_gain":5,"max_hp_loss":0,"event_name":"Forgotten Altar","floor":21,"gold_loss":0},{"damage_healed":0,"gold_gain":0,"player_choice":"Ignored","damage_taken":0,"max_hp_gain":0,"max_hp_loss":0,"event_name":"Ghosts","floor":22,"gold_loss":0},{"cards_removed":["Strike_R"],"damage_healed":0,"gold_gain":0,"player_choice":"Elegance","damage_taken":0,"max_hp_gain":0,"max_hp_loss":0,"event_name":"Back to Basics","floor":28,"gold_loss":0},{"damage_healed":0,"gold_gain":0,"player_choice":"Obtained Book","damage_taken":16,"max_hp_gain":0,"max_hp_loss":0,"event_name":"Cursed Tome","floor":31,"gold_loss":0}],"is_beta":false,"boss_relics":[{"not_picked":["Runic Cube","Mark of Pain"],"picked":"Philosopher\u0027s Stone"}],"items_purged_floors":[20],"is_endless":false,"potions_floor_spawned":[5,24],"killed_by":"Automaton","ascension_level":0}}