{"host":"9h2qrz5zr7xpdj63","time":1612130754,"event":{"mods":["2.2 Compatiblity","AchievementEnabler","BaseMod","Bestiary","Colored Map","Colored Powertips","Highlight Path","Keyboard Shortcuts","Minty Spire (QoL Compilation)","Quick Restart","Relic Stats","StSLib"],"gold_per_floor":[117,137,155,170,180,180,212,212,212,86,101,129,149,183,183,282,282,299,313,326,326,69,69,69,69,140,168,188,217,229,240,240,341,341,354,368,384,384,404,404,51,0,82,82,82],"floor_reached":44,"language":"ENG","playtime":6463,"items_purged":["Strike_R","Strike_R","Spot Weakness"],"score":534,"play_id":"d2a971c7-408b-4bd0-b7a0-f08675f96a11","local_time":"20210131220554","is_ascension_mode":true,"campfire_choices":[{"data":"Shockwave","floor":6.0,"key":"SMITH"},{"data":"Cleave","floor":8.0,"key":"SMITH"},{"data":"Evolve","floor":15.0,"key":"SMITH"},{"data":"Whirlwind","floor":23.0,"key":"SMITH"},{"data":"Flame Barrier","floor":25.0,"key":"SMITH"},{"floor":32.0,"key":"REST"},{"floor":40,"key":"REST"}],"circlet_count":0,"master_deck":["Bash","Cleave+1","Shockwave+1","Spot Weakness","Whirlwind+1","Shrug It Off","Iron Wave","Reaper","Evolve+1","Immolate","Wild Strike+1","Flame Barrier+1","Iron Wave+1","Iron Wave+1","Infernal Blade","Feed","Disarm","Flame Barrier","Carnage","Rage","Dual Wield","Burning Pact","Dropkick","Fire Breathing"],"relics":["Burning Blood","MealTicket","Lantern","Ornamental Fan","Odd Mushroom","Boot","Philosopher\u0027s Stone","OrangePellets","Sundial","Ice Cream","Letter Opener","Pandora\u0027s Box","Strange Spoon","Red Mask"],"acts_visited":["Exordium","TheCity","TheBeyond"],"potions_floor_usage":[37,39,39],"damage_taken":[{"damage":0.0,"enemies":"2 Louse","floor":1.0,"turns":3.0},{"damage":6.0,"enemies":"Cultist","floor":2.0,"turns":4.0},{"damage":2.0,"enemies":"Small Slimes","floor":3.0,"turns":3.0},{"damage":2.0,"enemies":"2 Fungi Beasts","floor":4.0,"turns":3.0},{"damage":0.0,"enemies":"Lots of Slimes","floor":5.0,"turns":1.0},{"damage":15.0,"enemies":"Lagavulin","floor":7.0,"turns":8.0},{"damage":0.0,"enemies":"Large Slime","floor":11.0,"turns":4.0},{"damage":12.0,"enemies":"The Mushroom Lair","floor":12.0,"turns":2.0},{"damage":3.0,"enemies":"Gremlin Gang","floor":13.0,"turns":3.0},{"damage":29.0,"enemies":"Gremlin Nob","floor":14.0,"turns":5.0},{"damage":45.0,"enemies":"Slime Boss","floor":16.0,"turns":13.0},{"damage":14.0,"enemies":"2 Thieves","floor":18.0,"turns":4.0},{"damage":15.0,"enemies":"Shell Parasite","floor":19.0,"turns":4.0},{"damage":6.0,"enemies":"Centurion and Healer","floor":20.0,"turns":4.0},{"damage":49.0,"enemies":"Slavers","floor":27.0,"turns":3.0},{"damage":15.0,"enemies":"Shelled Parasite and Fungi","floor":28.0,"turns":4.0},{"damage":41.0,"enemies":"Gremlin Leader","floor":29.0,"turns":7.0},{"damage":8.0,"enemies":"Snake Plant","floor":30.0,"turns":3.0},{"damage":16.0,"enemies":"Centurion and Healer","floor":31.0,"turns":6.0},{"damage":35.0,"enemies":"Collector","floor":33.0,"turns":8.0},{"damage":31,"enemies":"3 Darklings","floor":35,"turns":3},{"damage":12,"enemies":"Orb Walker","floor":36,"turns":4},{"damage":26,"enemies":"Maw","floor":37,"turns":7},{"damage":74,"enemies":"Writhing Mass","floor":39,"turns":7},{"damage":86,"enemies":"Giant Head","floor":44,"turns":8}],"seed_played":"5518955212764494544","potions_obtained":[{"floor":2.0,"key":"DistilledChaos"},{"floor":4.0,"key":"LiquidBronze"},{"floor":5.0,"key":"Block Potion"},{"floor":7.0,"key":"Weak Potion"},{"floor":16.0,"key":"Explosive Potion"},{"floor":27.0,"key":"SkillPotion"},{"floor":30.0,"key":"Strength Potion"},{"floor":31.0,"key":"BloodPotion"},{"floor":33.0,"key":"Weak Potion"},{"floor":37,"key":"BloodPotion"},{"floor":39,"key":"BlessingOfTheForge"}],"is_trial":false,"path_per_floor":["M","M","M","M","M","R","E","R","T","$","M","?","M","E","R","B",null,"M","M","M","?","$","R","$","R","T","E","M","E","M","M","R","B",null,"M","M","M","?","M","R","$","?","T","E"],"character_chosen":"IRONCLAD","items_purchased":["Iron Wave","OrangePellets","Fire Breathing","Strange Spoon"],"campfire_rested":2,"item_purchase_floors":[10,22,41,41],"current_hp_per_floor":[80,80,80,80,80,80,71,71,71,80,80,74,77,58,58,34,80,80,71,80,80,80,80,80,80,80,53,44,21,19,19,43,19,80,55,64,65,65,13,37,52,52,52,0,0],"gold":82,"neow_bonus":"RANDOM_COMMON_RELIC","is_daily":false,"chose_seed":false,"campfire_upgraded":5,"win_rate":0.0,"timestamp":1612130754,"path_taken":["M","M","M","M","M","R","E","R","T","$","M","?","M","E","R","BOSS","M","M","M","?","$","R","$","R","T","E","M","E","M","M","R","BOSS","M","M","M","?","M","R","$","?","T","E"],"items_purchased_type":["Card","Relic","Card","Relic"],"build_version":"2020-12-22","purchased_purges":3,"victory":false,"max_hp_per_floor":[80,80,80,80,80,80,80,80,80,80,80,80,80,80,80,80,80,80,80,80,80,80,80,80,80,80,80,80,80,80,80,80,80,80,80,80,80,80,80,80,80,80,80,80,80],"relic_stats":{"OrangePellets":[3],"Strange Spoon":[4],"counters":[25,121],"Ornamental Fan":[104],"Sundial":[6],"MealTicket":24,"Pandora\u0027s Box":["Disarm","Flame Barrier","Carnage","Rage","Spot Weakness","Dual Wield","Exhume"],"Letter Opener":[40],"Boot":[43],"obtain_stats":[{"Ice Cream":27,"Lantern":7,"Letter Opener":29,"Odd Mushroom":12,"Boot":14,"Burning Blood":0,"OrangePellets":22,"Strange Spoon":41,"Ornamental Fan":9,"Sundial":26,"MealTicket":0,"Philosopher\u0027s Stone":17,"Pandora\u0027s Box":34,"Red Mask":42},{"Ice Cream":15,"Lantern":6,"Letter Opener":17,"Odd Mushroom":8,"Boot":10,"Burning Blood":0,"OrangePellets":14,"Strange Spoon":24,"Ornamental Fan":6,"Sundial":14,"MealTicket":0,"Philosopher\u0027s Stone":11,"Pandora\u0027s Box":20,"Red Mask":24},{"Ice Cream":64,"Lantern":22,"Letter Opener":75,"Odd Mushroom":28,"Boot":36,"Burning Blood":0,"OrangePellets":61,"Strange Spoon":113,"Ornamental Fan":22,"Sundial":61,"MealTicket":0,"Philosopher\u0027s Stone":49,"Pandora\u0027s Box":92,"Red Mask":113}],"Burning Blood":115},"card_choices":[{"not_picked":["True Grit","Fire Breathing"],"picked":"Cleave","floor":1.0},{"not_picked":["Rupture","True Grit"],"picked":"Shockwave","floor":2.0},{"not_picked":["Reckless Charge","Pommel Strike"],"picked":"Spot Weakness","floor":3.0},{"not_picked":["Perfected Strike","Shrug It Off"],"picked":"Whirlwind","floor":4.0},{"not_picked":["Armaments","Clash"],"picked":"Shrug It Off","floor":5.0},{"not_picked":["Clothesline","Combust","Rampage"],"picked":"SKIP","floor":7.0},{"not_picked":["Headbutt","Body Slam","Perfected Strike"],"picked":"SKIP","floor":11.0},{"not_picked":["Shockwave","Heavy Blade"],"picked":"Reaper","floor":12.0},{"not_picked":["Clash","Headbutt"],"picked":"Evolve","floor":13.0},{"not_picked":["Flex","Searing Blow","Warcry"],"picked":"SKIP","floor":14.0},{"not_picked":["Bludgeon","Offering"],"picked":"Immolate","floor":16.0},{"not_picked":["Evolve","Pommel Strike"],"picked":"Wild Strike+1","floor":18.0},{"not_picked":["Evolve+1","Thunderclap"],"picked":"Flame Barrier","floor":19.0},{"not_picked":["Rage+1","Warcry"],"picked":"Iron Wave+1","floor":20.0},{"not_picked":["Exhume","Body Slam","Dual Wield"],"picked":"SKIP","floor":27.0},{"not_picked":["Clash","Blood for Blood"],"picked":"Infernal Blade","floor":28.0},{"not_picked":["Anger","Perfected Strike","Iron Wave+1"],"picked":"SKIP","floor":29.0},{"not_picked":["Armaments","Wild Strike","Warcry"],"picked":"SKIP","floor":30.0},{"not_picked":["Headbutt","Havoc","Infernal Blade"],"picked":"SKIP","floor":31.0},{"not_picked":["Berserk","Reaper"],"picked":"Feed","floor":33.0},{"not_picked":["Flame Barrier","Clash","Iron Wave+1"],"picked":"SKIP","floor":35},{"not_picked":["Body Slam+1","Twin Strike"],"picked":"Burning Pact","floor":36},{"not_picked":["Armaments","Reaper","Evolve"],"picked":"SKIP","floor":37},{"not_picked":["Pommel Strike","Whirlwind+1"],"picked":"Dropkick","floor":39}],"player_experience":231798,"relics_obtained":[{"floor":7.0,"key":"Lantern"},{"floor":9.0,"key":"Ornamental Fan"},{"floor":12.0,"key":"Odd Mushroom"},{"floor":14.0,"key":"Boot"},{"floor":26.0,"key":"Sundial"},{"floor":27.0,"key":"Ice Cream"},{"floor":29.0,"key":"Letter Opener"}],"event_choices":[{"damage_healed":0.0,"max_hp_gain":0.0,"max_hp_loss":0.0,"gold_gain":0.0,"event_name":"Mushrooms","player_choice":"Fought Mushrooms","floor":12.0,"gold_loss":0.0,"damage_taken":0.0},{"damage_healed":0.0,"max_hp_gain":0.0,"max_hp_loss":0.0,"gold_gain":0.0,"event_name":"Duplicator","player_choice":"Copied","floor":21.0,"gold_loss":0.0,"damage_taken":0.0,"cards_obtained":["Iron Wave"]},{"cards_removed":["Exhume"],"damage_healed":0,"gold_gain":0,"player_choice":"Removed Skill","damage_taken":0,"max_hp_gain":0,"max_hp_loss":0,"event_name":"Falling","floor":38,"gold_loss":0},{"damage_healed":0,"gold_gain":0,"player_choice":"Paid","damage_taken":0,"relics_obtained":["Red Mask"],"max_hp_gain":0,"max_hp_loss":0,"event_name":"Tomb of Lord Red Mask","floor":42,"gold_loss":51}],"is_beta":false,"boss_relics":[{"not_picked":["Tiny House","Fusion Hammer"],"picked":"Philosopher\u0027s Stone"},{"not_picked":["Runic Dome","Runic Cube"],"picked":"Pandora\u0027s Box"}],"items_purged_floors":[10,22,41],"is_endless":false,"potions_floor_spawned":[2,4,5,7,16,27,30,31,33,35,37,39],"killed_by":"Giant Head","ascension_level":3}}