{"host":"hkj1blq6xqcrzx6o","time":1612081254,"event":{"mods":["BaseMod","Downfall","Lobotomy","Minty Spire (QoL Compilation)","Replay The Spire","StSLib","The Cursed","The Servant 0.9.4"],"gold_per_floor":[16,91,101,28,41,41,41,54,79,90,90,107,107,127,127,229,229,204,303,303,303,315,315,334,334,334],"floor_reached":25,"language":"ZHS","playtime":874,"items_purged":[],"score":195,"play_id":"bdfb7920-cbda-47bc-8327-baee07a77484","local_time":"20210131162054","is_ascension_mode":false,"campfire_choices":[{"data":"Rainbow","floor":6,"key":"SMITH"},{"data":"Darkness","floor":11,"key":"SMITH"},{"floor":13,"key":"REST"},{"floor":15,"key":"REST"},{"floor":23,"key":"REST"}],"circlet_count":0,"master_deck":["Strike_B","Strike_B","Strike_B","Strike_B","Defend_B","Defend_B","Defend_B","Defend_B","Zap","Dualcast","Rainbow+1","Genetic Algorithm","White Noise","Glacier","FTL","Darkness+1","Loop","Hello World","Machine Learning","Sweeping Beam","Pot Of Greed","Pot Of Greed","Beam Cell+1","Gash"],"relics":["Cracked Core","Inserter","Grinning Jar","Nloth\u0027s Gift"],"acts_visited":["Exordium","TheCity"],"potions_floor_usage":[16,18,24],"damage_taken":[{"damage":0,"enemies":"2 Louse","floor":1,"turns":1},{"damage":1,"enemies":"Cultist","floor":3,"turns":4},{"damage":11,"enemies":"Jaw Worm","floor":5,"turns":4},{"damage":21,"enemies":"Exordium Thugs","floor":8,"turns":4},{"damage":9,"enemies":"3 Louse","floor":10,"turns":4},{"damage":12,"enemies":"Exordium Wildlife","floor":12,"turns":2},{"damage":15,"enemies":"Looter","floor":14,"turns":3},{"damage":23,"enemies":"The Guardian","floor":16,"turns":7},{"damage":31,"enemies":"2 Thieves","floor":18,"turns":5},{"damage":28,"enemies":"Shell Parasite","floor":22,"turns":6},{"damage":34,"enemies":"Centurion and Healer","floor":24,"turns":9},{"damage":10,"enemies":"Shelled Parasite and Fungi","floor":25,"turns":1}],"seed_played":"-7977934946211985","potions_obtained":[{"floor":1,"key":"Block Potion"},{"floor":3,"key":"Weak Potion"},{"floor":10,"key":"GamblersBrew"},{"floor":14,"key":"Energy Potion"},{"floor":24,"key":"EssenceOfSteel"}],"is_trial":false,"path_per_floor":["M","?","M","$","M","R","?","M","T","M","R","M","R","M","R","B",null,"M","?","T","?","M","R","M","M"],"character_chosen":"DEFECT","items_purchased":["White Noise"],"campfire_rested":3,"item_purchase_floors":[4],"current_hp_per_floor":[75,68,67,67,56,56,75,54,54,45,45,33,55,40,62,39,75,44,44,44,44,16,38,4,0,0],"gold":334,"neow_bonus":"THREE_RARE_CARDS","is_daily":false,"chose_seed":false,"campfire_upgraded":2,"win_rate":0.0,"timestamp":1612081254,"path_taken":["M","?","M","?","M","R","?","M","T","?","R","M","R","M","R","BOSS","M","?","?","?","?","R","M","M"],"items_purchased_type":["Card"],"build_version":"2020-12-22","purchased_purges":0,"victory":false,"max_hp_per_floor":[75,75,75,75,75,75,75,75,75,75,75,75,75,75,75,75,75,75,75,75,75,75,75,75,75,75],"card_choices":[{"not_picked":["Seek","Mirror Shield"],"picked":"Rainbow","floor":0},{"not_picked":["Fusion","Go for the Eyes"],"picked":"Genetic Algorithm","floor":1},{"not_picked":["ReplayTheSpireMod:System Scan","Compile Driver"],"picked":"ReplayTheSpireMod:Calculation Training","floor":3},{"not_picked":["Scrape","Stack"],"picked":"Glacier","floor":5},{"not_picked":["Static Discharge","Hologram"],"picked":"FTL","floor":8},{"not_picked":["ReplaySolidLightProjector","Sweeping Beam"],"picked":"Darkness","floor":10},{"not_picked":["Reinforced Body","Tempest"],"picked":"Loop","floor":12},{"not_picked":["Compile Driver","ReplayTheSpireMod:Repulse"],"picked":"Hello World","floor":14},{"not_picked":["Reboot","Fission"],"picked":"Machine Learning","floor":16},{"not_picked":["Barrage","Stack"],"picked":"Sweeping Beam","floor":18},{"not_picked":["Melter","Ball Lightning+1"],"picked":"Beam Cell+1","floor":22},{"not_picked":["Machine Learning","Compile Driver"],"picked":"Gash","floor":24}],"player_experience":21508,"relics_obtained":[{"floor":9,"key":"Pet Ghost"},{"floor":20,"key":"Grinning Jar"}],"event_choices":[{"damage_healed":0,"gold_gain":75,"player_choice":"Touch","damage_taken":7,"max_hp_gain":0,"max_hp_loss":0,"event_name":"FaceTrader","floor":2,"gold_loss":0},{"cards_removed":["ReplayTheSpireMod:Calculation Training"],"damage_healed":19,"gold_gain":0,"player_choice":"Offered Uncommon","damage_taken":0,"max_hp_gain":0,"max_hp_loss":0,"event_name":"Bonfire Elementals","floor":7,"gold_loss":0},{"damage_healed":0,"gold_gain":99,"player_choice":"Stole From Cult","damage_taken":0,"max_hp_gain":0,"max_hp_loss":0,"event_name":"Nest","floor":19,"gold_loss":0},{"damage_healed":0,"gold_gain":0,"player_choice":"Traded Relic","damage_taken":0,"relics_obtained":["Nloth\u0027s Gift"],"max_hp_gain":0,"max_hp_loss":0,"event_name":"N\u0027loth","floor":21,"relics_lost":["Pet Ghost"],"gold_loss":0}],"is_beta":false,"boss_relics":[{"not_picked":["Tiny House","Astrolabe"],"picked":"Inserter"}],"items_purged_floors":[],"is_endless":false,"potions_floor_spawned":[1,3,10,14,24],"killed_by":"Shelled Parasite and Fungi","ascension_level":0}}