{"host":"kh6fvhxn285ncg0o","time":1612137102,"event":{"mods":["Act Like it!","BaseMod","Colored Map","Friendly Minions","Keyboard Shortcuts","Minty Spire (QoL Compilation)","Quick Restart","Relic Stats","StSLib","SuperFastMode","UnlockEverythingMod"],"gold_per_floor":[115,115,132,132,132,163,163,206,206,240,46,46,84,109,109,208,208,224,248,61,61,61,94,94,94,94],"floor_reached":25,"language":"KOR","playtime":612,"items_purged":["Searing Blow"],"score":490,"play_id":"7790a61e-347e-4b72-b9bd-0a374dc8b170","local_time":"20210201085142","is_ascension_mode":true,"campfire_choices":[{"data":"Bludgeon","floor":7.0,"key":"SMITH"},{"data":"Fire Breathing","floor":15.0,"key":"SMITH"},{"data":"Power Through","floor":24.0,"key":"SMITH"}],"circlet_count":0,"master_deck":["AscendersBane","Strike_R","Strike_R","Defend_R","Defend_R","Defend_R","Defend_R","Bash","Bludgeon+1","Ghostly Armor","Disarm","Battle Trance","Power Through+1","Evolve","Second Wind","Fire Breathing+1","Barricade","Body Slam+1","Necronomicurse"],"relics":["Burning Blood","Golden Idol","Pantograph","Strawberry","Matryoshka","Smiling Mask","Shuriken","The Courier","Molten Egg 2","SlaversCollar","TheAbacus","Necronomicon","Nunchaku"],"acts_visited":["Exordium","TheCity"],"potions_floor_usage":[],"damage_taken":[{"damage":7.0,"enemies":"Jaw Worm","floor":1.0,"turns":2.0},{"damage":6.0,"enemies":"2 Louse","floor":3.0,"turns":3.0},{"damage":32.0,"enemies":"Gremlin Nob","floor":6.0,"turns":4.0},{"damage":10.0,"enemies":"3 Sentries","floor":8.0,"turns":8.0},{"damage":6.0,"enemies":"Gremlin Nob","floor":10.0,"turns":3.0},{"damage":11.0,"enemies":"Lagavulin","floor":13.0,"turns":8.0},{"damage":0.0,"enemies":"Small Slimes","floor":14.0,"turns":4.0},{"damage":23.0,"enemies":"Slime Boss","floor":16.0,"turns":6.0},{"damage":7.0,"enemies":"Shell Parasite","floor":18.0,"turns":6.0},{"damage":0.0,"enemies":"Spheric Guardian","floor":19.0,"turns":4.0},{"damage":27.0,"enemies":"Gremlin Leader","floor":23.0,"turns":7.0},{"damage":45,"enemies":"Slavers","floor":25,"turns":3}],"seed_played":"6147158258511106462","potions_obtained":[{"floor":3.0,"key":"Energy Potion"},{"floor":8.0,"key":"Ancient Potion"},{"floor":10.0,"key":"Explosive Potion"},{"floor":14.0,"key":"Explosive Potion"},{"floor":18.0,"key":"SkillPotion"}],"is_trial":false,"path_per_floor":["M","?","M","?","?","E","R","E","T","E","$","?","E","M","R","B",null,"M","M","$","?","?","E","R","E"],"character_chosen":"IRONCLAD","items_purchased":["Power Through","Evolve","Second Wind","TheAbacus"],"campfire_rested":0,"item_purchase_floors":[11,11,11,20],"current_hp_per_floor":[67,72,72,47,42,23,23,19,19,19,19,12,7,13,13,21,65,64,70,70,49,49,28,28,0,0],"gold":94,"neow_bonus":"TRANSFORM_TWO_CARDS","is_daily":false,"chose_seed":false,"campfire_upgraded":3,"win_rate":0.0,"timestamp":1612137102,"path_taken":["M","?","M","?","?","E","R","E","T","E","$","?","E","M","R","BOSS","M","M","$","?","?","E","R","E"],"items_purchased_type":["Card","Card","Card","Relic"],"build_version":"2020-12-22","purchased_purges":1,"victory":false,"max_hp_per_floor":[68,73,73,73,73,80,80,80,80,80,80,80,80,80,80,80,80,80,80,80,80,80,80,80,80,80],"relic_stats":{"Nunchaku":[0],"TheAbacus":[12],"counters":[12,58],"Golden Idol":70,"Shuriken":[4],"Pantograph":25,"Necronomicon":[5],"Smiling Mask":10,"obtain_stats":[{"Golden Idol":4,"The Courier":10,"Smiling Mask":9,"Burning Blood":0,"SlaversCollar":17,"Nunchaku":23,"Matryoshka":8,"TheAbacus":20,"Shuriken":9,"Pantograph":5,"Strawberry":6,"Molten Egg 2":13,"Necronomicon":21},{"Golden Idol":2,"The Courier":5,"Smiling Mask":4,"Burning Blood":0,"SlaversCollar":8,"Nunchaku":11,"Matryoshka":4,"TheAbacus":10,"Shuriken":4,"Pantograph":2,"Strawberry":3,"Molten Egg 2":6,"Necronomicon":10},{"Golden Idol":5,"The Courier":20,"Smiling Mask":17,"Burning Blood":0,"SlaversCollar":38,"Nunchaku":55,"Matryoshka":17,"TheAbacus":48,"Shuriken":17,"Pantograph":5,"Strawberry":9,"Molten Egg 2":28,"Necronomicon":48}],"Burning Blood":66},"card_choices":[{"not_picked":["Armaments","Thunderclap"],"picked":"Ghostly Armor","floor":3.0},{"not_picked":["Cleave","Iron Wave"],"picked":"Disarm","floor":8.0},{"not_picked":["Sword Boomerang","Havoc"],"picked":"Battle Trance","floor":10.0},{"not_picked":["Clash+1","Barricade"],"picked":"Fire Breathing","floor":13.0},{"not_picked":["Clothesline+1","Twin Strike+1","Armaments"],"picked":"SKIP","floor":14.0},{"not_picked":["Juggernaut","Demon Form"],"picked":"Barricade","floor":16.0},{"not_picked":["Rage","Shrug It Off"],"picked":"Body Slam+1","floor":18.0},{"not_picked":["Pommel Strike+1","Shrug It Off","Thunderclap+1"],"picked":"SKIP","floor":19.0},{"not_picked":["Warcry","Fire Breathing","Second Wind"],"picked":"SKIP","floor":23.0}],"player_experience":1314265,"relics_obtained":[{"floor":6.0,"key":"Strawberry"},{"floor":8.0,"key":"Matryoshka"},{"floor":9.0,"key":"Smiling Mask"},{"floor":9.0,"key":"Shuriken"},{"floor":10.0,"key":"The Courier"},{"floor":13.0,"key":"Molten Egg 2"},{"floor":21.0,"key":"Necronomicon"},{"floor":23.0,"key":"Nunchaku"}],"event_choices":[{"damage_healed":0.0,"max_hp_gain":5.0,"max_hp_loss":0.0,"gold_gain":0.0,"event_name":"Big Fish","player_choice":"Donut","floor":2.0,"gold_loss":0.0,"damage_taken":0.0},{"damage_healed":0.0,"max_hp_gain":0.0,"max_hp_loss":0.0,"gold_gain":0.0,"event_name":"Golden Idol","player_choice":"Take Damage","floor":4.0,"gold_loss":0.0,"damage_taken":25.0,"relics_obtained":["Golden Idol"]},{"damage_healed":0.0,"max_hp_gain":0.0,"max_hp_loss":0.0,"gold_gain":0.0,"event_name":"Scrap Ooze","player_choice":"Success","floor":5.0,"gold_loss":0.0,"damage_taken":5.0,"relics_obtained":["Pantograph"]},{"cards_removed":["Strike_R"],"damage_healed":0.0,"max_hp_gain":0.0,"max_hp_loss":0.0,"gold_gain":0.0,"event_name":"Golden Wing","player_choice":"Card Removal","floor":12.0,"gold_loss":0.0,"damage_taken":7.0},{"damage_healed":0.0,"max_hp_gain":0.0,"max_hp_loss":0.0,"gold_gain":0.0,"event_name":"Cursed Tome","player_choice":"Obtained Book","floor":21.0,"gold_loss":0.0,"damage_taken":21.0}],"is_beta":false,"boss_relics":[{"not_picked":["SacredBark","Pandora\u0027s Box"],"picked":"SlaversCollar"}],"items_purged_floors":[20],"is_endless":false,"potions_floor_spawned":[3,8,10,14,16,18],"killed_by":"Slavers","ascension_level":20}}