{"host":"njcl8kinlkfw245p","time":1612117593,"event":{"mods":["BaseMod","Block Reminder","Colored Map","Googly Eyes","KinomotoSakuraMod(????)","Minty Spire (QoL Compilation)","StSLib","The Senshi","Unceasing Turn Reminder","everything is the same but u backflip on backflip"],"gold_per_floor":[109,109,184,72,91,130,130,149,149,188,238,238,282,300,300,398,398,411,411,104,129,149,149,189,189,189,209,253,253,253,253,253,344,344,364,3,22,40,106,150,150,166,192,245,282,333,345,390,402,414,426,438,19,54,54],"floor_reached":56,"language":"ENG","playtime":4272,"items_purged":["Injury","Pain","theSenshi:SailorBlock"],"score":2473,"play_id":"8f32ea12-e4ef-4208-947b-07dc73faac06","local_time":"20210131102633","is_ascension_mode":true,"campfire_choices":[{"data":"theSenshi:MoonPrincessHalation","floor":7.0,"key":"SMITH"},{"data":"theSenshi:RoseThrow","floor":12.0,"key":"SMITH"},{"data":"theSenshi:MoonCrisisMakeUp","floor":15.0,"key":"SMITH"},{"data":"theSenshi:MoonCosmicPowerMakeUp","floor":23.0,"key":"SMITH"},{"data":"theSenshi:MoonCrystalPowerMakeUp","floor":25.0,"key":"SMITH"},{"data":"theSenshi:MoonCosmicPowerMakeUp","floor":30.0,"key":"SMITH"},{"data":"theSenshi:MoonPrismPowerMakeUp","floor":32.0,"key":"SMITH"},{"data":"1","floor":41.0,"key":"LIFT"},{"data":"theSenshi:SilverMoonCrystalPowerKiss","floor":47.0,"key":"SMITH"},{"floor":49.0,"key":"RECALL"},{"data":"2","floor":52.0,"key":"LIFT"}],"circlet_count":0,"master_deck":["AscendersBane","theSenshi:SailorKick","theSenshi:SailorKick","theSenshi:SailorKick","theSenshi:SailorBlock","theSenshi:SailorBlock","theSenshi:SailorBlock","theSenshi:RoseThrow+1","theSenshi:MoonPrismPowerMakeUp+1","theSenshi:SailorMarsAssists","theSenshi:MoonCrystalPowerMakeUp+1","theSenshi:MoonKick","theSenshi:MoonPrincessHalation+1","theSenshi:MoonHealingEscalation","theSenshi:StudyParty","theSenshi:VenusGlamour","theSenshi:MoonCrisisMakeUp+1","theSenshi:SailorStarHealerAssists","theSenshi:MoonCosmicPowerMakeUp+1","theSenshi:SailorJupiterAssists","theSenshi:MoonCosmicPowerMakeUp+1","theSenshi:SailorMarsAssists+1","theSenshi:SailorChibiMoonAssists+1","theSenshi:InTheNickOfTime+1","theSenshi:SilverMoonCrystalPowerKiss+1","theSenshi:MoonHealingEscalation","theSenshi:MoonHealingEscalation","theSenshi:MoonTiaraMagic","theSenshi:InTheNickOfTime","theSenshi:TuxedoMaskAssists","theSenshi:MoonTiaraMagic+1","theSenshi:MoonCrystalPowerMakeUp"],"relics":["Velvet Choker","Golden Idol","Girya","theSenshi:HolyGrailRelic","Pantograph","Bag of Preparation","theSenshi:EternalSailorFukuRelic","theSenshi:CosmicHeartCompactRelic","MealTicket","Lantern","WarpedTongs","Philosopher\u0027s Stone","theSenshi:CrystalStarRelic","Calipers","Boot","MawBank","Dream Catcher","Mercury Hourglass","Bottled Lightning","theSenshi:SuperSailorFukuRelic","Pocketwatch"],"acts_visited":["Exordium","TheCity","TheBeyond","TheEnding"],"potions_floor_usage":[55,55],"damage_taken":[{"damage":0.0,"enemies":"Small Slimes","floor":1.0,"turns":4.0},{"damage":8.0,"enemies":"2 Louse","floor":5.0,"turns":3.0},{"damage":18.0,"enemies":"Lagavulin","floor":6.0,"turns":6.0},{"damage":0.0,"enemies":"Cultist","floor":8.0,"turns":3.0},{"damage":12.0,"enemies":"3 Sentries","floor":10.0,"turns":7.0},{"damage":0.0,"enemies":"Lagavulin","floor":13.0,"turns":4.0},{"damage":0.0,"enemies":"Red Slaver","floor":14.0,"turns":4.0},{"damage":0.0,"enemies":"The Guardian","floor":16.0,"turns":7.0},{"damage":2.0,"enemies":"Shell Parasite","floor":18.0,"turns":4.0},{"damage":0.0,"enemies":"Chosen","floor":21.0,"turns":3.0},{"damage":0.0,"enemies":"Snake Plant","floor":22.0,"turns":4.0},{"damage":0.0,"enemies":"Slavers","floor":24.0,"turns":6.0},{"damage":0.0,"enemies":"3 Cultists","floor":27.0,"turns":5.0},{"damage":0.0,"enemies":"Book of Stabbing","floor":28.0,"turns":6.0},{"damage":28.0,"enemies":"Collector","floor":33.0,"turns":10.0},{"damage":5.0,"enemies":"3 Darklings","floor":35.0,"turns":4.0},{"damage":3.0,"enemies":"Orb Walker","floor":37.0,"turns":4.0},{"damage":5.0,"enemies":"3 Darklings","floor":38.0,"turns":7.0},{"damage":0.0,"enemies":"2 Orb Walkers","floor":39.0,"turns":3.0},{"damage":47.0,"enemies":"Reptomancer","floor":40.0,"turns":5.0},{"damage":0.0,"enemies":"Spire Growth","floor":42.0,"turns":4.0},{"damage":0.0,"enemies":"Giant Head","floor":44.0,"turns":7.0},{"damage":16.0,"enemies":"Jaw Worm Horde","floor":45.0,"turns":4.0},{"damage":30.0,"enemies":"Reptomancer","floor":46.0,"turns":6.0},{"damage":0.0,"enemies":"Giant Head","floor":48.0,"turns":6.0},{"damage":28.0,"enemies":"Awakened One","floor":50.0,"turns":9.0},{"damage":0.0,"enemies":"Shield and Spear","floor":54.0,"turns":6.0},{"damage":104,"enemies":"The Heart","floor":55,"turns":10}],"seed_played":"-4450531204575108728","potions_obtained":[{"floor":1.0,"key":"LiquidMemories"},{"floor":10.0,"key":"Swift Potion"},{"floor":16.0,"key":"ColorlessPotion"},{"floor":22.0,"key":"Fruit Juice"},{"floor":24.0,"key":"EntropicBrew"},{"floor":44.0,"key":"Fruit Juice"},{"floor":46.0,"key":"SpeedPotion"},{"floor":48.0,"key":"PowerPotion"},{"floor":54.0,"key":"DuplicationPotion"}],"is_trial":false,"path_per_floor":["M","?","?","$","M","E","R","M","T","E","?","R","E","M","R","B",null,"M","?","$","M","M","R","E","R","T","M","E","$","R","?","R","B",null,"M","$","M","M","?","E","R","M","T","E","M","E","R","E","R","B",null,"R","$","E","B",null],"character_chosen":"THE_SENSHI","items_purchased":["theSenshi:MoonCrystalPowerMakeUp","theSenshi:CosmicHeartCompactRelic","theSenshi:SailorJupiterAssists","theSenshi:MoonCosmicPowerMakeUp","theSenshi:CrystalStarRelic","theSenshi:MoonHealingEscalation","theSenshi:MoonCrystalPowerMakeUp","theSenshi:SuperSailorFukuRelic"],"campfire_rested":0,"item_purchase_floors":[4,20,20,20,36,36,53,53],"current_hp_per_floor":[68,68,57,57,49,31,31,31,31,24,24,24,34,39,39,74,75,75,75,75,75,75,75,75,75,75,75,75,75,75,75,75,57,71,70,75,75,75,75,49,49,80,80,80,76,66,66,85,85,70,81,81,85,85,51],"gold":54,"neow_bonus":"BOSS_RELIC","is_daily":false,"chose_seed":false,"campfire_upgraded":8,"win_rate":0.0,"timestamp":1612117593,"path_taken":["M","?","?","$","M","E","R","M","T","E","?","R","E","M","R","BOSS","M","?","$","M","M","R","E","R","T","?","E","$","R","?","R","BOSS","M","$","M","M","?","E","R","M","T","E","M","E","R","E","R","BOSS","R","$","E","BOSS"],"items_purchased_type":["Card","Relic","Card","Card","Relic","Card","Card","Relic"],"build_version":"2020-12-22","purchased_purges":3,"victory":true,"max_hp_per_floor":[75,75,75,75,75,75,75,75,75,75,75,75,75,75,75,75,75,75,75,75,75,75,75,75,75,75,75,75,75,75,75,75,75,75,75,75,75,75,75,80,80,80,80,80,80,80,80,85,85,85,85,85,85,85,85],"card_choices":[{"not_picked":["theSenshi:OdangoHead","theSenshi:HesSoDreamy"],"picked":"theSenshi:SailorMarsAssists","floor":1.0},{"not_picked":["theSenshi:GatheringStrength","theSenshi:MoonPower"],"picked":"theSenshi:MoonKick","floor":5.0},{"not_picked":["theSenshi:SchoolBag","theSenshi:UranusStrength"],"picked":"theSenshi:MoonPrincessHalation","floor":6.0},{"not_picked":["theSenshi:MoonPower","theSenshi:MarsPride"],"picked":"theSenshi:MoonHealingEscalation","floor":8.0},{"not_picked":["theSenshi:MercurysCunning","theSenshi:TuxedoMaskAssists"],"picked":"theSenshi:StudyParty","floor":10.0},{"not_picked":["theSenshi:LunasBite","theSenshi:SchoolBag"],"picked":"theSenshi:VenusGlamour","floor":13.0},{"not_picked":["theSenshi:SailorJupiterAssists","theSenshi:TallSilhouette"],"picked":"theSenshi:MoonCrisisMakeUp","floor":14.0},{"not_picked":["theSenshi:ChibiMoonsLove","theSenshi:InTheNameOfTheMoon"],"picked":"theSenshi:SailorStarHealerAssists","floor":16.0},{"not_picked":["theSenshi:SailorChibiMoonAssists","theSenshi:SailorVenusAssists"],"picked":"theSenshi:MoonCosmicPowerMakeUp","floor":18.0},{"not_picked":["theSenshi:LateForSchool","theSenshi:SailorMercuryAssists"],"picked":"theSenshi:SailorMarsAssists+1","floor":21.0},{"not_picked":["theSenshi:MoonPrincessHalation","theSenshi:MoonSpiralHeartAttack"],"picked":"theSenshi:SailorChibiMoonAssists+1","floor":22.0},{"not_picked":["theSenshi:MoonPunch+1","theSenshi:MoonPrincessHalation"],"picked":"theSenshi:InTheNickOfTime+1","floor":24.0},{"not_picked":["theSenshi:SailorChibiMoonAssists","theSenshi:MoonsReflection","theSenshi:SailorUranusAssists"],"picked":"SKIP","floor":27.0},{"not_picked":["theSenshi:MoonPower","theSenshi:RainbowMoonHeartAche","theSenshi:OdangoHead"],"picked":"SKIP","floor":28.0},{"not_picked":["theSenshi:StudyParty","theSenshi:SailorCosmosAssists"],"picked":"theSenshi:SilverMoonCrystalPowerKiss","floor":33.0},{"not_picked":["theSenshi:YouCanTalk","theSenshi:GatheringStrength"],"picked":"theSenshi:MoonHealingEscalation","floor":35.0},{"not_picked":["theSenshi:SailorChibiMoonAssists","theSenshi:TallSilhouette"],"picked":"theSenshi:MoonTiaraMagic","floor":37.0},{"not_picked":["theSenshi:TallSilhouette","theSenshi:KlutzyLuck","theSenshi:MoonPrincessHalation"],"picked":"SKIP","floor":38.0},{"not_picked":["theSenshi:PlutosSolemnity+1","theSenshi:TuxedoSmokingBomber","theSenshi:MoonPower"],"picked":"SKIP","floor":40.0},{"not_picked":["theSenshi:SupersonicWaves+1","theSenshi:LateForSchool"],"picked":"theSenshi:InTheNickOfTime","floor":42.0},{"not_picked":["theSenshi:TuxedoSmokingBomber","theSenshi:RainbowMoonHeartAche","theSenshi:MoonTwilightFlash"],"picked":"SKIP","floor":44.0},{"not_picked":["theSenshi:Sidestep+1","theSenshi:KlutzyLuck"],"picked":"theSenshi:TuxedoMaskAssists","floor":45.0},{"not_picked":["theSenshi:SailorV","theSenshi:MoonsReflection"],"picked":"theSenshi:MoonTiaraMagic+1","floor":46.0},{"not_picked":["theSenshi:VenusGlamour","theSenshi:SailorPlanetPower+1","theSenshi:SailorNeptuneAssists+1"],"picked":"SKIP","floor":48.0},{"not_picked":["theSenshi:InTheNickOfTime","theSenshi:SailorUranusAssists","theSenshi:SilverMoonCrystalPowerKiss"],"picked":"SKIP","floor":54.0}],"player_experience":934162,"relics_obtained":[{"floor":6.0,"key":"Girya"},{"floor":9.0,"key":"theSenshi:HolyGrailRelic"},{"floor":10.0,"key":"Pantograph"},{"floor":13.0,"key":"Bag of Preparation"},{"floor":24.0,"key":"MealTicket"},{"floor":28.0,"key":"Lantern"},{"floor":39.0,"key":"Calipers"},{"floor":40.0,"key":"Boot"},{"floor":43.0,"key":"MawBank"},{"floor":44.0,"key":"Dream Catcher"},{"floor":46.0,"key":"Mercury Hourglass"},{"floor":48.0,"key":"Bottled Lightning"},{"floor":54.0,"key":"Pocketwatch"}],"event_choices":[{"damage_healed":0.0,"max_hp_gain":0.0,"max_hp_loss":0.0,"gold_gain":0.0,"event_name":"Golden Idol","player_choice":"Take Wound","floor":2.0,"gold_loss":0.0,"damage_taken":0.0,"relics_obtained":["Golden Idol"],"cards_obtained":["Injury"]},{"damage_healed":0.0,"max_hp_gain":0.0,"max_hp_loss":0.0,"gold_gain":75.0,"event_name":"World of Goop","player_choice":"Gather Gold","floor":3.0,"gold_loss":0.0,"damage_taken":11.0},{"damage_healed":0.0,"max_hp_gain":0.0,"max_hp_loss":0.0,"gold_gain":50.0,"event_name":"Golden Shrine","player_choice":"Pray","floor":11.0,"gold_loss":0.0,"damage_taken":0.0},{"cards_removed":["theSenshi:SailorKick"],"damage_healed":0.0,"max_hp_gain":0.0,"max_hp_loss":0.0,"gold_gain":0.0,"event_name":"Purifier","player_choice":"Purged","floor":19.0,"gold_loss":0.0,"damage_taken":0.0},{"damage_healed":0.0,"max_hp_gain":0.0,"max_hp_loss":0.0,"gold_gain":0.0,"event_name":"Accursed Blacksmith","player_choice":"Rummage","floor":31.0,"gold_loss":0.0,"damage_taken":0.0,"relics_obtained":["WarpedTongs"],"cards_obtained":["Pain"]},{"damage_healed":0.0,"max_hp_gain":0.0,"max_hp_loss":0.0,"gold_gain":0.0,"event_name":"Mysterious Sphere","player_choice":"Fight","floor":39.0,"gold_loss":0.0,"damage_taken":0.0}],"is_beta":false,"boss_relics":[{"not_picked":["Snecko Eye","Runic Pyramid"],"picked":"theSenshi:EternalSailorFukuRelic"},{"not_picked":["Calling Bell","SlaversCollar"],"picked":"Philosopher\u0027s Stone"}],"items_purged_floors":[4,36,53],"is_endless":false,"potions_floor_spawned":[1,10,16,22,24,44,46,48,54],"ascension_level":16}}