{"host":"u1dfzl6o6mfmauc3","time":1612099533,"event":{"mods":["2.2 Compatiblity","AchievementEnabler","BaseMod","Bestiary","Block Reminder","Challenge The Spire","Colored Map","Dark Map","Hermit","Minty Spire (QoL Compilation)","Random Character Button","Rare Cards Sparkle","Relic Stats","Robot Space Explorer","StSLib","The Disciple"],"gold_per_floor":[112,123,123,135,146,190,216,216,274,574,622,622,622,622,35,63,63,167,167,187,216,216,229,277,277,311,311,13,13,26,49,76,86,86,185,194,234,234,234,234,341,341,365,44,66,75,98,98,49,88,88,88,116,116,128,128,128,128,128,128,128,26,68,75,75],"floor_reached":64,"language":"ENG","playtime":2894,"items_purged":["hermit:Strike_Hermit"],"score":989,"play_id":"a6f9736c-13f4-4257-8b12-9b4d3d6448ef","local_time":"20210131082533","is_ascension_mode":true,"campfire_choices":[{"floor":8,"key":"REST"},{"data":"hermit:CursedWeapon","floor":12,"key":"SMITH"},{"data":"hermit:BlackWind","floor":14,"key":"SMITH"},{"floor":17,"key":"REST"},{"floor":25,"key":"RECALL"},{"floor":27,"key":"REST"},{"floor":29,"key":"REST"},{"floor":34,"key":"REST"},{"floor":39,"key":"REST"},{"floor":40,"key":"REST"}],"circlet_count":0,"master_deck":["hermit:Strike_Hermit","hermit:Strike_Hermit","hermit:Defend_Hermit","hermit:Defend_Hermit+1","hermit:Defend_Hermit","hermit:Defend_Hermit","hermit:Snapshot","hermit:Covet","hermit:WideOpen+1","hermit:Midnight","hermit:EyeOfTheStorm","hermit:TrackingShot","hermit:BlackWind+1","hermit:CursedWeapon+1","hermit:Deadeye","hermit:Determination","hermit:Coalescence","hermit:Adapt","hermit:Cheat","hermit:FlashPowder","Necronomicurse","hermit:FromBeyond","hermit:HeroicBravado","hermit:Glare+1","Thinking Ahead","hermit:GhostlyPresence+1","hermit:Malice","hermit:Spite","hermit:Scavenge+1","hermit:GoldenBullet+1"],"relics":["hermit:BartenderGlass","CeramicFish","Centennial Puzzle","Old Coin","Potion Belt","Gambling Chip","Lizard Tail","Fusion Hammer","FossilizedHelix","Turnip","Ancient Tea Set","Orichalcum","Necronomicon","Bottled Flame","Bottled Lightning","Coffee Dripper","Lantern","War Paint","HornCleat","hermit:Spyglass"],"acts_visited":["Exordium","TheCity","TheBeyond","TheEnding"],"potions_floor_usage":[7,7,9,9,9,18,18,18,18,20,23,24,26,26,26,30,37,37,41,41,41,41,47,50,53,53,53,55,55,57,59,59,59,59,63,63,63,63,64,64,64,64],"damage_taken":[{"damage":7,"enemies":"Small Slimes","floor":1,"turns":4},{"damage":0,"enemies":"Jaw Worm","floor":2,"turns":3},{"damage":0,"enemies":"2 Louse","floor":4,"turns":2},{"damage":7,"enemies":"Exordium Thugs","floor":5,"turns":6},{"damage":30,"enemies":"Lagavulin","floor":6,"turns":6},{"damage":8,"enemies":"Lots of Slimes","floor":7,"turns":4},{"damage":2,"enemies":"3 Sentries","floor":9,"turns":6},{"damage":4,"enemies":"Large Slime","floor":16,"turns":2},{"damage":19,"enemies":"The Guardian","floor":18,"turns":9},{"damage":14,"enemies":"Shell Parasite","floor":20,"turns":4},{"damage":9,"enemies":"2 Thieves","floor":21,"turns":4},{"damage":2,"enemies":"Centurion and Healer","floor":23,"turns":3},{"damage":2,"enemies":"Shelled Parasite and Fungi","floor":24,"turns":1},{"damage":9,"enemies":"Book of Stabbing","floor":26,"turns":4},{"damage":2,"enemies":"Snake Plant","floor":30,"turns":2},{"damage":0,"enemies":"Snecko","floor":33,"turns":5},{"damage":40,"enemies":"Gremlin Leader","floor":37,"turns":8},{"damage":59,"enemies":"Automaton","floor":41,"turns":7},{"damage":17,"enemies":"3 Darklings","floor":43,"turns":7},{"damage":3,"enemies":"3 Shapes","floor":45,"turns":6},{"damage":0,"enemies":"Spire Growth","floor":47,"turns":2},{"damage":3,"enemies":"Nemesis","floor":50,"turns":6},{"damage":0,"enemies":"Maw","floor":53,"turns":5},{"damage":0,"enemies":"4 Shapes","floor":55,"turns":4},{"damage":0,"enemies":"Writhing Mass","floor":57,"turns":1},{"damage":56,"enemies":"Donu and Deca","floor":59,"turns":12},{"damage":30,"enemies":"Shield and Spear","floor":63,"turns":5},{"damage":41,"enemies":"The Heart","floor":64,"turns":6}],"seed_played":"-7803948949585364191","potions_obtained":[{"floor":6,"key":"BlessingOfTheForge"},{"floor":7,"key":"Strength Potion"},{"floor":21,"key":"DistilledChaos"},{"floor":23,"key":"SneckoOil"},{"floor":26,"key":"Block Potion"},{"floor":43,"key":"Strength Potion"},{"floor":47,"key":"Ancient Potion"},{"floor":50,"key":"Fire Potion"},{"floor":53,"key":"LiquidBronze"},{"floor":55,"key":"DistilledChaos"}],"is_trial":false,"path_per_floor":["M","M","?","M","M","E","M","R","E","T","T","R","?","R","$","M","R","B",null,"M","M","?","M","M","R","E","R","$","R","M","T","T","M","R","?","?","E","T","R","R","B",null,"M","$","M","?","M","R","$","E","T","T","M","R","M","R","M","R","B",null,"R","$","E","B"],"character_chosen":"HERMIT","items_purchased":["Lizard Tail","hermit:Determination","Regen Potion","DuplicationPotion","Turnip","Thinking Ahead","Lantern","ColorlessPotion","Swift Potion","ColorlessPotion"],"campfire_rested":7,"item_purchase_floors":[15,15,15,15,28,44,44,49,62,62],"current_hp_per_floor":[68,68,68,68,61,31,28,52,50,50,50,50,43,43,43,39,63,44,71,66,57,57,55,53,53,44,68,68,80,78,78,78,78,80,80,64,24,24,48,72,13,63,46,46,43,43,43,43,43,40,40,40,40,40,40,40,40,40,40,70,70,70,40,0,0],"gold":75,"neow_bonus":"BOSS_RELIC","is_daily":false,"chose_seed":false,"campfire_upgraded":2,"win_rate":0.0,"timestamp":1612099533,"path_taken":["M","M","?","M","M","E","M","R","E","T","T","R","?","R","$","M","R","BOSS","M","M","?","M","M","R","E","R","$","R","M","T","T","M","R","?","?","E","?","R","R","BOSS","M","$","M","?","M","R","$","E","T","T","M","R","M","R","M","R","BOSS","R","$","E","BOSS"],"items_purchased_type":["Relic","Card","Potion","Potion","Relic","Card","Relic","Potion","Potion","Potion"],"build_version":"2020-12-22","purchased_purges":1,"victory":false,"max_hp_per_floor":[75,75,75,75,75,75,80,80,80,80,80,80,80,80,80,80,80,80,80,80,80,80,80,80,80,80,80,80,80,80,80,80,80,80,80,80,80,80,80,80,80,80,80,80,80,80,80,80,80,80,80,80,80,80,80,80,80,80,80,80,80,80,80,80,80],"relic_stats":{"Centennial Puzzle":[48],"Lizard Tail":40,"counters":[28,134],"CeramicFish":162,"Gambling Chip":[28],"Turnip":[6],"Necronomicon":[19],"Orichalcum":[96],"War Paint":["hermit:Defend_Hermit","hermit:Scavenge"],"obtain_stats":[{"Potion Belt":11,"Lantern":44,"CeramicFish":6,"Orichalcum":32,"War Paint":50,"Ancient Tea Set":31,"Old Coin":10,"Centennial Puzzle":9,"Lizard Tail":15,"Bottled Flame":37,"HornCleat":51,"Gambling Chip":13,"hermit:BartenderGlass":0,"Fusion Hammer":19,"Turnip":28,"Necronomicon":36,"Coffee Dripper":42,"Bottled Lightning":38,"hermit:Momento":0,"FossilizedHelix":26,"hermit:Spyglass":63},{"Potion Belt":7,"Lantern":19,"CeramicFish":5,"Orichalcum":15,"War Paint":22,"Ancient Tea Set":15,"Old Coin":7,"Centennial Puzzle":7,"Lizard Tail":7,"Bottled Flame":17,"HornCleat":22,"Gambling Chip":7,"hermit:BartenderGlass":0,"Fusion Hammer":9,"Turnip":14,"Necronomicon":16,"Coffee Dripper":18,"Bottled Lightning":17,"hermit:Momento":0,"FossilizedHelix":14,"hermit:Spyglass":27},{"Potion Belt":31,"Lantern":87,"CeramicFish":21,"Orichalcum":60,"War Paint":101,"Ancient Tea Set":60,"Old Coin":31,"Centennial Puzzle":31,"Lizard Tail":31,"Bottled Flame":73,"HornCleat":101,"Gambling Chip":31,"hermit:BartenderGlass":0,"Fusion Hammer":42,"Turnip":58,"Necronomicon":65,"Coffee Dripper":80,"Bottled Lightning":73,"hermit:Momento":0,"FossilizedHelix":58,"hermit:Spyglass":128}]},"card_choices":[{"not_picked":["hermit:Roulette","hermit:LuckOfTheDraw"],"picked":"hermit:WideOpen","floor":1},{"not_picked":["hermit:FullyLoaded","hermit:LoneWolf"],"picked":"hermit:Midnight","floor":2},{"not_picked":["hermit:Showdown","hermit:TakeCover"],"picked":"hermit:EyeOfTheStorm","floor":4},{"not_picked":["hermit:Desperado","hermit:Misfire"],"picked":"hermit:TrackingShot","floor":5},{"not_picked":["hermit:HighCaliber","hermit:TrackingShot"],"picked":"hermit:BlackWind","floor":6},{"not_picked":["hermit:Roulette","hermit:Spite"],"picked":"hermit:CursedWeapon","floor":7},{"not_picked":["hermit:LowProfile","hermit:FinalCanter"],"picked":"hermit:Deadeye","floor":9},{"not_picked":["hermit:ItchyTrigger","hermit:Cheat"],"picked":"hermit:Coalescence","floor":16},{"not_picked":["hermit:Magnum","hermit:DeadOrAlive"],"picked":"hermit:Adapt","floor":18},{"not_picked":["hermit:BodyArmor","hermit:HighCaliber","hermit:TrackingShot"],"picked":"SKIP","floor":20},{"not_picked":["hermit:ShadowCloak","hermit:Roulette"],"picked":"hermit:Cheat","floor":21},{"not_picked":["hermit:TrackingShot","hermit:Desperado+1","hermit:Spite"],"picked":"SKIP","floor":23},{"not_picked":["hermit:HoleUp","hermit:TakeCover"],"picked":"hermit:FlashPowder","floor":24},{"not_picked":["hermit:Ricochet","hermit:Vantage","hermit:Misfire"],"picked":"SKIP","floor":26},{"not_picked":["hermit:Deadeye+1","hermit:HoleUp","hermit:Dive"],"picked":"SKIP","floor":30},{"not_picked":["hermit:Shortfuse+1","hermit:ItchyTrigger","hermit:CalledShot"],"picked":"SKIP","floor":33},{"not_picked":["hermit:BodyArmor","hermit:BigShot+1"],"picked":"hermit:FromBeyond","floor":37},{"not_picked":["hermit:DeadOrAlive","hermit:Magnum"],"picked":"hermit:HeroicBravado","floor":41},{"not_picked":["hermit:CalledShot+1","hermit:SprayPray+1"],"picked":"hermit:Glare+1","floor":43},{"not_picked":["hermit:Feint","hermit:Dive"],"picked":"hermit:GhostlyPresence+1","floor":45},{"not_picked":["hermit:Showdown+1","hermit:TrackingShot+1"],"picked":"hermit:Spite","floor":47},{"not_picked":["hermit:FromBeyond","hermit:LowProfile+1"],"picked":"hermit:Scavenge","floor":50},{"not_picked":["hermit:Grudge","hermit:WideOpen"],"picked":"hermit:GoldenBullet+1","floor":53},{"not_picked":["hermit:Misfire+1","hermit:Midnight","hermit:TakeAim"],"picked":"SKIP","floor":55},{"not_picked":["hermit:Headshot","hermit:TrackingShot+1","hermit:CursedWeapon+1"],"picked":"SKIP","floor":63}],"player_experience":208112,"relics_obtained":[{"floor":6,"key":"CeramicFish"},{"floor":9,"key":"Centennial Puzzle"},{"floor":10,"key":"Old Coin"},{"floor":11,"key":"Potion Belt"},{"floor":26,"key":"FossilizedHelix"},{"floor":31,"key":"Ancient Tea Set"},{"floor":32,"key":"Orichalcum"},{"floor":36,"key":"Necronomicon"},{"floor":37,"key":"Bottled Flame"},{"floor":38,"key":"Bottled Lightning"},{"floor":50,"key":"War Paint"},{"floor":51,"key":"HornCleat"},{"floor":63,"key":"hermit:Spyglass"}],"event_choices":[{"damage_healed":0,"gold_gain":0,"player_choice":"Grow","damage_taken":0,"max_hp_gain":0,"max_hp_loss":0,"event_name":"Living Wall","floor":3,"gold_loss":0,"cards_upgraded":["hermit:WideOpen"]},{"damage_healed":0,"gold_gain":0,"player_choice":"Success","damage_taken":7,"relics_obtained":["Gambling Chip"],"max_hp_gain":0,"max_hp_loss":0,"event_name":"Scrap Ooze","floor":13,"gold_loss":0},{"damage_healed":0,"gold_gain":0,"player_choice":"Ignored","damage_taken":0,"max_hp_gain":0,"max_hp_loss":0,"event_name":"Vampires","floor":22,"gold_loss":0},{"damage_healed":0,"gold_gain":99,"player_choice":"Stole From Cult","damage_taken":0,"max_hp_gain":0,"max_hp_loss":0,"event_name":"Nest","floor":35,"gold_loss":0},{"damage_healed":0,"gold_gain":0,"player_choice":"Obtained Book","damage_taken":16,"max_hp_gain":0,"max_hp_loss":0,"event_name":"Cursed Tome","floor":36,"gold_loss":0},{"damage_healed":0,"gold_gain":0,"cards_transformed":["hermit:Strike_Hermit"],"player_choice":"Transformed","damage_taken":0,"max_hp_gain":0,"max_hp_loss":0,"event_name":"Transmorgrifier","floor":46,"gold_loss":0,"cards_obtained":["hermit:Malice"]}],"is_beta":false,"boss_relics":[{"not_picked":["Astrolabe","Black Star"],"picked":"Fusion Hammer"},{"not_picked":["Velvet Choker","Tiny House"],"picked":"Coffee Dripper"}],"items_purged_floors":[15],"is_endless":false,"potions_floor_spawned":[6,7,21,23,26,43,47,50,53,55],"killed_by":"The Heart","ascension_level":5}}