{"host":"42xf941fomyavgzy","time":1612059423,"event":{"mods":["Act Like it!","Astrologer","BaseMod","Colored Map","Minty Spire (QoL Compilation)","Shop Mod","StSLib","SuperFastMode","The Cursed"],"gold_per_floor":[111,111,128,141,40,40,215,215,265,276,302,318,331,364,364,464,464,480,579,579,595,609,637,637,205,231,231,243,257,286,299,299,299,299],"floor_reached":33,"language":"JPN","playtime":2497,"items_purged":["astrologer:Strike","astrologer:Strike"],"score":299,"play_id":"0d19a1c3-f4bb-4e13-b490-b5277b6f63d5","local_time":"20210131111703","is_ascension_mode":false,"campfire_choices":[{"data":"astrologer:Eclipse","floor":6,"key":"SMITH"},{"data":"astrologer:TheSun","floor":8,"key":"SMITH"},{"floor":15,"key":"REST"},{"floor":24,"key":"REST"},{"data":"Apotheosis","floor":27,"key":"SMITH"},{"floor":32,"key":"REST"}],"circlet_count":0,"master_deck":["astrologer:Strike","astrologer:Strike","astrologer:Defend","astrologer:Defend","astrologer:Defend","astrologer:Defend","astrologer:NorthStar","astrologer:TheFool","astrologer:TheSun+1","astrologer:TheHighPriestess","astrologer:Sunrise","astrologer:Opposition","astrologer:Eclipse+1","Doubt","astrologer:Retelling","astrologer:GlassStar","astrologer:Stardust","astrologer:TheHierophant","astrologer:Fireball","astrologer:Trine","astrologer:CometStrike+1","astrologer:Trine","astrologer:Glimpse","astrologer:Moonlight","Apotheosis+1","astrologer:CosmicExpanse","astrologer:Moonlight+1","astrologer:StarOfChange","astrologer:Temperance+1"],"relics":["astrologer:SkyMirror","Smiling Mask","Lizard Tail","Shuriken","Velvet Choker","MealTicket","Toy Ornithopter","Strawberry","Pantograph"],"acts_visited":["Exordium","TheCity"],"potions_floor_usage":[14,16,30,33],"damage_taken":[{"damage":7,"enemies":"Small Slimes","floor":1,"turns":3},{"damage":3,"enemies":"Jaw Worm","floor":3,"turns":4},{"damage":0,"enemies":"2 Louse","floor":4,"turns":2},{"damage":2,"enemies":"Blue Slaver","floor":10,"turns":3},{"damage":13,"enemies":"3 Sentries","floor":11,"turns":5},{"damage":20,"enemies":"Exordium Thugs","floor":12,"turns":5},{"damage":0,"enemies":"Looter","floor":13,"turns":4},{"damage":18,"enemies":"Gremlin Nob","floor":14,"turns":5},{"damage":61,"enemies":"Hexaghost","floor":16,"turns":15},{"damage":2,"enemies":"Shell Parasite","floor":18,"turns":6},{"damage":8,"enemies":"Spheric Guardian","floor":21,"turns":4},{"damage":35,"enemies":"Snake Plant","floor":22,"turns":3},{"damage":40,"enemies":"Book of Stabbing","floor":23,"turns":5},{"damage":8,"enemies":"Cultist and Chosen","floor":28,"turns":7},{"damage":9,"enemies":"Shelled Parasite and Fungi","floor":29,"turns":6},{"damage":7,"enemies":"Slavers","floor":30,"turns":4},{"damage":19,"enemies":"Centurion and Healer","floor":31,"turns":5},{"damage":83,"enemies":"Automaton","floor":33,"turns":10}],"seed_played":"3067481783154920503","potions_obtained":[{"floor":4,"key":"Ancient Potion"},{"floor":11,"key":"EssenceOfSteel"},{"floor":12,"key":"LiquidMemories"},{"floor":21,"key":"FairyPotion"},{"floor":29,"key":"LiquidMemories"},{"floor":30,"key":"SpeedPotion"}],"is_trial":false,"path_per_floor":["M","?","M","M","$","R","?","R","T","M","E","M","M","E","R","B",null,"M","?","?","M","M","E","R","$","T","R","M","M","E","M","R","B"],"character_chosen":"ASTROLOGER","items_purchased":["astrologer:Eclipse","Apotheosis","Toy Ornithopter","astrologer:CosmicExpanse"],"campfire_rested":3,"item_purchase_floors":[5,25,25,25],"current_hp_per_floor":[63,68,65,65,65,65,65,65,65,63,50,30,30,12,34,11,75,73,73,73,65,30,16,38,53,60,60,52,43,41,22,46,0,0],"gold":299,"neow_bonus":"ONE_RANDOM_RARE_CARD","is_daily":false,"chose_seed":false,"campfire_upgraded":3,"win_rate":0.0,"timestamp":1612059423,"path_taken":["M","?","M","M","$","R","?","R","T","M","E","M","M","E","R","BOSS","M","?","?","?","M","E","R","$","T","R","M","M","E","M","R","BOSS"],"items_purchased_type":["Card","Card","Relic","Card"],"build_version":"2020-12-22","purchased_purges":2,"victory":false,"max_hp_per_floor":[70,75,75,75,75,75,75,75,75,75,75,75,75,75,75,75,75,75,75,75,75,75,75,75,75,82,82,82,82,82,82,82,82,82],"card_choices":[{"not_picked":["astrologer:Moonlight","astrologer:Still"],"picked":"astrologer:TheHighPriestess","floor":1},{"not_picked":["astrologer:Radiance","astrologer:ReadTheStars"],"picked":"astrologer:Sunrise","floor":3},{"not_picked":["astrologer:ReadTheStars","astrologer:SolarFlare"],"picked":"astrologer:Opposition","floor":4},{"not_picked":["astrologer:Still","astrologer:FrozenStar"],"picked":"astrologer:Retelling","floor":10},{"not_picked":["astrologer:Stardust","astrologer:Opposition"],"picked":"astrologer:GlassStar","floor":11},{"not_picked":["astrologer:TheMagician","astrologer:Eclipse"],"picked":"astrologer:Stardust","floor":12},{"not_picked":["astrologer:Fireball","astrologer:ShootingStar"],"picked":"astrologer:TheHierophant","floor":13},{"not_picked":["astrologer:Conjunction","astrologer:SpaceDust"],"picked":"astrologer:Fireball","floor":14},{"not_picked":["astrologer:TheWorld","astrologer:RejectReality"],"picked":"astrologer:Trine","floor":16},{"not_picked":["astrologer:Moonlight","astrologer:FrozenStar"],"picked":"astrologer:CometStrike+1","floor":18},{"not_picked":["astrologer:SolarFlare","astrologer:CrystalBall"],"picked":"astrologer:Glimpse","floor":21},{"not_picked":["astrologer:CometStrike+1","astrologer:Stardust","astrologer:MeteorShower"],"picked":"SKIP","floor":22},{"not_picked":["astrologer:ReadTheStars+1","astrologer:Still"],"picked":"astrologer:Moonlight","floor":23},{"not_picked":["astrologer:CometStrike","astrologer:TheHierophant"],"picked":"astrologer:Moonlight+1","floor":28},{"not_picked":["astrologer:Opposition","astrologer:Moonlight","astrologer:Eclipse"],"picked":"SKIP","floor":29},{"not_picked":["astrologer:TheTower+1","astrologer:MeteorShower"],"picked":"astrologer:StarOfChange","floor":30},{"not_picked":["astrologer:Stardust","astrologer:Radiance"],"picked":"astrologer:Temperance+1","floor":31}],"player_experience":441828,"relics_obtained":[{"floor":9,"key":"Smiling Mask"},{"floor":11,"key":"Lizard Tail"},{"floor":14,"key":"Shuriken"},{"floor":23,"key":"MealTicket"},{"floor":26,"key":"Strawberry"},{"floor":30,"key":"Pantograph"}],"event_choices":[{"damage_healed":0,"gold_gain":0,"player_choice":"Donut","damage_taken":0,"max_hp_gain":5,"max_hp_loss":0,"event_name":"Big Fish","floor":2,"gold_loss":0},{"damage_healed":0,"gold_gain":175,"player_choice":"AGREE","damage_taken":0,"max_hp_gain":0,"max_hp_loss":0,"event_name":"Liars Game","floor":7,"gold_loss":0,"cards_obtained":["Doubt"]},{"damage_healed":0,"gold_gain":99,"player_choice":"Stole From Cult","damage_taken":0,"max_hp_gain":0,"max_hp_loss":0,"event_name":"Nest","floor":19,"gold_loss":0},{"damage_healed":0,"gold_gain":0,"player_choice":"Copied","damage_taken":0,"max_hp_gain":0,"max_hp_loss":0,"event_name":"Duplicator","floor":20,"gold_loss":0,"cards_obtained":["astrologer:Trine"]}],"is_beta":false,"boss_relics":[{"not_picked":["Runic Dome","Coffee Dripper"],"picked":"Velvet Choker"}],"items_purged_floors":[5,25],"is_endless":false,"potions_floor_spawned":[4,11,12,13,21,29,30],"killed_by":"Automaton","ascension_level":0}}