{"host":"uc8wz0q199a7d901","time":1612072869,"event":{"mods":["2.2 Compatiblity","BaseMod","Colored Map","DeckTracker","Highlight Path","Minty Spire (QoL Compilation)","Permanent Neow","Quick Restart","SuperFastMode"],"gold_per_floor":[110,126,126,143,199,229,229,241,241,575,575,83,95,109,109,109,109],"floor_reached":16,"language":"KOR","playtime":537,"items_purged":[],"score":224,"play_id":"a9df7930-e686-4df6-9aae-c00223c4720d","local_time":"20210131150109","is_ascension_mode":true,"campfire_choices":[{"data":"Body Slam","floor":7,"key":"SMITH"},{"floor":15,"key":"REST"}],"circlet_count":0,"master_deck":["AscendersBane","Strike_R","Strike_R","Strike_R","Strike_R","Strike_R","Defend_R","Defend_R","Defend_R","Defend_R","Bash","Body Slam+1","Blood for Blood","Battle Trance","Wild Strike+1","Offering","Pommel Strike+1","Twin Strike","Shrug It Off","Ghostly Armor"],"relics":["Burning Blood","Tiny Chest","Blue Candle","Old Coin","Bottled Lightning","Toolbox"],"acts_visited":["Exordium"],"potions_floor_usage":[6,10],"damage_taken":[{"damage":1.0,"enemies":"2 Louse","floor":1.0,"turns":2.0},{"damage":11.0,"enemies":"Small Slimes","floor":2.0,"turns":5.0},{"damage":6.0,"enemies":"Cultist","floor":4.0,"turns":4.0},{"damage":8,"enemies":"Gremlin Nob","floor":6,"turns":3},{"damage":14,"enemies":"Exordium Wildlife","floor":8,"turns":3},{"damage":25,"enemies":"3 Sentries","floor":10,"turns":7},{"damage":6,"enemies":"Gremlin Gang","floor":13,"turns":3},{"damage":6,"enemies":"3 Louse","floor":14,"turns":1},{"damage":49,"enemies":"Hexaghost","floor":16,"turns":7}],"seed_played":"-6567676031060761826","potions_obtained":[{"floor":1.0,"key":"BlessingOfTheForge"},{"floor":2.0,"key":"Fruit Juice"},{"floor":8,"key":"Explosive Potion"}],"is_trial":false,"path_per_floor":["M","M","?","M","?","E","R","M","T","E","?","$","M","M","R","B"],"character_chosen":"IRONCLAD","items_purchased":["Bottled Lightning","Toolbox","Strength Potion"],"campfire_rested":1,"item_purchase_floors":[12,12,12],"current_hp_per_floor":[73,73,78,78,78,76,76,68,68,49,23,23,23,23,48,0,0],"gold":109,"neow_bonus":"THREE_CARDS","is_daily":false,"chose_seed":false,"campfire_upgraded":1,"win_rate":0.0,"timestamp":1612072869,"path_taken":["M","M","?","M","?","E","R","M","T","E","?","$","M","M","R","BOSS"],"items_purchased_type":["Relic","Relic","Potion"],"build_version":"2020-12-22","purchased_purges":0,"victory":false,"max_hp_per_floor":[75,80,85,85,85,85,85,85,85,85,85,85,85,85,85,85,85],"card_choices":[{"not_picked":["Sword Boomerang","Thunderclap"],"picked":"Body Slam","floor":0.0},{"not_picked":["True Grit","Body Slam"],"picked":"Blood for Blood","floor":1.0},{"not_picked":["True Grit","Entrench"],"picked":"Battle Trance","floor":2.0},{"not_picked":["Thunderclap","Cleave"],"picked":"Wild Strike","floor":4.0},{"not_picked":["Cleave","Pommel Strike"],"picked":"Offering","floor":6},{"not_picked":["Wild Strike","Rage"],"picked":"Pommel Strike","floor":8},{"not_picked":["Anger","Clash"],"picked":"Twin Strike","floor":10},{"not_picked":["Blood for Blood","Shockwave"],"picked":"Shrug It Off","floor":13},{"not_picked":["Searing Blow","Intimidate"],"picked":"Ghostly Armor","floor":14}],"player_experience":702487,"relics_obtained":[{"floor":6,"key":"Tiny Chest"},{"floor":9,"key":"Blue Candle"},{"floor":10,"key":"Old Coin"}],"event_choices":[{"damage_healed":0.0,"max_hp_gain":5.0,"max_hp_loss":0.0,"gold_gain":0.0,"event_name":"Big Fish","player_choice":"Donut","floor":3.0,"gold_loss":0.0,"damage_taken":0.0},{"damage_healed":0.0,"max_hp_gain":0.0,"max_hp_loss":0.0,"gold_gain":56.0,"event_name":"Golden Wing","player_choice":"Gained Gold","floor":5.0,"gold_loss":0.0,"damage_taken":0.0},{"damage_healed":0,"gold_gain":0,"player_choice":"Entered Light","damage_taken":26,"max_hp_gain":0,"max_hp_loss":0,"event_name":"Shining Light","floor":11,"gold_loss":0,"cards_upgraded":["Pommel Strike","Wild Strike"]}],"is_beta":false,"boss_relics":[],"items_purged_floors":[],"is_endless":false,"potions_floor_spawned":[1,2,8],"killed_by":"Hexaghost","ascension_level":20}}