{"host":"0luxfixkkfk9wck3","time":1612126093,"event":{"mods":["BaseMod","DeckTracker","Downfall","Highlight Path","Minty Spire (QoL Compilation)","StSLib"],"gold_per_floor":[99,142,179,221,228,228,228,43,82,82,85,95,95,95,126,257,257,257,275,275,313,340,10,37,37,79,79,79,79,107,141,183,287,287,287,300,320,320,320,320,347,367,415,415,415,415],"floor_reached":44,"language":"ENG","playtime":4721,"items_purged":["downfall:Bewildered"],"score":576,"play_id":"682f41fc-5cd9-4033-93cb-f88b156602c4","local_time":"20210131144813","is_ascension_mode":true,"campfire_choices":[{"data":"sneckomod:TailWhip","floor":1.0,"key":"SMITH"},{"floor":25.0,"key":"REST"},{"floor":27.0,"key":"REST"},{"floor":40,"key":"REST"}],"circlet_count":0,"master_deck":["sneckomod:Strike","sneckomod:Strike","sneckomod:Strike","sneckomod:Defend","sneckomod:Defend","sneckomod:Defend","sneckomod:TailWhip+1","sneckomod:SnekBite","sneckomod:Unknown","sneckomod:Unknown","sneckomod:GlitteringGambit","sneckomod:IronFang","sneckomod:UnknownDraw","sneckomod:SlitherStrike","Mayhem","sneckomod:TrashToTreasure","sneckomod:SerpentIdol","sneckomod:UnknownUncommonAttack","sneckomod:UnknownUncommonPower","sneckomod:ImprovisedGuard","Rage+1","sneckomod:UnknownExhaust","sneckomod:TrashToTreasure","Battle Trance","sneckomod:DiceBlock+1","sneckomod:UnknownClassTHE_BRONZE_AUTOMATON","sneckomod:UnendingSupply+1","sneckomod:UnknownClassTHE_CHAMP_GRAY+1","sneckomod:ImprovisedAttack","sneckomod:Unknown2Cost+1","sneckomod:Rotation","champ:Lariat+1","sneckomod:DangerNoodle","sneckomod:Rotation+1","sneckomod:UnknownStrength","sneckomod:SerpentMind","Demon Form","sneckomod:UnknownWeak+1","champ:Lariat+1","sneckomod:UnknownClassRED+1","sneckomod:UnknownBlock+1"],"relics":["sneckomod:SneckoSoul","Prayer Wheel","sneckomod:SleevedAce","Sozu","sneckomod:BabySnecko","Meat on the Bone","Art of War","sneckomod:SneckoTalon"],"acts_visited":["Exordium","TheCity","TheBeyond"],"potions_floor_usage":[],"damage_taken":[{"damage":5.0,"enemies":"Small Slimes","floor":2.0,"turns":4.0},{"damage":3.0,"enemies":"2 Louse","floor":3.0,"turns":3.0},{"damage":2.0,"enemies":"Cultist","floor":4.0,"turns":4.0},{"damage":9.0,"enemies":"2 Fungi Beasts","floor":5.0,"turns":3.0},{"damage":20.0,"enemies":"downfall:FleeingMerchant","floor":8.0,"turns":4.0},{"damage":21.0,"enemies":"Lots of Slimes","floor":9.0,"turns":5.0},{"damage":1.0,"enemies":"Red Slaver","floor":11.0,"turns":3.0},{"damage":3.0,"enemies":"Blue Slaver","floor":12.0,"turns":3.0},{"damage":2.0,"enemies":"Lots of Slimes","floor":15.0,"turns":4.0},{"damage":25.0,"enemies":"WA_ARCHETYPE_RETAIN","floor":16.0,"turns":9.0},{"damage":30.0,"enemies":"3 Byrds","floor":19.0,"turns":6.0},{"damage":6.0,"enemies":"Spheric Guardian","floor":21.0,"turns":6.0},{"damage":14.0,"enemies":"Snecko","floor":22.0,"turns":6.0},{"damage":10.0,"enemies":"downfall:FleeingMerchant","floor":23.0,"turns":4.0},{"damage":21.0,"enemies":"3 Cultists","floor":26.0,"turns":5.0},{"damage":31.0,"enemies":"Centurion and Healer","floor":30.0,"turns":5.0},{"damage":19,"enemies":"Sentry and Sphere","floor":31,"turns":5},{"damage":7,"enemies":"3 Cultists","floor":32,"turns":5},{"damage":44,"enemies":"IC_MUSHROOM_ARCHETYPE","floor":33,"turns":9},{"damage":24,"enemies":"Orb Walker","floor":36,"turns":4},{"damage":8,"enemies":"3 Shapes","floor":37,"turns":4},{"damage":19,"enemies":"Transient","floor":42,"turns":5},{"damage":0,"enemies":"Maw","floor":43,"turns":7},{"damage":67,"enemies":"Sphere and 2 Shapes","floor":44,"turns":3}],"seed_played":"1167101732540219726","potions_obtained":[{"floor":3.0,"key":"Swift Potion"},{"floor":9.0,"key":"SkillPotion"},{"floor":16.0,"key":"BlessingOfTheForge"}],"is_trial":false,"path_per_floor":["R","M","M","M","M","R","T","$","M","?","M","M","R","?","M","B",null,"R","M","?","M","M","$","T","R","M","R","?","R","M","M","M","B",null,"R","M","M","?","?","R","T","M","M","M"],"character_chosen":"THE_SNECKO","items_purchased":["sneckomod:SleevedAce","Energy Potion","Meat on the Bone"],"campfire_rested":3,"item_purchase_floors":[8,8,23],"current_hp_per_floor":[81,76,73,71,62,62,62,62,41,41,40,37,37,37,35,10,70,70,40,40,34,20,10,10,37,28,55,55,55,61,57,50,18,74,74,50,54,54,54,81,81,62,62,0,0,0],"gold":415,"neow_bonus":"ONE_RANDOM_RARE_CARD","is_daily":false,"chose_seed":false,"campfire_upgraded":1,"win_rate":0.0,"timestamp":1612126093,"path_taken":["R","M","M","M","M","R","T","$","M","?","M","M","R","?","M","BOSS","R","M","?","M","M","$","T","R","M","R","?","R","M","?","M","BOSS","R","M","M","?","?","R","T","M","M","M"],"items_purchased_type":["Relic","Potion","Relic"],"build_version":"2020-12-22","purchased_purges":1,"victory":false,"max_hp_per_floor":[90,90,90,90,90,90,90,90,90,90,90,90,90,90,90,90,90,90,90,90,90,90,90,90,90,90,90,90,90,90,93,93,93,93,93,93,93,93,93,93,93,93,93,93,93,93],"card_choices":[{"not_picked":["sneckomod:SoulDraw","sneckomod:DiceBlock"],"picked":"sneckomod:IronFang","floor":2.0},{"not_picked":["sneckomod:MasterEye","sneckomod:SoulDraw"],"picked":"sneckomod:UnknownDraw","floor":3.0},{"not_picked":["sneckomod:Unknown1Cost","sneckomod:Memorize"],"picked":"sneckomod:SlitherStrike","floor":4.0},{"not_picked":["sneckomod:RainOfDice","sneckomod:UnknownDraw"],"picked":"sneckomod:UnknownColorless","floor":5.0},{"not_picked":["sneckomod:Nope","sneckomod:SoulDraw"],"picked":"sneckomod:TrashToTreasure","floor":8.0},{"not_picked":["sneckomod:DefensiveFlair","sneckomod:PureSnecko"],"picked":"sneckomod:UnknownBlock","floor":9.0},{"not_picked":["sneckomod:SoulRoll","sneckomod:Cheat"],"picked":"sneckomod:UnknownDraw","floor":9.0},{"not_picked":["sneckomod:PureSnecko","sneckomod:UnknownExhaust"],"picked":"sneckomod:SerpentIdol","floor":11.0},{"not_picked":["sneckomod:SoulDraw","sneckomod:UnknownBlock"],"picked":"sneckomod:UnknownUncommonAttack","floor":11.0},{"not_picked":["sneckomod:DiceCrush","sneckomod:QuickBite"],"picked":"sneckomod:UnknownUncommonPower","floor":12.0},{"not_picked":["sneckomod:DiceBoulder","sneckomod:Rotation"],"picked":"sneckomod:ImprovisedGuard","floor":12.0},{"not_picked":["sneckomod:SoulDraw","sneckomod:WideSting"],"picked":"sneckomod:UnknownExhaust","floor":15.0},{"not_picked":["sneckomod:UnknownDraw","sneckomod:UnknownCommonAttack"],"picked":"sneckomod:TrashToTreasure","floor":15.0},{"not_picked":["sneckomod:DangerNoodle","sneckomod:Restock"],"picked":"sneckomod:UnknownRarePower","floor":16.0},{"not_picked":["sneckomod:UnknownBlock","sneckomod:UnknownDraw"],"picked":"sneckomod:DiceBlock+1","floor":19.0},{"not_picked":["sneckomod:UnknownDraw","sneckomod:SoulCleanse"],"picked":"sneckomod:UnknownClassTHE_BRONZE_AUTOMATON","floor":19.0},{"not_picked":["sneckomod:UnknownClassRED","sneckomod:SoulDraw"],"picked":"sneckomod:UnendingSupply+1","floor":21.0},{"not_picked":["sneckomod:UnknownCommonSkill+1","sneckomod:RainOfDice+1"],"picked":"sneckomod:UnknownClassTHE_CHAMP_GRAY+1","floor":21.0},{"not_picked":["sneckomod:Unknown1Cost","sneckomod:UnknownClassTHE_CHAMP_GRAY"],"picked":"sneckomod:ImprovisedAttack","floor":22.0},{"not_picked":["sneckomod:UnknownUncommonAttack","sneckomod:UnknownCommonSkill"],"picked":"sneckomod:Unknown2Cost+1","floor":22.0},{"not_picked":["sneckomod:MorePower","sneckomod:UnknownClassTHE_BRONZE_AUTOMATON"],"picked":"sneckomod:UnknownX+1","floor":23.0},{"not_picked":["sneckomod:Unknown1Cost+1","sneckomod:UnknownClassTHE_CHAMP_GRAY"],"picked":"sneckomod:Rotation","floor":26.0},{"not_picked":["sneckomod:Nope","sneckomod:IronFang+1","sneckomod:UnknownCommonAttack"],"picked":"SKIP","floor":26.0},{"not_picked":["sneckomod:SnekBeam+1","sneckomod:UnknownCommonAttack+1"],"picked":"sneckomod:DangerNoodle","floor":30.0},{"not_picked":["sneckomod:QuickMove","sneckomod:RainOfDice"],"picked":"sneckomod:Rotation+1","floor":30.0},{"not_picked":["sneckomod:RainOfDice+1","sneckomod:UnknownBlock"],"picked":"sneckomod:UnknownStrength","floor":31},{"not_picked":["sneckomod:SoulDraw","sneckomod:WideSting","sneckomod:CheapStock"],"picked":"SKIP","floor":31},{"not_picked":["sneckomod:UnknownStrike","sneckomod:Unknown1Cost","sneckomod:IronFang"],"picked":"SKIP","floor":32},{"not_picked":["sneckomod:Rotation","sneckomod:UnknownCommonAttack","sneckomod:UnknownDraw"],"picked":"SKIP","floor":32},{"not_picked":["sneckomod:UnknownRareSkill","sneckomod:MorePower"],"picked":"sneckomod:SerpentMind","floor":33},{"not_picked":["sneckomod:UnknownCommonSkill+1","sneckomod:QuickMove+1"],"picked":"sneckomod:UnknownWeak+1","floor":36},{"not_picked":["sneckomod:UnknownStrength","sneckomod:UnknownClassTHE_CHAMP_GRAY","sneckomod:Nope+1"],"picked":"SKIP","floor":36},{"not_picked":["sneckomod:DangerNoodle","sneckomod:SoulRoll","sneckomod:SnakeSap+1"],"picked":"SKIP","floor":37},{"not_picked":["sneckomod:UnknownUncommonAttack","sneckomod:Nope","sneckomod:Unknown1Cost"],"picked":"SKIP","floor":37},{"not_picked":["sneckomod:UnknownDraw+1","sneckomod:SoulRoll","sneckomod:UnknownCommonAttack"],"picked":"SKIP","floor":42},{"not_picked":["sneckomod:CheapStock","sneckomod:WideSting+1","sneckomod:Nope+1"],"picked":"SKIP","floor":42},{"not_picked":["sneckomod:WideSting+1","sneckomod:UnknownDraw+1"],"picked":"sneckomod:UnknownClassRED+1","floor":43},{"not_picked":["sneckomod:UnknownUncommonAttack","sneckomod:UnknownDraw+1"],"picked":"sneckomod:UnknownBlock+1","floor":43}],"player_experience":11443033,"relics_obtained":[{"floor":7.0,"key":"Prayer Wheel"},{"floor":24.0,"key":"Art of War"}],"event_choices":[{"damage_healed":0.0,"max_hp_gain":0.0,"max_hp_loss":0.0,"gold_gain":0.0,"event_name":"Accursed Blacksmith","player_choice":"Forge","floor":14.0,"gold_loss":0.0,"damage_taken":0.0,"cards_upgraded":["Rage"]},{"damage_healed":0,"gold_gain":0,"player_choice":"Ignored","damage_taken":0,"max_hp_gain":0,"max_hp_loss":0,"event_name":"Mysterious Sphere","floor":38,"gold_loss":0}],"is_beta":false,"boss_relics":[{"not_picked":["Runic Pyramid","Tiny House"],"picked":"Sozu"},{"not_picked":["Calling Bell","Cursed Key"],"picked":"sneckomod:SneckoTalon"}],"items_purged_floors":[23],"is_endless":false,"potions_floor_spawned":[3,9,12,16,19,21,22,26,30,37,43],"killed_by":"Sphere and 2 Shapes","ascension_level":7}}