{"host":"c52z9ixzgdjttcmx","time":1612058917,"event":{"mods":["BaseMod","Colored Powertips","Downfall","Filter the Spire","Minty Spire (QoL Compilation)","Rare Cards Sparkle","Relic Stats","StSLib"],"gold_per_floor":[110,126,126,143,143,177,195,195,218,231,265,284,304,304,304,375,375,395,73,73,73,13,13],"floor_reached":22,"language":"ENG","playtime":952,"items_purged":["Strike_G"],"score":343,"play_id":"b75b20ab-c2d4-4912-a755-caaa008c8449","local_time":"20210130200837","is_ascension_mode":true,"campfire_choices":[{"floor":8.0,"key":"REST"},{"floor":15.0,"key":"REST"}],"circlet_count":0,"master_deck":["AscendersBane","Strike_G","Strike_G","Defend_G","Defend_G","Defend_G","Defend_G","Defend_G","Survivor","Neutralize","Noxious Fumes","Footwork","Dagger Throw","Dagger Spray","Masterful Stab","Deadly Poison","Catalyst","Prepared","Poisoned Stab","Night Terror","Secret Technique","Blur","Footwork","Adrenaline"],"relics":["Ring of the Snake","Art of War","Vajra","FaceOfCleric","Lantern","Potion Belt","Girya","Busted Crown","Nilry\u0027s Codex"],"acts_visited":["Exordium","TheCity"],"potions_floor_usage":[22],"damage_taken":[{"damage":3.0,"enemies":"Cultist","floor":1.0,"turns":5.0},{"damage":3.0,"enemies":"Jaw Worm","floor":2.0,"turns":6.0},{"damage":1.0,"enemies":"2 Louse","floor":4.0,"turns":3.0},{"damage":11.0,"enemies":"Lagavulin","floor":6.0,"turns":8.0},{"damage":3.0,"enemies":"Large Slime","floor":7.0,"turns":6.0},{"damage":4.0,"enemies":"Blue Slaver","floor":10.0,"turns":4.0},{"damage":22.0,"enemies":"3 Sentries","floor":11.0,"turns":7.0},{"damage":4.0,"enemies":"Lots of Slimes","floor":12.0,"turns":5.0},{"damage":0.0,"enemies":"3 Louse","floor":13.0,"turns":3.0},{"damage":17.0,"enemies":"The Guardian","floor":16.0,"turns":8.0},{"damage":18.0,"enemies":"Chosen","floor":18.0,"turns":6.0},{"damage":28,"enemies":"2 Thieves","floor":22,"turns":3}],"seed_played":"-7023262526103533483","potions_obtained":[{"floor":6.0,"key":"champ:CounterPotion"},{"floor":10.0,"key":"Energy Potion"},{"floor":11.0,"key":"PowerPotion"},{"floor":13.0,"key":"AttackPotion"},{"floor":16.0,"key":"SkillPotion"}],"is_trial":false,"path_per_floor":["M","M","?","M","?","E","M","R","T","M","E","M","M","?","R","B",null,"M","$","?","?","M"],"character_chosen":"THE_SILENT","items_purchased":["Secret Technique","Blur"],"campfire_rested":2,"item_purchase_floors":[19,19],"current_hp_per_floor":[56,53,35,34,34,24,22,42,42,39,18,15,16,16,37,21,60,43,43,43,22,0,0],"gold":13,"neow_bonus":"RANDOM_COMMON_RELIC","is_daily":false,"chose_seed":false,"campfire_upgraded":0,"win_rate":0.0,"timestamp":1612058917,"path_taken":["M","M","?","M","?","E","?","R","T","M","E","M","M","?","R","BOSS","M","$","?","?","M"],"items_purchased_type":["Card","Card"],"build_version":"2020-12-22","purchased_purges":1,"victory":false,"max_hp_per_floor":[66,66,66,66,66,67,68,68,68,69,70,71,72,72,72,73,73,74,74,74,74,74,74],"relic_stats":{"Busted Crown":2,"FaceOfCleric":8,"counters":[12,64],"Art of War":[12],"obtain_stats":[{"Potion Belt":9,"Girya":11,"Lantern":6,"Busted Crown":17,"FaceOfCleric":5,"Nilry\u0027s Codex":21,"Vajra":3,"Art of War":0,"Ring of the Snake":0},{"Potion Belt":5,"Girya":7,"Lantern":4,"Busted Crown":10,"FaceOfCleric":3,"Nilry\u0027s Codex":11,"Vajra":2,"Art of War":0,"Ring of the Snake":0},{"Potion Belt":28,"Girya":39,"Lantern":22,"Busted Crown":55,"FaceOfCleric":14,"Nilry\u0027s Codex":61,"Vajra":11,"Art of War":0,"Ring of the Snake":0}],"Ring of the Snake":[24]},"card_choices":[{"not_picked":["Dagger Throw","Quick Slash"],"picked":"Noxious Fumes","floor":1.0},{"not_picked":["Blur","Dagger Throw"],"picked":"Footwork","floor":2.0},{"not_picked":["Riddle With Holes","Dodge and Roll"],"picked":"Dagger Throw","floor":4.0},{"not_picked":["Footwork","Bullet Time"],"picked":"Dagger Spray","floor":6.0},{"not_picked":["Dodge and Roll","Well Laid Plans"],"picked":"Masterful Stab","floor":7.0},{"not_picked":["Flying Knee","Dagger Throw"],"picked":"Deadly Poison","floor":10.0},{"not_picked":["Backstab","Deadly Poison"],"picked":"Catalyst","floor":11.0},{"not_picked":["Finisher","Flying Knee"],"picked":"Prepared","floor":12.0},{"not_picked":["Bane","Blade Dance"],"picked":"Poisoned Stab","floor":13.0},{"not_picked":["Adrenaline","Doppelganger"],"picked":"Night Terror","floor":16.0},{"not_picked":["Quick Slash"],"picked":"SKIP","floor":18.0}],"player_experience":3403819,"relics_obtained":[{"floor":6.0,"key":"Lantern"},{"floor":9.0,"key":"Potion Belt"},{"floor":11.0,"key":"Girya"},{"floor":21,"key":"Nilry\u0027s Codex"}],"event_choices":[{"damage_healed":0.0,"max_hp_gain":0.0,"max_hp_loss":0.0,"gold_gain":0.0,"event_name":"Scrap Ooze","player_choice":"Success","floor":3.0,"gold_loss":0.0,"damage_taken":18.0,"relics_obtained":["Vajra"]},{"damage_healed":0.0,"max_hp_gain":0.0,"max_hp_loss":0.0,"gold_gain":0.0,"event_name":"FaceTrader","player_choice":"Trade","floor":5.0,"gold_loss":0.0,"damage_taken":0.0,"relics_obtained":["FaceOfCleric"]},{"damage_healed":0.0,"max_hp_gain":0.0,"max_hp_loss":0.0,"gold_gain":0.0,"event_name":"Shining Light","player_choice":"Ignored","floor":14.0,"gold_loss":0.0,"damage_taken":0.0},{"damage_healed":0.0,"max_hp_gain":0.0,"max_hp_loss":0.0,"gold_gain":0.0,"cards_transformed":["Strike_G","Strike_G"],"event_name":"Drug Dealer","player_choice":"Became Test Subject","floor":20.0,"gold_loss":0.0,"damage_taken":0.0,"cards_obtained":["Footwork","Adrenaline"]},{"damage_healed":0,"gold_gain":0,"player_choice":"Obtained Book","damage_taken":21,"max_hp_gain":0,"max_hp_loss":0,"event_name":"Cursed Tome","floor":21,"gold_loss":0}],"is_beta":false,"boss_relics":[{"not_picked":["bronze:MakeshiftBattery","Black Star"],"picked":"Busted Crown"}],"items_purged_floors":[19],"is_endless":false,"potions_floor_spawned":[6,10,11,13,16],"killed_by":"2 Thieves","ascension_level":15}}