{"host":"uceopoba4zvqsgiy","time":1612098116,"event":{"mods":["Act Like it!","BaseMod","Better Skull","Better Third Choice","Elementarium","Evolution","GifTheSpireLib","Hermit","Humility","Infinite Spire","Jorbs\u0027s Wanderer Trilogy","Marked Mod","Minty Spire (QoL Compilation)","Potionbrewer","Reliquary","Replay The Spire","Robot Space Explorer","Shade Mod","Spicy Shops","StS++","StSLib","Stuff the Spire","The Blue Laboratory","The Caster","The Cursed","The Dragon Tamer","The Hierophant","The Jungle","TheSurvivalist","Wandering Minibosses"],"gold_per_floor":[115,126,126,126,144,144,174,174,228,228,228,248,248,279,279,376,376,293,305,324,324,324,324,342,353,353,353,385,405,405,434,434,434,434],"floor_reached":33,"language":"ENG","playtime":2139,"items_purged":[],"score":295,"play_id":"bad71ca0-7189-4545-8447-a856ca79a47a","local_time":"20210131233156","is_ascension_mode":false,"campfire_choices":[{"data":"caster:Explosion","floor":6.0,"key":"SMITH"},{"data":"caster:MagicBarrier","floor":10.0,"key":"SMITH"},{"data":"infinitespire:Oblivion","floor":13.0,"key":"SMITH"},{"floor":15.0,"key":"REST"},{"floor":23,"key":"REST"},{"floor":27,"key":"REST"},{"floor":30,"key":"REST"},{"floor":32,"key":"REST"}],"circlet_count":0,"master_deck":["caster:Meteor","caster:DivertFocus","caster:MagicWeapon","caster:MagicWeapon","caster:MagicWeapon","caster:strike","caster:defend","caster:defend+1","caster:defend","caster:defend","caster:IcicleLance","caster:MagicBarrier+1","infinitespire:Oblivion+1","caster:Explosion+1","caster:Ramuh+1","caster:Susanoo","Looming Evil","TheCursedMod:Dregs","caster:IzanagisObdurance","caster:FlashFrost","infinitespire:Oblivion","caster:Unearth","caster:IzanagisObdurance"],"relics":["caster:MagicBook","EVO:Axolotl","NeowsBlessing","Oddly Smooth Stone","Vajra","reliquary:RoseTintedGlasses","PreservedInsect","Replay:Ancient Bell","reliquary:Buckler","Mercury Hourglass","Calipers","Pen Nib","Nilry\u0027s Codex","infinitespire:Bottled Soul","reliquary:Boomerang","Eternal Feather"],"acts_visited":["Exordium","TheCity"],"potions_floor_usage":[24,29,31],"damage_taken":[{"damage":0.0,"enemies":"Jaw Worm","floor":1.0,"turns":2.0},{"damage":0.0,"enemies":"Cultist","floor":2.0,"turns":1.0},{"damage":0.0,"enemies":"2 Louse","floor":5.0,"turns":1.0},{"damage":12.0,"enemies":"Gremlin Nob","floor":7.0,"turns":3.0},{"damage":0.0,"enemies":"Blue Slaver","floor":12.0,"turns":1.0},{"damage":32.0,"enemies":"3 Sentries","floor":14.0,"turns":7.0},{"damage":7.0,"enemies":"Hexaghost","floor":16.0,"turns":8.0},{"damage":3,"enemies":"Shell Parasite","floor":18,"turns":3},{"damage":6,"enemies":"Spheric Guardian","floor":19,"turns":3},{"damage":16,"enemies":"Centurion and Healer","floor":20,"turns":6},{"damage":4,"enemies":"Snecko","floor":24,"turns":3},{"damage":2,"enemies":"Chosen and Byrds","floor":25,"turns":4},{"damage":20,"enemies":"Nightmare","floor":28,"turns":4},{"damage":10,"enemies":"Centurion and Healer","floor":29,"turns":5},{"damage":35,"enemies":"Slavers","floor":31,"turns":4},{"damage":53,"enemies":"Collector","floor":33,"turns":3}],"seed_played":"-6963801290397449353","potions_obtained":[{"floor":1.0,"key":"blueLaboratory:Moonshine"},{"floor":5.0,"key":"Block Potion"},{"floor":12.0,"key":"potionbrewer:BoundlessPotion"},{"floor":18,"key":"blueLaboratory:BubblePotion"},{"floor":20,"key":"Fire Potion"},{"floor":28,"key":"blueLaboratory:BottleOfVodka"},{"floor":31,"key":"FearPotion"}],"is_trial":false,"path_per_floor":["M","M","?","?","M","R","E","?","T","R","?","M","R","E","R","B",null,"M","M","M","?","?","R","M","M","T","R","NM","M","R","E","R","B"],"character_chosen":"THE_CASTER","items_purchased":[],"campfire_rested":5,"item_purchase_floors":[],"current_hp_per_floor":[64,64,49,49,49,49,37,37,37,37,37,37,37,5,24,17,64,61,55,39,39,23,42,38,36,36,55,35,32,51,18,49,0,0],"gold":434,"neow_bonus":"THREE_ENEMY_KILL","is_daily":false,"chose_seed":false,"campfire_upgraded":3,"win_rate":0.0,"timestamp":1612098116,"path_taken":["M","M","?","?","?","R","E","?","T","R","?","M","R","E","R","BOSS","M","M","M","?","?","R","M","M","T","R","NM","M","R","E","R","BOSS"],"items_purchased_type":[],"build_version":"2020-12-22","purchased_purges":0,"victory":false,"max_hp_per_floor":[64,64,64,64,64,64,64,64,64,64,64,64,64,64,64,64,64,64,64,64,64,64,64,64,64,64,64,64,64,64,64,64,64,64],"card_choices":[{"not_picked":["caster:FlashFrost","caster:WallOfMirrors"],"picked":"caster:IcicleLance","floor":1.0},{"not_picked":["caster:FrostDriver","caster:MagicWeapon"],"picked":"caster:MagicBarrier","floor":2.0},{"not_picked":["infinitespire:TheBestDefense","ReplayTheSpireMod:??????????????????????"],"picked":"infinitespire:Oblivion","floor":3.0},{"not_picked":["caster:MagicBarrier","caster:LAZER"],"picked":"caster:Explosion","floor":5.0},{"not_picked":["caster:FlashSpeed","caster:FrostDriver","caster:DiablosFlame"],"picked":"SKIP","floor":7.0},{"not_picked":["caster:GlacialShield","caster:FlashFrost","caster:FrostDriver"],"picked":"SKIP","floor":12.0},{"not_picked":["caster:Charge","caster:MagicWeapon"],"picked":"caster:Ramuh","floor":14.0},{"not_picked":["caster:StormGust","caster:ManaOverflow"],"picked":"caster:Susanoo","floor":16.0},{"not_picked":["Pain","Amnesia"],"picked":"Looming Evil","floor":17.0},{"not_picked":["infinitespire:Pacifist","AbeCurse"],"picked":"ReplayTheSpireMod:IOU","floor":17.0},{"not_picked":["CommonCold","Hallucinations"],"picked":"TheCursedMod:Dregs","floor":17.0},{"not_picked":["caster:GlacialShield","caster:LightningBolt+1"],"picked":"caster:IzanagisObdurance","floor":18},{"not_picked":["caster:QuickCast","caster:LightningBolt"],"picked":"caster:FlashFrost","floor":19},{"not_picked":["caster:Sandstorm","caster:Embers","caster:Fireball+1"],"picked":"SKIP","floor":20},{"not_picked":["caster:FrigidBeam","caster:NaturalChaos","caster:MagicResonance"],"picked":"SKIP","floor":24},{"not_picked":["caster:FrigidBeam","caster:MagicWeapon","caster:Fireball"],"picked":"SKIP","floor":25},{"not_picked":["ReplayTheSpireMod:Haul","infinitespire:Punishment"],"picked":"infinitespire:Oblivion","floor":28},{"not_picked":["caster:Enfeeble+1","caster:BloodRitual+1"],"picked":"caster:Unearth","floor":28},{"not_picked":["caster:Enfeeble","caster:Tundra","caster:Sultry"],"picked":"SKIP","floor":29},{"not_picked":["caster:Sultry+1","caster:FrigidBeam"],"picked":"caster:IzanagisObdurance","floor":31}],"player_experience":1437134,"relics_obtained":[{"floor":7.0,"key":"Oddly Smooth Stone"},{"floor":9.0,"key":"reliquary:RoseTintedGlasses"},{"floor":14.0,"key":"PreservedInsect"},{"floor":22,"key":"Nilry\u0027s Codex"},{"floor":26,"key":"infinitespire:Bottled Soul"},{"floor":28,"key":"reliquary:Boomerang"},{"floor":31,"key":"Eternal Feather"}],"event_choices":[{"cards_removed":["caster:defend"],"damage_healed":0.0,"max_hp_gain":0.0,"max_hp_loss":0.0,"gold_gain":0.0,"event_name":"Wheel of Change","player_choice":"Card Removal","floor":4.0,"gold_loss":0.0,"damage_taken":0.0},{"damage_healed":0,"gold_gain":0,"player_choice":"Opened","damage_taken":0,"relics_obtained":["Pen Nib"],"max_hp_gain":0,"max_hp_loss":0,"event_name":"The Mausoleum","floor":21,"gold_loss":0},{"damage_healed":0,"gold_gain":0,"player_choice":"Obtained Book","damage_taken":16,"max_hp_gain":0,"max_hp_loss":0,"event_name":"Cursed Tome","floor":22,"gold_loss":0}],"is_beta":false,"boss_relics":[{"not_picked":["Runic Pyramid","StuffTheSpire:Kangaroo"],"picked":"Replay:Ancient Bell"},{"not_picked":["StuffTheSpire:GrapeVine","Replay:Wax Seal"],"picked":"reliquary:Buckler"},{"not_picked":["Singing Bowl","StuffTheSpire:EmeraldSignet"],"picked":"Mercury Hourglass"},{"not_picked":["infinitespire:Lychee Nut","StSpp:BoiledEgg"],"picked":"Calipers"}],"items_purged_floors":[],"is_endless":false,"potions_floor_spawned":[1,5,12,18,20,28,31],"killed_by":"Collector","ascension_level":0,"is_humility":true}}