{"host":"q0ahhcf6jhp3yzzb","time":1612123066,"event":{"mods":["Ascension Unlocker","BaseMod","Bestiary","Minty Spire (QoL Compilation)","Relic Stats","StSLib"],"gold_per_floor":[110,33,33,33,46,77,94,124,149,230,230,250,250,285,285,361,361,376,394,394,309,39,39,52,52,102,102,115,141,191,42,42,120,120,132,144,168,188,199,199,213,240,240,258,258,283,283,283,283,283,283,283,283,23,57,57],"floor_reached":57,"language":"ENG","playtime":3368,"items_purged":[],"score":2740,"play_id":"5264a0da-0526-47be-8a42-389aa90d6762","local_time":"20210131125746","is_ascension_mode":true,"campfire_choices":[{"floor":13,"key":"REST"},{"data":"Capacitor","floor":15,"key":"SMITH"},{"floor":23,"key":"REST"},{"data":"Biased Cognition","floor":27,"key":"SMITH"},{"floor":32,"key":"REST"},{"floor":40,"key":"REST"},{"data":"Capacitor","floor":45,"key":"SMITH"},{"floor":47,"key":"RECALL"},{"data":"Hologram","floor":49,"key":"SMITH"},{"data":"Rainbow","floor":53,"key":"SMITH"}],"circlet_count":0,"master_deck":["AscendersBane","Strike_B","Strike_B","Strike_B","Strike_B","Defend_B","Defend_B","Defend_B","Defend_B","Zap","Dualcast","Consume+1","Capacitor+1","Genetic Algorithm","Ball Lightning","Ball Lightning","Rainbow+1","Amplify","Barrage","Conserve Battery","Biased Cognition+1","Cold Snap","Glacier","Capacitor+1","Sunder","Turbo","Core Surge","Creative AI","Recycle+1","Injury","Hologram+1","Core Surge","Coolheaded","Glacier+1","Static Discharge","Heatsinks"],"relics":["Cracked Core","NeowsBlessing","Tiny Chest","Regal Pillow","Bag of Marbles","Sundial","White Beast Statue","Snecko Eye","Matryoshka","Pocketwatch","Bottled Tornado","Orichalcum","MealTicket","Ice Cream","Cursed Key","Potion Belt","Dream Catcher","Calipers","Bag of Preparation","Toy Ornithopter"],"acts_visited":["Exordium","TheCity","TheBeyond","TheEnding"],"potions_floor_usage":[12,19,24,29,33,35,41,42,44,44,48,50,51,56,56,56],"damage_taken":[{"damage":0,"enemies":"Cultist","floor":1,"turns":1},{"damage":0,"enemies":"Jaw Worm","floor":5,"turns":1},{"damage":0,"enemies":"3 Sentries","floor":6,"turns":2},{"damage":12,"enemies":"2 Louse","floor":7,"turns":3},{"damage":36,"enemies":"Gremlin Nob","floor":8,"turns":4},{"damage":0,"enemies":"Exordium Thugs","floor":12,"turns":3},{"damage":28,"enemies":"3 Sentries","floor":14,"turns":6},{"damage":10,"enemies":"The Guardian","floor":16,"turns":9},{"damage":18,"enemies":"Shell Parasite","floor":18,"turns":4},{"damage":34,"enemies":"2 Thieves","floor":19,"turns":4},{"damage":12,"enemies":"Chosen and Byrds","floor":24,"turns":5},{"damage":2,"enemies":"Centurion and Healer","floor":28,"turns":5},{"damage":25,"enemies":"Slavers","floor":29,"turns":6},{"damage":12,"enemies":"Collector","floor":33,"turns":8},{"damage":7,"enemies":"Orb Walker","floor":35,"turns":3},{"damage":3,"enemies":"3 Shapes","floor":36,"turns":4},{"damage":27,"enemies":"3 Darklings","floor":38,"turns":5},{"damage":0,"enemies":"Sphere and 2 Shapes","floor":39,"turns":5},{"damage":8,"enemies":"Writhing Mass","floor":41,"turns":10},{"damage":0,"enemies":"Giant Head","floor":42,"turns":16},{"damage":5,"enemies":"4 Shapes","floor":44,"turns":6},{"damage":0,"enemies":"Mind Bloom Boss Battle","floor":46,"turns":9},{"damage":0,"enemies":"Sphere and 2 Shapes","floor":48,"turns":1},{"damage":14,"enemies":"Awakened One","floor":50,"turns":23},{"damage":19,"enemies":"Time Eater","floor":51,"turns":17},{"damage":18,"enemies":"Shield and Spear","floor":55,"turns":9},{"damage":22,"enemies":"The Heart","floor":56,"turns":14}],"seed_played":"-5621840582169178326","potions_obtained":[{"floor":8,"key":"Energy Potion"},{"floor":12,"key":"LiquidBronze"},{"floor":14,"key":"Weak Potion"},{"floor":16,"key":"PotionOfCapacity"},{"floor":18,"key":"Regen Potion"},{"floor":19,"key":"Energy Potion"},{"floor":24,"key":"FocusPotion"},{"floor":29,"key":"PowerPotion"},{"floor":33,"key":"Swift Potion"},{"floor":35,"key":"PowerPotion"},{"floor":38,"key":"FearPotion"},{"floor":39,"key":"BlessingOfTheForge"},{"floor":41,"key":"AttackPotion"},{"floor":42,"key":"PowerPotion"},{"floor":44,"key":"SmokeBomb"},{"floor":46,"key":"PotionOfCapacity"},{"floor":55,"key":"Weak Potion"}],"is_trial":false,"path_per_floor":["M","$","?","$","M","E","M","E","T","T","?","M","R","E","R","B",null,"M","M","T","?","$","R","M","?","T","R","M","E","?","$","R","B",null,"M","M","T","M","M","R","M","E","T","M","R","?","R","M","R","B","B",null,"R","$","E","B",null],"character_chosen":"DEFECT","items_purchased":["Capacitor","Bottled Tornado","Core Surge","Bag of Preparation","Block Potion","Static Discharge"],"campfire_rested":4,"item_purchase_floors":[2,22,31,54,54,54],"current_hp_per_floor":[64,64,64,64,64,64,52,16,16,16,16,16,52,24,24,14,57,39,17,17,17,17,53,41,41,41,41,39,14,14,29,65,53,67,60,57,57,30,30,66,58,58,58,53,53,53,53,53,53,39,20,58,58,71,53,46],"gold":57,"neow_bonus":"THREE_ENEMY_KILL","is_daily":false,"chose_seed":false,"campfire_upgraded":5,"win_rate":0.0,"timestamp":1612123066,"path_taken":["M","$","?","?","M","E","M","E","T","?","?","?","R","E","R","BOSS","M","M","?","?","$","R","M","?","T","R","M","E","?","$","R","BOSS","M","M","?","M","M","R","M","E","T","M","R","?","R","M","R","BOSS","BOSS","R","$","E","BOSS"],"items_purchased_type":["Card","Relic","Card","Relic","Potion","Card"],"build_version":"2020-12-22","purchased_purges":0,"victory":true,"max_hp_per_floor":[71,71,71,71,71,71,71,71,71,71,71,71,71,71,71,71,71,71,71,71,71,71,71,71,71,71,71,71,71,71,71,71,71,71,71,71,71,71,71,71,71,71,71,71,71,71,71,71,71,71,71,71,71,71,71,71],"relic_stats":{"Regal Pillow":60,"counters":[27,183],"Bag of Preparation":[4],"Orichalcum":[198],"Cursed Key":1,"Dream Catcher":0,"Sundial":[28],"Snecko Eye":[287,295,324,292],"Tiny Chest":2,"MealTicket":28,"obtain_stats":[{"Ice Cream":29,"Potion Belt":37,"Regal Pillow":8,"Calipers":46,"NeowsBlessing":0,"Bag of Preparation":54,"Bottled Tornado":22,"Orichalcum":26,"Cursed Key":34,"White Beast Statue":14,"Dream Catcher":42,"Matryoshka":20,"Sundial":10,"Snecko Eye":17,"Tiny Chest":6,"MealTicket":26,"Bag of Marbles":9,"Cracked Core":0,"Toy Ornithopter":55,"Pocketwatch":21},{"Ice Cream":13,"Potion Belt":16,"Regal Pillow":5,"Calipers":22,"NeowsBlessing":0,"Bag of Preparation":25,"Bottled Tornado":10,"Orichalcum":11,"Cursed Key":14,"White Beast Statue":7,"Dream Catcher":20,"Matryoshka":10,"Sundial":5,"Snecko Eye":8,"Tiny Chest":3,"MealTicket":11,"Bag of Marbles":5,"Cracked Core":0,"Toy Ornithopter":26,"Pocketwatch":10},{"Ice Cream":53,"Potion Belt":68,"Regal Pillow":11,"Calipers":119,"NeowsBlessing":0,"Bag of Preparation":160,"Bottled Tornado":37,"Orichalcum":42,"Cursed Key":61,"White Beast Statue":20,"Dream Catcher":104,"Matryoshka":37,"Sundial":11,"Snecko Eye":29,"Tiny Chest":4,"MealTicket":42,"Bag of Marbles":11,"Cracked Core":0,"Toy Ornithopter":169,"Pocketwatch":37}],"Toy Ornithopter":15,"Pocketwatch":[164]},"card_choices":[{"not_picked":["Conserve Battery","Redo"],"picked":"Consume","floor":1},{"not_picked":["Stack","Turbo"],"picked":"Genetic Algorithm","floor":5},{"not_picked":["Steam","Hologram"],"picked":"Ball Lightning","floor":6},{"not_picked":["Steam","Leap"],"picked":"Ball Lightning","floor":7},{"not_picked":["Gash","Coolheaded"],"picked":"Rainbow","floor":8},{"not_picked":["Fusion","Reprogram"],"picked":"Conserve Battery","floor":12},{"not_picked":["Leap","Auto Shields"],"picked":"Biased Cognition","floor":14},{"not_picked":["Go for the Eyes","Steam"],"picked":"Cold Snap","floor":18},{"not_picked":["Auto Shields","Tempest"],"picked":"Glacier","floor":19},{"not_picked":["Beam Cell","Darkness"],"picked":"Capacitor","floor":24},{"not_picked":["Conserve Battery","Redo"],"picked":"Sunder","floor":28},{"not_picked":["Aggregate","Conserve Battery"],"picked":"Turbo","floor":29},{"not_picked":["Machine Learning","Rainbow"],"picked":"Creative AI","floor":33},{"not_picked":["Ball Lightning","Gash","Beam Cell"],"picked":"SKIP","floor":35},{"not_picked":["Double Energy","Gash"],"picked":"Recycle+1","floor":36},{"not_picked":["White Noise","Tempest"],"picked":"Hologram","floor":38},{"not_picked":["Gash","Aggregate+1","Rebound"],"picked":"SKIP","floor":39},{"not_picked":["Gash","Aggregate+1","Rebound"],"picked":"SKIP","floor":39},{"not_picked":["Turbo","Chaos+1","Storm+1"],"picked":"SKIP","floor":41},{"not_picked":["Streamline","Steam"],"picked":"Core Surge","floor":42},{"not_picked":["Hologram","Rebound"],"picked":"Coolheaded","floor":44},{"not_picked":["Coolheaded","Ball Lightning"],"picked":"Glacier+1","floor":46},{"not_picked":["Sweeping Beam","Coolheaded"],"picked":"Heatsinks","floor":55}],"player_experience":824206,"relics_obtained":[{"floor":6,"key":"Tiny Chest"},{"floor":8,"key":"Regal Pillow"},{"floor":9,"key":"Bag of Marbles"},{"floor":10,"key":"Sundial"},{"floor":14,"key":"White Beast Statue"},{"floor":20,"key":"Matryoshka"},{"floor":26,"key":"Orichalcum"},{"floor":26,"key":"MealTicket"},{"floor":29,"key":"Ice Cream"},{"floor":37,"key":"Potion Belt"},{"floor":42,"key":"Dream Catcher"},{"floor":46,"key":"Calipers"},{"floor":55,"key":"Toy Ornithopter"}],"event_choices":[{"damage_healed":0,"gold_gain":0,"player_choice":"Forge","damage_taken":0,"max_hp_gain":0,"max_hp_loss":0,"event_name":"Accursed Blacksmith","floor":3,"gold_loss":0,"cards_upgraded":["Consume"]},{"damage_healed":0,"gold_gain":0,"player_choice":"2 cards matched","damage_taken":0,"max_hp_gain":0,"max_hp_loss":0,"event_name":"Match and Keep!","floor":11,"gold_loss":0,"cards_obtained":["Amplify","Barrage"]},{"damage_healed":0,"gold_gain":0,"player_choice":"Obtained Relic","damage_taken":0,"relics_obtained":["Pocketwatch"],"max_hp_gain":0,"max_hp_loss":0,"event_name":"Addict","floor":21,"gold_loss":85},{"damage_healed":0,"gold_gain":0,"player_choice":"Ignored","damage_taken":0,"max_hp_gain":0,"max_hp_loss":0,"event_name":"Ghosts","floor":25,"gold_loss":0},{"damage_healed":0,"gold_gain":50,"player_choice":"Stole From Cult","damage_taken":0,"max_hp_gain":0,"max_hp_loss":0,"event_name":"Nest","floor":30,"gold_loss":0},{"damage_healed":0,"gold_gain":0,"player_choice":"Fight","damage_taken":0,"max_hp_gain":0,"max_hp_loss":0,"event_name":"MindBloom","floor":46,"gold_loss":0}],"is_beta":false,"boss_relics":[{"not_picked":["Black Star","Velvet Choker"],"picked":"Snecko Eye"},{"not_picked":["Inserter","SlaversCollar"],"picked":"Cursed Key"}],"items_purged_floors":[],"is_endless":false,"potions_floor_spawned":[8,12,14,16,18,19,24,28,29,33,35,36,38,39,41,42,44,46,48,55],"ascension_level":20}}