{"host":"rm0ctv8qd8mnbkg1","time":1612102763,"event":{"mods":["Arknights","BaseMod","BetterRewards","Colored Map","DNKmod","Dark Map","Defuse TimeMaze Blight","Friendly Minions","Gremlin Mod","Hubris","Infinite Spire","Minty Spire (QoL Compilation)","MostiFishMod","Permanent Neow","Quarter Circle Forward PUNCH!","RRrroohrrRGHHhhh!!","Rare Cards Sparkle","Relic Sorter","Reliquary","Replay The Spire","RumiaBox-????????","Shade Mod","Shop Mod","Spicy Shops","Spire Arcade","StS++","StSLib","The Dragon Tamer","The Servant 0.9.4","Wandering Minibosses","[IsaacMod]????","??????REMEMod"],"gold_per_floor":[10010,10027,8641,8653,8728,8728,8728,8741,8741,8775,8254,8254,8276,8293,8293,8399,8399,8428,8428,8653,8683,8269,8269,8734,8979,8979,8979,10094,10094,9670,10797,10797,12684,12684,14546,15869,20441,20441,20267,20267,24070,28620,28673,28673,28673],"floor_reached":44,"language":"ENG","playtime":1445,"items_purged":[],"score":1164,"play_id":"6e1b4848-b320-4a12-8c0c-c887650614ea","local_time":"20210131141923","is_ascension_mode":false,"campfire_choices":[{"data":"Shade:TouchOfTheGrave","floor":6,"key":"SMITH"},{"data":"MostiFishMod:BrokenBlackCloak","floor":12,"key":"SMITH"},{"data":"Shade:Bite_Shade","floor":15,"key":"SMITH"},{"data":"Shade:CommandSoldier","floor":23,"key":"SMITH"},{"data":"Shade:DarkOfNight","floor":27,"key":"SMITH"},{"data":"Shade:OfferingToTheBeyond","floor":32,"key":"SMITH"},{"data":"Shade:Putrefaction","floor":40,"key":"SMITH"}],"circlet_count":0,"master_deck":["Shade:Strike_Shade","Shade:Strike_Shade","Shade:Strike_Shade","Shade:Strike_Shade","Shade:Defend_Shade+1","Shade:Defend_Shade","Shade:Defend_Shade","Shade:Defend_Shade","Shade:AnimateDead","Shade:CarefulCut","SuicideKing","MurderousAura","Shade:SkeletonArmy+1","Shade:ExtraLimbs","Shade:TouchOfTheGrave+1","Shade:Bonestorm","Shade:PoundOfFlesh","MostiFishMod:KingOfFree","Shade:Bite_Shade+1","Shade:SkeletonHug","Shade:GraveStillness","hubris:Greed","MostiFishMod:BrokenBlackCloak+1","Shade:FleshToFlesh","Shade:Carnophage","hubris:Greed","Shade:LoseControl","Shade:AuraOfUnlife","Shade:DarkOfNight+1","Shade:StitchTogether","hubris:Greed","Shade:AuraOfUnlife","Shade:CommandSoldier+1","hubris:Greed","hubris:Greed","Shade:RavenousHorde","hubris:Greed","Shade:Trample+1","hubris:Greed","hubris:Greed","hubris:Greed","hubris:Greed","hubris:Greed","Shade:OfferingToTheBeyond+1","hubris:Greed","hubris:Greed","hubris:Greed","hubris:Greed","hubris:Greed","hubris:Greed","hubris:Greed","hubris:Greed","hubris:Greed","hubris:Greed","hubris:Greed","hubris:Greed","hubris:Greed","Shade:Putrefaction+1","hubris:Greed","hubris:Greed","hubris:Greed","hubris:Greed","hubris:Greed","Shade:OpenGraves","hubris:Greed","hubris:Greed","hubris:Greed","hubris:Greed","hubris:Greed","hubris:Greed","hubris:Greed","hubris:Greed","hubris:Greed","hubris:Greed","hubris:Greed","hubris:Greed","hubris:Greed","hubris:Greed","hubris:Greed","REME_PuzzleBox","hubris:Greed","hubris:Greed","hubris:Greed","hubris:Greed","hubris:Greed","hubris:Greed","hubris:Greed","hubris:Greed","hubris:Greed","hubris:Greed","hubris:Greed","hubris:Greed","hubris:Greed","hubris:Greed","hubris:Greed","hubris:Greed","hubris:Greed","hubris:Greed","hubris:Greed","hubris:Greed","hubris:Greed","hubris:Greed"],"relics":["Shade:YorickSkull","REME_ComplimentaryCards","HushsDoor","DaveBox","RhineSuit","PokeGo","SynthV:TestCard","EdensBlessing","Ice Cream","reliquary:BrokenClock","ClockworkSouvenir","War Paint","StSpp:Monolith","ReplayTheSpireMod:Lightbulb","rorgmod:The Boot","infinitespire:CheckeredPen","ReplayTheSpireMod:CursedCoin","REME_DemonsWealth","RottenBaby","infinitespire:BottledMercury","SalivaCoin","ReplayTheSpireMod:Ninjato","reliquary:PartyBalloon","Blue Candle","wanderingMiniBosses:AbyssPearl","hubris:Towel","hubris:MedicalManual","infinitespire:EvilPickle","Art of War"],"acts_visited":["Exordium","TheCity","TheBeyond"],"potions_floor_usage":[33,36],"damage_taken":[{"damage":0,"enemies":"Small Slimes","floor":1,"turns":2},{"damage":0,"enemies":"2 Louse","floor":2,"turns":1},{"damage":0,"enemies":"Jaw Worm","floor":4,"turns":2},{"damage":0,"enemies":"2 Fungi Beasts","floor":8,"turns":1},{"damage":0,"enemies":"3 Sentries","floor":10,"turns":2},{"damage":0,"enemies":"Exordium Wildlife","floor":13,"turns":1},{"damage":0,"enemies":"Lots of Slimes","floor":14,"turns":2},{"damage":0,"enemies":"Slime Boss","floor":16,"turns":3},{"damage":0,"enemies":"Spheric Guardian","floor":18,"turns":1},{"damage":0,"enemies":"Shell Parasite","floor":20,"turns":2},{"damage":0,"enemies":"Sentry and Sphere","floor":21,"turns":2},{"damage":0,"enemies":"Hiden Room Battle","floor":24,"turns":3},{"damage":0,"enemies":"Snake Plant","floor":25,"turns":2},{"damage":7,"enemies":"Snecko","floor":28,"turns":6},{"damage":5,"enemies":"Shelled Parasite and Fungi","floor":31,"turns":2},{"damage":12,"enemies":"Pondfish","floor":33,"turns":3},{"damage":4,"enemies":"3 Shapes","floor":35,"turns":2},{"damage":1,"enemies":"Orb Walker","floor":36,"turns":1},{"damage":15,"enemies":"Spire Growth","floor":37,"turns":4},{"damage":10,"enemies":"Jaw Worm Horde","floor":41,"turns":3},{"damage":12,"enemies":"Writhing Mass","floor":42,"turns":3},{"damage":0,"enemies":"Sphere and 2 Shapes","floor":44,"turns":1}],"seed_played":"4904472765946413640","potions_obtained":[{"floor":4,"key":"AttackPotion"},{"floor":8,"key":"StSpp:ScatteredWeakPotion"},{"floor":10,"key":"SkillPotion"},{"floor":28,"key":"Adrenaline Potion"},{"floor":42,"key":"PowerPotion"}],"is_trial":false,"path_per_floor":["M","M","$","M","?","R","?","M","T","E","$","R","M","M","R","B",null,"M","?","M","M","$","R","?","M","T","R","M","?","$","M","R","B",null,"M","M","M","?","$","R","M","M","T","M"],"character_chosen":"SHADE","items_purchased":["EdensBlessing","Ice Cream","reliquary:BrokenClock","Shade:TouchOfTheGrave","Shade:Bonestorm","Shade:PoundOfFlesh","ClockworkSouvenir","War Paint","MostiFishMod:KingOfFree","rorgmod:The Boot","infinitespire:CheckeredPen","Shade:GraveStillness","ReplayTheSpireMod:CursedCoin","MostiFishMod:BrokenBlackCloak","Shade:AuraOfUnlife","RottenBaby","Shade:DarkOfNight","infinitespire:BottledMercury","SalivaCoin","hubris:MedicalManual","Shade:OfferingToTheBeyond","REME_PuzzleBox"],"campfire_rested":0,"item_purchase_floors":[3,3,3,3,3,3,3,3,3,11,11,11,11,11,17,17,17,22,22,30,30,39],"current_hp_per_floor":[1000,1000,1000,1000,989,989,989,992,992,994,994,994,994,997,997,1000,977,977,977,977,977,977,977,977,977,977,977,971,971,971,966,966,962,977,975,974,966,966,966,966,959,947,947,947,947],"gold":28673,"neow_bonus":"THREE_CARDS","is_daily":false,"chose_seed":false,"campfire_upgraded":7,"win_rate":0.0,"timestamp":1612102763,"path_taken":["M","M","$","M","?","R","?","M","T","E","$","R","M","M","R","BOSS","M","?","M","M","$","R","?","?","T","R","M","?","$","M","R","BOSS","M","?","M","?","$","R","M","M","T","M"],"items_purchased_type":["Relic","Relic","Relic","Card","Card","Card","Relic","Relic","Card","Relic","Relic","Card","Relic","Card","Card","Relic","Card","Relic","Relic","Relic","Card","Card"],"build_version":"2020-12-22","purchased_purges":0,"victory":false,"max_hp_per_floor":[1000,1000,1000,1000,1000,1000,1000,1000,1000,1000,1000,1000,1000,1000,1000,1000,977,977,977,977,977,977,977,977,977,977,977,977,977,977,977,977,977,977,977,977,977,977,977,977,977,977,977,977,977],"card_choices":[{"not_picked":[],"picked":"SuicideKing","floor":0},{"not_picked":["Shade:ExtraLimbs","Shade:FingerOfDeath"],"picked":"Shade:SkeletonArmy","floor":1},{"not_picked":["Shade:SpontaneousRitual","Shade:FeralStrike","Shade:Excise","Shade:DangerousRitual"],"picked":"Shade:ExtraLimbs","floor":2},{"not_picked":["Shade:FreshBones","Shade:LyeBath","Shade:Bonestorm","Shade:Premonition"],"picked":"Shade:Bite_Shade","floor":4},{"not_picked":["Shade:SanguineRitual","Shade:StitchTogether","Shade:Frenzy","Shade:FreshBones"],"picked":"Shade:SkeletonHug","floor":8},{"not_picked":["Shade:SoulToxin","Shade:SkeletonHug","Shade:LastGasp","Shade:FeralStrike"],"picked":"Bomb","floor":10},{"not_picked":["Shade:Frenzy","Shade:GreyBargain","Shade:Bonestorm","Shade:CallOfTheGrave"],"picked":"Shade:FleshToFlesh","floor":13},{"not_picked":["Shade:FeralStrike","Shade:DangerousRitual","Shade:Consume","Shade:SkeletonHug"],"picked":"Shade:Carnophage","floor":14},{"not_picked":["Shade:SelfBurial","Shade:Consume","Shade:OneIsEnough","Shade:MadHubris"],"picked":"Shade:LoseControl","floor":16},{"not_picked":["Shade:BoneShards","Shade:FleshLikeOak","Shade:DangerousRitual","Shade:Haruspicy","Normality"],"picked":"Shade:StitchTogether","floor":18},{"not_picked":["Shade:BoneShards+1","Shade:CloudOfShrapnel+1","Shade:Brains","Shade:FleshLikeOak","rorgmod:Feeble"],"picked":"Shade:AuraOfUnlife","floor":20},{"not_picked":["Shade:WallOfFlesh","Shade:CallOfTheGrave","Shade:Brains","Shade:Trample","hubris:Greed"],"picked":"Shade:CommandSoldier","floor":21},{"not_picked":["Shade:Bonestorm+1","Shade:LyeBath","Shade:GraveStillness+1","Shade:AuraOfUnlife","Decay"],"picked":"Shade:RavenousHorde","floor":24},{"not_picked":["Shade:BoneShards","Shade:PotionOfRestlessness","Shade:SoulToxin","Shade:FuneraryArmor","rorgmod:Injury"],"picked":"Shade:Trample+1","floor":25},{"not_picked":["Shade:Awaken","Shade:CoffinDance+1","Shade:Brains","Shade:GreyBargain","Shade:AncientSpear+1","hubris:Sloth"],"picked":"SKIP","floor":28},{"not_picked":["Shade:AncientSpear","Shade:SkeletonHug","Shade:FleshToFlesh","Shade:ClawBack","Shade:Bonestorm","Clumsy"],"picked":"SKIP","floor":31},{"not_picked":["Shade:LichForm","Shade:SelfBurial","Shade:GreaterAnimation","Shade:LoseControl","hubris:Disease"],"picked":"Shade:Putrefaction","floor":33},{"not_picked":["Shade:Haruspicy","Shade:GraveStillness+1","Shade:Bonestorm+1","Shade:FreshBones+1","Shade:FuneraryArmor+1","Writhe"],"picked":"SKIP","floor":35},{"not_picked":["Shade:Carnophage+1","Shade:Premonition+1","Shade:Bite_Shade","Shade:FuneraryArmor+1","Normality"],"picked":"Shade:OpenGraves","floor":36},{"not_picked":["Shade:AncientSpear","Shade:CoffinDance+1","Shade:FingerOfDeath+1","Shade:PoundOfFlesh","Shade:SpectralStrikes+1","hubris:Disease"],"picked":"SKIP","floor":37},{"not_picked":["Shade:SanguineRitual+1","Shade:FeralStrike+1","Shade:WallOfFlesh","Shade:AuraOfUnlife","Shade:GraveStillness+1","infinitespire:Pacifist"],"picked":"SKIP","floor":41},{"not_picked":["Shade:GraveStillness+1","Shade:Premonition","Shade:Consume","Shade:SkeletonHug+1","Shade:FleshLikeOak","hubris:Compulsion"],"picked":"SKIP","floor":42}],"player_experience":204918,"relics_obtained":[{"floor":1,"key":"SynthV:TestCard"},{"floor":9,"key":"StSpp:Monolith"},{"floor":10,"key":"ReplayTheSpireMod:Lightbulb"},{"floor":24,"key":"ReplayTheSpireMod:Ninjato"},{"floor":24,"key":"reliquary:PartyBalloon"},{"floor":26,"key":"Blue Candle"},{"floor":28,"key":"wanderingMiniBosses:AbyssPearl"},{"floor":43,"key":"Art of War"}],"event_choices":[{"damage_healed":0,"gold_gain":75,"player_choice":"Gather Gold","damage_taken":11,"max_hp_gain":0,"max_hp_loss":0,"event_name":"World of Goop","floor":5,"gold_loss":0},{"damage_healed":0,"gold_gain":0,"player_choice":"Fight","damage_taken":0,"max_hp_gain":0,"max_hp_loss":0,"event_name":"HidenRoomEvent","floor":24,"gold_loss":0}],"is_beta":false,"boss_relics":[{"not_picked":["Ectoplasm","Transparent"],"picked":"REME_DemonsWealth"},{"not_picked":[]},{"not_picked":["hubris:Stopwatch","Cursed Key","GreenFoldingFan"]}],"items_purged_floors":[],"is_endless":false,"potions_floor_spawned":[4,8,10,13,16,20,24,28,35,42],"killed_by":"Sphere and 2 Shapes","ascension_level":0}}