{"host":"6xsbn6ynqlzwllfm","time":1612076181,"event":{"mods":["2.2 Compatiblity","BaseMod","Bestiary","Colored Map","Colored Powertips","Curses Come First","Highlight Path","Keyboard Shortcuts","Minty Spire (QoL Compilation)","Relic Stats","Slay the Relics Exporter","StSLib","SuperFastMode"],"gold_per_floor":[112,112,112,131,56,56,56,92,92,126,155,155,155],"floor_reached":12,"language":"ENG","playtime":205,"items_purged":["Strike_R"],"score":168,"play_id":"970669c7-75f4-4fab-98de-389d30af275b","local_time":"20210131015621","is_ascension_mode":true,"campfire_choices":[{"data":"Demon Form","floor":6,"key":"SMITH"}],"circlet_count":0,"master_deck":["AscendersBane","Strike_R","Strike_R","Strike_R","Strike_R","Defend_R","Defend_R","Defend_R","Defend_R","Bash","Demon Form+1","Pommel Strike","Thunderclap","Carnage","Shockwave","Uppercut"],"relics":["Burning Blood","Letter Opener","Golden Idol","StoneCalendar","Paper Frog","Pantograph","Odd Mushroom"],"acts_visited":["Exordium"],"potions_floor_usage":[10],"damage_taken":[{"damage":13,"enemies":"Cultist","floor":1,"turns":5},{"damage":11,"enemies":"2 Louse","floor":4,"turns":4},{"damage":20,"enemies":"Lagavulin","floor":8,"turns":7},{"damage":30,"enemies":"Gremlin Nob","floor":10,"turns":4},{"damage":23,"enemies":"The Mushroom Lair","floor":11,"turns":5},{"damage":15,"enemies":"Lagavulin","floor":12,"turns":4}],"seed_played":"3289444559918063467","potions_obtained":[{"floor":4,"key":"SneckoOil"},{"floor":8,"key":"FairyPotion"}],"is_trial":false,"path_per_floor":["M","?","?","M","$","R","?","E","T","E","?","E"],"character_chosen":"IRONCLAD","items_purchased":[],"campfire_rested":0,"item_purchase_floors":[],"current_hp_per_floor":[61,26,26,21,21,21,43,29,29,26,9,0,0],"gold":155,"neow_bonus":"ONE_RANDOM_RARE_CARD","is_daily":false,"chose_seed":false,"campfire_upgraded":1,"win_rate":0.0,"timestamp":1612076181,"path_taken":["M","?","?","M","$","R","?","E","T","E","?","E"],"items_purchased_type":[],"build_version":"2020-12-22","purchased_purges":1,"victory":false,"max_hp_per_floor":[75,75,68,68,68,68,68,68,68,68,68,68,68],"relic_stats":{"counters":[6,29],"Golden Idol":24,"Pantograph":0,"StoneCalendar":[0],"Letter Opener":[10],"obtain_stats":[{"Golden Idol":3,"Pantograph":10,"StoneCalendar":8,"Letter Opener":2,"Odd Mushroom":11,"Burning Blood":0,"Paper Frog":9},{"Golden Idol":1,"Pantograph":4,"StoneCalendar":3,"Letter Opener":1,"Odd Mushroom":5,"Burning Blood":0,"Paper Frog":3},{"Golden Idol":5,"Pantograph":20,"StoneCalendar":16,"Letter Opener":5,"Odd Mushroom":25,"Burning Blood":0,"Paper Frog":16}],"Burning Blood":30},"card_choices":[{"not_picked":["Havoc","True Grit"],"picked":"Pommel Strike","floor":1},{"not_picked":["Heavy Blade","Body Slam"],"picked":"Thunderclap","floor":4},{"not_picked":["Evolve","Flex"],"picked":"Carnage","floor":8},{"not_picked":["Headbutt","Anger"],"picked":"Shockwave","floor":10},{"not_picked":["Clothesline","Sword Boomerang"],"picked":"Uppercut","floor":11}],"player_experience":1329119,"relics_obtained":[{"floor":8,"key":"StoneCalendar"},{"floor":9,"key":"Paper Frog"},{"floor":10,"key":"Pantograph"},{"floor":11,"key":"Odd Mushroom"}],"event_choices":[{"damage_healed":0,"gold_gain":0,"player_choice":"Success","damage_taken":35,"relics_obtained":["Letter Opener"],"max_hp_gain":0,"max_hp_loss":0,"event_name":"Scrap Ooze","floor":2,"gold_loss":0},{"damage_healed":0,"gold_gain":0,"player_choice":"Lose Max HP","damage_taken":0,"relics_obtained":["Golden Idol"],"max_hp_gain":0,"max_hp_loss":7,"event_name":"Golden Idol","floor":3,"gold_loss":0},{"damage_healed":22,"gold_gain":0,"player_choice":"Banana","damage_taken":0,"max_hp_gain":0,"max_hp_loss":0,"event_name":"Big Fish","floor":7,"gold_loss":0},{"damage_healed":0,"gold_gain":0,"player_choice":"Fought Mushrooms","damage_taken":0,"max_hp_gain":0,"max_hp_loss":0,"event_name":"Mushrooms","floor":11,"gold_loss":0}],"is_beta":false,"boss_relics":[],"items_purged_floors":[5],"is_endless":false,"potions_floor_spawned":[4,8],"killed_by":"Lagavulin","ascension_level":20}}