{"host":"jhywql2x2v3ppvhm","time":1612061317,"event":{"mods":["BaseMod","Colored Map","Colored Powertips","Downfall","Googly Eyes","Hermit","Marisa????????","Minty Spire (QoL Compilation)","Rare Cards Sparkle","Shop Mod","Slay the Relics Exporter","StSLib","The Animator","The Bug Knight","The Cursed","The Disciple","The Necromancer","The Runesmith","The Servant 0.9.4","slay the spire mod where everything is the same but ironclad has a cowboy hat"],"gold_per_floor":[99,119,135,135,148,148,197,217,217,117,31,31,48,80,97,192,192,92,111,21,39,139,139,139,151,185,85,70,80,80,106,119,217,217,217,217,268,268,121,121,148,165,165,178,53,73,104,104,116,116,116,116],"floor_reached":50,"language":"ENG","playtime":3393,"items_purged":["Slimebound:Defend_Slimebound","Writhe","Slimebound:Defend_Slimebound"],"score":612,"play_id":"de2a7004-b146-4a54-a072-cba9c94ae464","local_time":"20210130214837","is_ascension_mode":false,"campfire_choices":[{"floor":1,"key":"RECALL"},{"data":"Slimebound:Schlurp","floor":10,"key":"SMITH"},{"data":"Slimebound:SamplingLick","floor":12,"key":"SMITH"},{"data":"Slimebound:MegaLick","floor":18,"key":"SMITH"},{"data":"Slimebound:SamplingLick","floor":27,"key":"SMITH"},{"data":"Slimebound:TongueLash","floor":30,"key":"SMITH"},{"data":"Slimebound:DuplicatedForm","floor":35,"key":"SMITH"},{"data":"Slimebound:Schlurp","floor":40,"key":"SMITH"},{"data":"Slimebound:OozeBath","floor":43,"key":"SMITH"}],"circlet_count":0,"master_deck":["Slimebound:Strike_Slimebound","Slimebound:Strike_Slimebound","Slimebound:Strike_Slimebound","Slimebound:Tackle","Slimebound:Defend_Slimebound","Slimebound:Defend_Slimebound+1","Slimebound:Split+1","Slimebound:CorrosiveSpit","Slimebound:TongueLash","Slimebound:Schlurp+1","Slimebound:Schlurp+1","Slimebound:SamplingLick+1","Slimebound:TongueLash+1","Slimebound:SamplingLick+1","Slimebound:WasteNot","Slimebound:MegaLick+1","Slimebound:LeechLife","Slimebound:RainOfGoop","Slimebound:Schlurp+1","Slimebound:Dissolve","Slimebound:LeechingTouch","Slimebound:LeechEnergy","Slimebound:OozeBath+1","Slimebound:DuplicatedForm+1","Wraith","Slimebound:RejuvenatingLick+1","Slimebound:SamplingLick","Slimebound:Prepare","Slimebound:SamplingLick+1"],"relics":["Slimebound:AbsorbEndCombat","Ice Cream","Blue Candle","War Paint","downfall:HeartBlessingRed","Regal Pillow","Slimebound:TarBlob","downfall:HeartBlessingGreen","CaptainsWheel","Mummified Hand","Gremlin Horn","Matryoshka","downfall:HeartBlessingBlue","White Beast Statue","Coffee Dripper","Peace Pipe","HornCleat","HandDrill","Dream Catcher","Akabeko"],"acts_visited":["Exordium","TheCity","TheBeyond"],"potions_floor_usage":[3,16,16,16,22,22,26,33,33,37,39,47,47,47,48,50],"damage_taken":[{"damage":0,"enemies":"Cultist","floor":2,"turns":4},{"damage":0,"enemies":"Small Slimes","floor":3,"turns":3},{"damage":5,"enemies":"Jaw Worm","floor":5,"turns":4},{"damage":1,"enemies":"3 Louse","floor":8,"turns":3},{"damage":0,"enemies":"downfall:FleeingMerchant","floor":11,"turns":4},{"damage":2,"enemies":"Exordium Wildlife","floor":13,"turns":3},{"damage":6,"enemies":"HollowMod:MossKnight","floor":14,"turns":4},{"damage":10,"enemies":"Exordium Thugs","floor":15,"turns":3},{"damage":23,"enemies":"SI_SHIV_ARCHETYPE","floor":16,"turns":5},{"damage":5,"enemies":"Spheric Guardian","floor":19,"turns":3},{"damage":10,"enemies":"downfall:FleeingMerchant","floor":20,"turns":4},{"damage":5,"enemies":"Shell Parasite","floor":21,"turns":3},{"damage":0,"enemies":"Colosseum Nobs","floor":22,"turns":2},{"damage":1,"enemies":"Snecko","floor":25,"turns":4},{"damage":50,"enemies":"Slavers","floor":26,"turns":6},{"damage":2,"enemies":"downfall:FleeingMerchant","floor":28,"turns":4},{"damage":3,"enemies":"Shelled Parasite and Fungi","floor":29,"turns":3},{"damage":1,"enemies":"Book of Stabbing","floor":31,"turns":5},{"damage":5,"enemies":"Centurion and Healer","floor":32,"turns":4},{"damage":37,"enemies":"WA_ARCHETYPE_CALM","floor":33,"turns":9},{"damage":23,"enemies":"2 Orb Walkers","floor":37,"turns":4},{"damage":27,"enemies":"2 Orb Walkers","floor":38,"turns":5},{"damage":11,"enemies":"downfall:FleeingMerchant","floor":39,"turns":3},{"damage":21,"enemies":"3 Darklings","floor":42,"turns":4},{"damage":2,"enemies":"3 Shapes","floor":44,"turns":3},{"damage":16,"enemies":"Maw","floor":46,"turns":5},{"damage":12,"enemies":"Reptomancer","floor":47,"turns":3},{"damage":0,"enemies":"3 Darklings","floor":48,"turns":1},{"damage":20,"enemies":"Writhing Mass","floor":49,"turns":4},{"damage":108,"enemies":"DF_ARCHETYPE_ORBS","floor":50,"turns":7}],"seed_played":"2115628940377528236","potions_obtained":[{"floor":2,"key":"Fire Potion"},{"floor":4,"key":"DistilledChaos"},{"floor":4,"key":"Ancient Potion"},{"floor":4,"key":"SkillPotion"},{"floor":16,"key":"Slimebound:ThreeZeroPotion"},{"floor":21,"key":"ColorlessPotion"},{"floor":22,"key":"Slimebound:SlimedPotion"},{"floor":25,"key":"PowerPotion"},{"floor":26,"key":"SkillPotion"},{"floor":29,"key":"Fire Potion"},{"floor":33,"key":"FearPotion"},{"floor":37,"key":"Slimebound:SlimyTonguePotion"},{"floor":38,"key":"Weak Potion"},{"floor":39,"key":"Swift Potion"},{"floor":46,"key":"Slimebound:SlimedPotion"},{"floor":47,"key":"SmokeBomb"},{"floor":49,"key":"SpeedPotion"}],"is_trial":false,"path_per_floor":["R","M","M","?","M","?","T","M","?","R","$","R","M","E","M","B",null,"R","M","$","M","?","?","T","M","E","R","$","M","R","E","M","B",null,"R","?","?","?","$","R","T","M","R","M","$","M","E","M","M","B"],"character_chosen":"SLIMEBOUND","items_purchased":["Slimebound:TongueLash","HornCleat","HandDrill"],"campfire_rested":0,"item_purchase_floors":[11,39,39],"current_hp_per_floor":[47,51,53,53,52,47,47,48,48,48,54,54,56,54,48,33,65,65,60,59,64,65,65,65,65,49,59,63,64,64,71,75,53,75,75,75,74,75,68,68,68,75,75,75,75,75,75,75,75,0,0,0],"gold":116,"neow_bonus":"ONE_RARE_RELIC","is_daily":false,"chose_seed":false,"campfire_upgraded":8,"win_rate":0.0,"timestamp":1612061317,"path_taken":["R","M","M","?","?","?","T","M","?","R","$","R","M","E","M","BOSS","R","?","$","M","?","?","T","M","E","R","?","?","R","E","M","BOSS","R","?","?","?","$","R","T","M","R","M","$","M","E","?","M","BOSS"],"items_purchased_type":["Card","Relic","Relic"],"build_version":"2020-12-22","purchased_purges":3,"victory":false,"max_hp_per_floor":[65,65,65,65,65,65,65,65,65,65,65,65,65,65,65,65,65,65,65,65,65,65,65,65,65,65,75,75,75,75,75,75,75,75,75,75,75,75,75,75,75,75,75,75,75,75,75,75,75,75,75,75],"card_choices":[{"not_picked":["Slimebound:Chomp","Slimebound:SplitLeeching"],"picked":"Slimebound:TongueLash","floor":2},{"not_picked":["Slimebound:ItLooksTasty","Slimebound:LeechEnergy"],"picked":"Slimebound:Schlurp","floor":3},{"not_picked":["Slimebound:MegaLick","Slimebound:Repurpose"],"picked":"Slimebound:Schlurp","floor":5},{"not_picked":["Slimebound:LivingWall","Slimebound:ViciousTackle","Slimebound:ProtectTheBoss"],"picked":"SKIP","floor":8},{"not_picked":["Slimebound:Schlurp","Slimebound:Repurpose"],"picked":"Slimebound:SamplingLick","floor":11},{"not_picked":["Slimebound:ForwardTackle","Slimebound:Chomp"],"picked":"Slimebound:SamplingLick","floor":13},{"not_picked":["Slimebound:OneTwoCombo","Slimebound:SplitMire"],"picked":"Slimebound:WasteNot","floor":14},{"not_picked":["Slimebound:SpikyOuterGoop","Slimebound:ComboTackle"],"picked":"Slimebound:MegaLick","floor":15},{"not_picked":["Slimebound:OozeBath","Slimebound:Overexert"],"picked":"Slimebound:LeechLife","floor":16},{"not_picked":["Slimebound:Repurpose+1","Slimebound:DisruptingSlam"],"picked":"Slimebound:RainOfGoop","floor":19},{"not_picked":["Slimebound:Repurpose","Slimebound:Prepare","Slimebound:SplitAcid+1"],"picked":"SKIP","floor":20},{"not_picked":["Slimebound:GoopTackle","Slimebound:FinishingTackle"],"picked":"Slimebound:Schlurp","floor":21},{"not_picked":["Slimebound:GrowthPunch+1","Slimebound:SlimeSpikes","Slimebound:SlimeBrawl"],"picked":"SKIP","floor":25},{"not_picked":["Slimebound:GrowthPunch+1","Slimebound:ItLooksTasty"],"picked":"Slimebound:Dissolve","floor":26},{"not_picked":["Slimebound:HungryTackle+1","Slimebound:Grow+1"],"picked":"Slimebound:LeechingTouch","floor":28},{"not_picked":["Slimebound:FinishingTackle","Slimebound:RallyTheTroops","Slimebound:HungryTackle"],"picked":"SKIP","floor":29},{"not_picked":["Slimebound:GoopSpray","Slimebound:RollThrough+1"],"picked":"Slimebound:LeechEnergy","floor":31},{"not_picked":["Slimebound:ItLooksTasty","Slimebound:SplitMire"],"picked":"Slimebound:OozeBath","floor":32},{"not_picked":["Slimebound:OneTwoCombo","Slimebound:WasteNot"],"picked":"Slimebound:DuplicatedForm","floor":33},{"not_picked":["Slimebound:RollThrough+1","Slimebound:Equalize+1"],"picked":"Slimebound:RejuvenatingLick+1","floor":37},{"not_picked":["Slimebound:HungryTackle","Slimebound:Grow"],"picked":"Slimebound:SamplingLick","floor":39},{"not_picked":["Slimebound:LivingWall+1","Slimebound:SplitBruiser","Slimebound:ViciousTackle+1"],"picked":"SKIP","floor":42},{"not_picked":["Slimebound:SamplingLick","Slimebound:RejuvenatingLick","Slimebound:Prepare+1"],"picked":"SKIP","floor":44},{"not_picked":["Slimebound:LeechingTouch+1","Slimebound:RainOfGoop"],"picked":"Slimebound:Prepare","floor":46},{"not_picked":["Slimebound:LevelUp+1","Slimebound:Gluttony"],"picked":"Slimebound:SamplingLick+1","floor":47},{"not_picked":["Slimebound:SplitLeeching+1","Slimebound:ComboTackle","Slimebound:FlameTackle"],"picked":"SKIP","floor":49}],"player_experience":186672,"relics_obtained":[{"floor":7,"key":"War Paint"},{"floor":14,"key":"Regal Pillow"},{"floor":22,"key":"CaptainsWheel"},{"floor":22,"key":"Mummified Hand"},{"floor":26,"key":"Matryoshka"},{"floor":31,"key":"White Beast Statue"},{"floor":37,"key":"Peace Pipe"},{"floor":41,"key":"Dream Catcher"},{"floor":41,"key":"Akabeko"}],"event_choices":[{"damage_healed":0,"gold_gain":0,"player_choice":"Got Potions","damage_taken":0,"max_hp_gain":0,"max_hp_loss":0,"event_name":"Lab","floor":4,"gold_loss":0},{"damage_healed":0,"gold_gain":0,"player_choice":"Ignored","damage_taken":0,"max_hp_gain":0,"max_hp_loss":0,"event_name":"OrinTheCat","floor":36,"gold_loss":0},{"damage_healed":0,"gold_gain":0,"player_choice":"Fight","damage_taken":0,"max_hp_gain":0,"max_hp_loss":0,"event_name":"Mysterious Sphere","floor":37,"gold_loss":0}],"is_beta":false,"boss_relics":[{"not_picked":["Fusion Hammer","Cursed Key"],"picked":"Slimebound:TarBlob"},{"not_picked":["Snecko Eye","Velvet Choker"],"picked":"Coffee Dripper"}],"items_purged_floors":[20,39,45],"is_endless":false,"potions_floor_spawned":[2,14,16,21,22,25,26,29,32,33,37,38,39,42,44,46,47,48,49],"killed_by":"DF_ARCHETYPE_ORBS","ascension_level":0}}