{"host":"p9t7qd83igtcp2bh","time":1612076404,"event":{"mods":["2.2 Compatiblity","AchievementEnabler","BaseMod","Colored Map","Colored Powertips","Custom Start","DeckTracker","Keyboard Shortcuts","Minty Spire (QoL Compilation)","Permanent Neow","Spicy Shops","StSLib","SuperFastMode","everything is the same but u backflip on backflip"],"gold_per_floor":[365,365,49,69,219,246,246,246,298,316,328,343,359,376,376,455,455,472,486,486,1,21,21,21,21,96,107,44,78,78,96,96,175,175,190,190,115,134,46,71,90,125,176,176,176,176,205,222,222,222,222,222,5,39,39],"floor_reached":56,"language":"KOR","playtime":1710,"items_purged":["Strike_P","Strike_P","Strike_P","Wallop","FollowUp+1","Judgement"],"score":2378,"play_id":"72fc3e80-ac01-4ee8-a592-21155e1de7bd","local_time":"20210131160004","is_ascension_mode":true,"campfire_choices":[{"floor":15.0,"key":"REST"},{"data":"Eruption","floor":23.0,"key":"SMITH"},{"data":"Vault","floor":25.0,"key":"SMITH"},{"data":"Adaptation","floor":32.0,"key":"SMITH"},{"floor":46.0,"key":"RECALL"},{"data":"MentalFortress","floor":49.0,"key":"SMITH"},{"data":"TalkToTheHand","floor":52.0,"key":"SMITH"}],"circlet_count":0,"master_deck":["AscendersBane","Defend_P+1","Defend_P","Eruption+1","Vigilance+1","CrushJoints+1","MentalFortress+1","Vault+1","FearNoEvil","Adaptation+1","TalkToTheHand+1"],"relics":["PureWater","The Courier","Membership Card","Orrery","Tiny Chest","Kunai","Oddly Smooth Stone","Ice Cream","InkBottle","Bottled Flame","Sundial","Bag of Marbles","Empty Cage","TheAbacus","CaptainsWheel","Potion Belt","Gambling Chip","Omamori","TungstenRod","Ornamental Fan","Whetstone","Strawberry","VioletLotus","Bird Faced Urn","Pear","War Paint","TeardropLocket","Bag of Preparation","Pantograph"],"acts_visited":["Exordium","TheCity","TheBeyond","TheEnding"],"potions_floor_usage":[54,54,55,55],"damage_taken":[{"damage":5.0,"enemies":"2 Louse","floor":1.0,"turns":2.0},{"damage":0.0,"enemies":"Cultist","floor":4.0,"turns":2.0},{"damage":24.0,"enemies":"Gremlin Nob","floor":6.0,"turns":4.0},{"damage":0.0,"enemies":"Small Slimes","floor":10.0,"turns":2.0},{"damage":0.0,"enemies":"Looter","floor":11.0,"turns":3.0},{"damage":6.0,"enemies":"Exordium Wildlife","floor":12.0,"turns":5.0},{"damage":0.0,"enemies":"Red Slaver","floor":13.0,"turns":1.0},{"damage":0.0,"enemies":"Large Slime","floor":14.0,"turns":2.0},{"damage":2.0,"enemies":"Hexaghost","floor":16.0,"turns":9.0},{"damage":0.0,"enemies":"Spheric Guardian","floor":18.0,"turns":1.0},{"damage":0.0,"enemies":"Chosen","floor":19.0,"turns":4.0},{"damage":10.0,"enemies":"Snake Plant","floor":22.0,"turns":5.0},{"damage":44.0,"enemies":"Centurion and Healer","floor":27.0,"turns":4.0},{"damage":7.0,"enemies":"Gremlin Leader","floor":29.0,"turns":5.0},{"damage":0.0,"enemies":"3 Cultists","floor":31.0,"turns":5.0},{"damage":4.0,"enemies":"Champ","floor":33.0,"turns":15.0},{"damage":8.0,"enemies":"3 Darklings","floor":35.0,"turns":5.0},{"damage":15.0,"enemies":"Orb Walker","floor":38.0,"turns":2.0},{"damage":0.0,"enemies":"Reptomancer","floor":40.0,"turns":2.0},{"damage":0.0,"enemies":"Maw","floor":41.0,"turns":3.0},{"damage":0.0,"enemies":"Nemesis","floor":42.0,"turns":2.0},{"damage":0.0,"enemies":"Giant Head","floor":47.0,"turns":4.0},{"damage":0.0,"enemies":"3 Darklings","floor":48.0,"turns":4.0},{"damage":6.0,"enemies":"Time Eater","floor":50.0,"turns":8.0},{"damage":0,"enemies":"Shield and Spear","floor":54,"turns":3},{"damage":20,"enemies":"The Heart","floor":55,"turns":6}],"seed_played":"-5052316873227059325","potions_obtained":[{"floor":1.0,"key":"DuplicationPotion"},{"floor":6.0,"key":"Swift Potion"},{"floor":13.0,"key":"ColorlessPotion"},{"floor":16.0,"key":"Weak Potion"},{"floor":18.0,"key":"Block Potion"},{"floor":31.0,"key":"Block Potion"},{"floor":33.0,"key":"DuplicationPotion"},{"floor":35.0,"key":"DistilledChaos"},{"floor":40.0,"key":"Ambrosia"}],"is_trial":false,"path_per_floor":["M","?","$","M","?","E","?","T","T","M","M","M","M","M","R","B",null,"M","M","?","$","M","R","?","R","T","M","$","E","T","M","R","B",null,"M","?","$","M","$","E","M","E","T","T","?","R","E","M","R","B",null,"R","$","E","B",null],"character_chosen":"WATCHER","items_purchased":["MentalFortress","Orrery","Tiny Chest","Kunai","Oddly Smooth Stone","Ice Cream","InkBottle","TheAbacus","CaptainsWheel","Potion Belt","Gambling Chip","Omamori","TungstenRod","Bag of Preparation","DuplicationPotion","Strength Potion"],"campfire_rested":1,"item_purchase_floors":[3,3,3,3,3,3,3,21,21,21,21,21,21,53,53,53],"current_hp_per_floor":[38,38,38,38,38,14,7,7,7,7,7,1,1,1,21,19,56,56,56,56,56,46,46,60,60,60,16,16,9,16,16,16,12,59,51,51,51,36,36,36,42,58,58,58,58,58,62,66,66,64,80,80,80,84,65],"gold":39,"neow_bonus":"TWO_FIFTY_GOLD","is_daily":false,"chose_seed":false,"campfire_upgraded":5,"win_rate":0.0,"timestamp":1612076404,"path_taken":["M","?","$","?","?","E","?","?","T","M","?","M","M","M","R","BOSS","M","M","?","$","M","R","?","R","T","M","$","E","?","M","R","BOSS","M","?","$","?","$","E","?","E","T","?","?","R","E","M","R","BOSS","R","$","E","BOSS"],"items_purchased_type":["Card","Relic","Relic","Relic","Relic","Relic","Relic","Relic","Relic","Relic","Relic","Relic","Relic","Relic","Potion","Potion"],"build_version":"2020-12-22","purchased_purges":6,"victory":true,"max_hp_per_floor":[68,68,68,68,68,68,68,68,68,68,68,68,68,68,68,68,68,68,68,68,68,68,68,68,68,68,68,68,68,75,75,75,75,75,75,75,75,75,75,75,75,85,85,85,85,85,85,85,85,85,85,85,85,85,85],"card_choices":[{"not_picked":["Pray","JustLucky"],"picked":"CrushJoints","floor":1.0},{"not_picked":["EmptyMind","Protect"],"picked":"Judgement","floor":3.0},{"not_picked":["LikeWater","Pray"],"picked":"Wallop","floor":3.0},{"not_picked":["Halt","SashWhip"],"picked":"FollowUp","floor":3.0},{"not_picked":["EmptyMind","Evaluate"],"picked":"Adaptation","floor":3.0},{"not_picked":["ClearTheMind","WreathOfFlame","Protect"],"picked":"SKIP","floor":4.0},{"not_picked":["Alpha","CutThroughFate","JustLucky"],"picked":"SKIP","floor":6.0},{"not_picked":["Fasting2","EmptyFist","FollowUp"],"picked":"SKIP","floor":10.0},{"not_picked":["Consecrate","Evaluate","SashWhip"],"picked":"SKIP","floor":11.0},{"not_picked":["Conclude","JustLucky","Protect"],"picked":"SKIP","floor":12.0},{"not_picked":["Establishment","CutThroughFate","Weave"],"picked":"SKIP","floor":13.0},{"not_picked":["CutThroughFate","SashWhip","EmptyBody"],"picked":"SKIP","floor":14.0},{"not_picked":["LessonLearned","DeusExMachina"],"picked":"Vault","floor":16.0},{"not_picked":["EmptyFist","BowlingBash","Swivel"],"picked":"SKIP","floor":18.0},{"not_picked":["Pray+1","Halt","SandsOfTime"],"picked":"SKIP","floor":19.0},{"not_picked":["Evaluate","WreathOfFlame"],"picked":"FearNoEvil","floor":22.0},{"not_picked":["Fasting2","Halt+1","PathToVictory"],"picked":"SKIP","floor":27.0},{"not_picked":["PathToVictory+1","Prostrate","Evaluate"],"picked":"SKIP","floor":29.0},{"not_picked":["CrushJoints","CutThroughFate","Tantrum"],"picked":"SKIP","floor":31.0},{"not_picked":["Tantrum","BowlingBash","ClearTheMind"],"picked":"SKIP","floor":35.0},{"not_picked":["WheelKick","FlurryOfBlows","Consecrate+1"],"picked":"SKIP","floor":38.0},{"not_picked":["DeusExMachina","Halt+1","EmptyMind"],"picked":"SKIP","floor":40.0},{"not_picked":["Prostrate+1","EmptyBody+1","EmptyMind"],"picked":"SKIP","floor":41.0},{"not_picked":["MasterReality","Tantrum","CutThroughFate+1"],"picked":"SKIP","floor":42.0},{"not_picked":["MentalFortress","Weave+1","ClearTheMind"],"picked":"SKIP","floor":47.0},{"not_picked":["BowlingBash","ClearTheMind"],"picked":"TalkToTheHand","floor":48.0},{"not_picked":["LikeWater","BowlingBash","CutThroughFate"],"picked":"SKIP","floor":54}],"player_experience":704857,"relics_obtained":[{"floor":6.0,"key":"Bottled Flame"},{"floor":8.0,"key":"Sundial"},{"floor":9.0,"key":"Bag of Marbles"},{"floor":26.0,"key":"Ornamental Fan"},{"floor":29.0,"key":"Whetstone"},{"floor":30.0,"key":"Strawberry"},{"floor":40.0,"key":"Bird Faced Urn"},{"floor":42.0,"key":"Pear"},{"floor":44.0,"key":"War Paint"},{"floor":47.0,"key":"TeardropLocket"},{"floor":54,"key":"Pantograph"}],"event_choices":[{"cards_removed":["Defend_P"],"damage_healed":0.0,"max_hp_gain":0.0,"max_hp_loss":0.0,"gold_gain":0.0,"event_name":"Purifier","player_choice":"Purged","floor":2.0,"gold_loss":0.0,"damage_taken":0.0},{"damage_healed":0.0,"max_hp_gain":0.0,"max_hp_loss":0.0,"gold_gain":150.0,"event_name":"Liars Game","player_choice":"AGREE","floor":5.0,"gold_loss":0.0,"damage_taken":0.0,"cards_obtained":["Doubt"]},{"cards_removed":["Doubt"],"damage_healed":0.0,"max_hp_gain":0.0,"max_hp_loss":0.0,"gold_gain":0.0,"event_name":"Golden Wing","player_choice":"Card Removal","floor":7.0,"gold_loss":0.0,"damage_taken":7.0},{"damage_healed":0.0,"max_hp_gain":0.0,"max_hp_loss":0.0,"gold_gain":0.0,"event_name":"The Mausoleum","player_choice":"Ignored","floor":20.0,"gold_loss":0.0,"damage_taken":0.0},{"damage_healed":14.0,"max_hp_gain":0.0,"max_hp_loss":0.0,"gold_gain":0.0,"event_name":"The Library","player_choice":"Heal","floor":24.0,"gold_loss":0.0,"damage_taken":0.0},{"damage_healed":0.0,"max_hp_gain":0.0,"max_hp_loss":0.0,"gold_gain":0.0,"event_name":"Duplicator","player_choice":"Copied","floor":36.0,"gold_loss":0.0,"damage_taken":0.0,"cards_obtained":["Adaptation"]},{"cards_removed":["Adaptation"],"damage_healed":0.0,"max_hp_gain":0.0,"max_hp_loss":0.0,"gold_gain":0.0,"event_name":"Falling","player_choice":"Removed Power","floor":45.0,"gold_loss":0.0,"damage_taken":0.0}],"is_beta":false,"boss_relics":[{"not_picked":["Fusion Hammer","SlaversCollar"],"picked":"Empty Cage"},{"not_picked":["Runic Dome","Sozu"],"picked":"VioletLotus"}],"items_purged_floors":[3,21,28,37,39,53],"is_endless":false,"potions_floor_spawned":[1,6,10,12,13,16,18,31,33,35,40,41,47],"ascension_level":16}}