{"host":"uv5ws9rdk87e8i5k","time":1612074046,"event":{"mods":["AchievementEnabler","BaseMod","Colored Map","Minty Spire (QoL Compilation)","Permanent Neow","Quick Restart","StSLib","SuperFastMode","The Necromancer"],"gold_per_floor":[114,39,55,68,87,87,105,137,137,162,162,195,195,212,212,291,291,306,306,306,306],"floor_reached":20,"language":"ENG","playtime":562,"items_purged":[],"score":340,"play_id":"031c6d10-f222-4cf2-8917-163396127cc9","local_time":"20210131002046","is_ascension_mode":true,"campfire_choices":[{"data":"Shade_Step","floor":6.0,"key":"SMITH"},{"data":"Siphon_Strength","floor":11.0,"key":"SMITH"},{"data":"Death_March_Dance","floor":15.0,"key":"SMITH"}],"circlet_count":0,"master_deck":["AscendersBane","Defend_W","Defend_W","Defend_W","Negative_Energy_Arrows","Bone_Wall","Death_March_Dance+1","Scare+1","Summon_Vampire_Lady+1","Spectral_Walk","Shade_Step+1","Spectral_Walk+1","Life_Tap","Siphon_Strength+1","Bone_Prison","Death_March_Dance+1","Requiem","Death_March_Dance+1"],"relics":["Astrolabe","Mercury Hourglass","Torii","Letter Opener","Dead Branch","Coffee Dripper"],"acts_visited":["Exordium","TheCity"],"potions_floor_usage":[],"damage_taken":[{"damage":0.0,"enemies":"Cultist","floor":1.0,"turns":4.0},{"damage":6.0,"enemies":"2 Louse","floor":3.0,"turns":3.0},{"damage":0.0,"enemies":"Small Slimes","floor":4.0,"turns":3.0},{"damage":4.0,"enemies":"Red Slaver","floor":5.0,"turns":5.0},{"damage":3.0,"enemies":"3 Louse","floor":7.0,"turns":3.0},{"damage":16.0,"enemies":"3 Sentries","floor":8.0,"turns":11.0},{"damage":5.0,"enemies":"Lagavulin","floor":10.0,"turns":6.0},{"damage":16.0,"enemies":"Gremlin Nob","floor":12.0,"turns":4.0},{"damage":2.0,"enemies":"Blue Slaver","floor":14.0,"turns":3.0},{"damage":20,"enemies":"Slime Boss","floor":16,"turns":8},{"damage":0,"enemies":"Chosen","floor":18,"turns":5},{"damage":0,"enemies":"Shell Parasite","floor":20,"turns":1}],"seed_played":"-4234703100761018913","potions_obtained":[{"floor":1.0,"key":"CultistPotion"},{"floor":7.0,"key":"Weak Potion"},{"floor":8.0,"key":"SpeedPotion"},{"floor":16,"key":"BlessingOfTheForge"}],"is_trial":false,"path_per_floor":["M","?","M","M","M","R","M","E","T","E","R","E","?","M","R","B",null,"M","?","M"],"character_chosen":"NECROMANCER","items_purchased":[],"campfire_rested":0,"item_purchase_floors":[],"current_hp_per_floor":[70,70,68,71,71,71,71,71,71,71,71,58,58,65,65,58,68,71,71,71,71],"gold":306,"neow_bonus":"BOSS_RELIC","is_daily":false,"chose_seed":false,"campfire_upgraded":3,"win_rate":0.0,"timestamp":1612074046,"path_taken":["M","?","M","M","M","R","M","E","T","E","R","E","?","M","R","BOSS","M","?","M"],"items_purchased_type":[],"build_version":"2020-12-22","purchased_purges":0,"victory":false,"max_hp_per_floor":[71,71,71,71,71,71,71,71,71,71,71,71,71,71,71,71,71,71,71,71,71],"card_choices":[{"not_picked":["Bones_to_Steel","Negative_Energy_Shield"],"picked":"Spectral_Walk","floor":1.0},{"not_picked":["Finger_Of_Death","Bones_to_Steel"],"picked":"Shade_Step","floor":3.0},{"not_picked":["Reap_The_Weak","Chill_Blood","Finger_Of_Death"],"picked":"SKIP","floor":4.0},{"not_picked":["Blood_Shield","Chill_Blood"],"picked":"Spectral_Walk","floor":5.0},{"not_picked":["Deaths_Shadow","Bone_Shift"],"picked":"Life_Tap","floor":7.0},{"not_picked":["Bone_Armory","Spectral_Walk"],"picked":"Siphon_Strength","floor":8.0},{"not_picked":["Blood_Curse","Strike_from_Beyond","Bone_Bullets"],"picked":"SKIP","floor":10.0},{"not_picked":["Vampiric_Strike","Death_Coil"],"picked":"Bone_Prison","floor":12.0},{"not_picked":["Violent_Necrosis","Finger_Of_Death"],"picked":"Death_March_Dance","floor":14.0},{"not_picked":["Summon_Death_Knight","Detonate_Bones"],"picked":"Requiem","floor":16},{"not_picked":["Bone_Armor","Bone_Bullets"],"picked":"Death_March_Dance+1","floor":18}],"player_experience":319817,"relics_obtained":[{"floor":8.0,"key":"Mercury Hourglass"},{"floor":9.0,"key":"Torii"},{"floor":10.0,"key":"Letter Opener"},{"floor":12.0,"key":"Dead Branch"}],"event_choices":[{"cards_removed":["Strike_W"],"damage_healed":0.0,"max_hp_gain":0.0,"max_hp_loss":0.0,"gold_gain":0.0,"event_name":"The Cleric","player_choice":"Card Removal","floor":2.0,"gold_loss":75.0,"damage_taken":0.0},{"damage_healed":0.0,"max_hp_gain":0.0,"max_hp_loss":0.0,"gold_gain":0.0,"event_name":"Living Wall","player_choice":"Grow","floor":13.0,"gold_loss":0.0,"damage_taken":0.0,"cards_upgraded":["Spectral_Walk"]},{"cards_removed":["Strike_W"],"damage_healed":0,"gold_gain":0,"player_choice":"Purged","damage_taken":0,"max_hp_gain":0,"max_hp_loss":0,"event_name":"Purifier","floor":19,"gold_loss":0}],"is_beta":false,"boss_relics":[{"not_picked":["Busted Crown","Pandora\u0027s Box"],"picked":"Coffee Dripper"}],"items_purged_floors":[],"is_endless":false,"potions_floor_spawned":[1,7,8,16],"killed_by":"Shell Parasite","ascension_level":15}}