{"host":"87mnajev72vv2sjg","time":1612079712,"event":{"mods":["BaseMod","BetterRewards","Colored Map","Curses Come First","Infinite Spire","Minty Spire (QoL Compilation)","Shop Mod","StSLib","SuperFastMode","The Gatherer"],"gold_per_floor":[115,130,149,149,165,191,201,214,241,268,268,287,304,304,304,403,403,422,440,452,464,173,173,190,219,219,241,241,285,285,131,131,229,238,257,286,316,50,78,108,124,142,142,142,142,142,42,61,61,157,157,170,170,176,176,190,190,190,210,210,214,214,221,199,199,199,281,281,274,283,292,292,337,374,376,376,376,393,112,135,131,142,142,230,230,237,225,257,281,281,281],"floor_reached":89,"language":"ENG","playtime":4737,"items_purged":["Normality","Gatherer:Strike_Gatherer","Gatherer:Strike_Gatherer","Writhe","Gatherer:BomberForm"],"score":1644,"play_id":"9ec391e8-ab82-441f-92f0-edccaa3c1ec4","local_time":"20210131025512","is_ascension_mode":false,"metric_token":657,"campfire_choices":[{"floor":11.0,"key":"REST"},{"data":"Gatherer:UpgradeBag","floor":15.0,"key":"SMITH"},{"floor":23.0,"key":"REST"},{"floor":30.0,"key":"REST"},{"floor":32.0,"key":"REST"},{"floor":44.0,"key":"RECALL"},{"floor":46.0,"key":"REST"},{"floor":49.0,"key":"REST"},{"floor":57.0,"key":"REST"},{"floor":62.0,"key":"REST"},{"floor":66.0,"key":"REST"},{"data":"1","floor":76,"key":"LIFT"},{"data":"2","floor":83,"key":"LIFT"}],"circlet_count":0,"master_deck":["Gatherer:Defend_Gatherer","Gatherer:Defend_Gatherer+1","Gatherer:Defend_Gatherer","Gatherer:Defend_Gatherer","Gatherer:Defend_Gatherer","Gatherer:Centralize","Gatherer:FlowerWhip","Gatherer:Liquidism","Gatherer:Convert","Gatherer:QuickSynthesis","Gatherer:BambuSword","Gatherer:AlchemyTrial","Gatherer:Snatch","Gatherer:Snatch","Gatherer:RecipeChange","Gatherer:RecoveryHerb","Gatherer:Snatch","Gatherer:UpgradeBag+1","Gatherer:MiningStrike","Gatherer:FruitForce","Gatherer:Misfortune+1","Gatherer:RecoveryHerb","Gatherer:AlchemyTrial","Gatherer:EnergyBasket","Gatherer:EnergyBasket+1","CurseOfTheBell","Gatherer:QuickSynthesis+1","Gatherer:CursedBlade","Gatherer:EnergyBasket","Gatherer:UpgradeBag","Gatherer:QuickSynthesis","Gatherer:QuickSynthesis+1","Gatherer:Duplicator","Gatherer:Examine","infinitespire:Gouge","Bite","Bite","Bite+1","Bite","Bite","Gatherer:Misfortune+1","Gatherer:Convert","Gatherer:QuickSynthesis","Gatherer:Examine","Gatherer:QuickSynthesis+1","infinitespire:UltimateForm"],"relics":["Gatherer:AlchemyBag","CaptainsWheel","Bird Faced Urn","infinitespire:EmpoweringShard","Oddly Smooth Stone","Lantern","Fusion Hammer","DollysMirror","CeramicFish","infinitespire:Joker Card","Gatherer:MiracleBag","infinitespire:CursedDice","Anchor","Strange Spoon","Calling Bell","infinitespire:Beetle Shell","White Beast Statue","Ginger","Medical Kit","infinitespire:ShieldingShard","Sundial","Pear","WingedGreaves","Runic Dome","infinitespire:WardingShard","Girya","Runic Pyramid","Nilry\u0027s Codex","Whetstone","Ornamental Fan","infinitespire:Eraser","Blood Vial","HandDrill","War Paint","Philosopher\u0027s Stone","Thread and Needle","infinitespire:Golems Mask"],"acts_visited":["Exordium","TheCity","TheBeyond","Exordium","TheCity","TheBeyond"],"potions_floor_usage":[78,87],"damage_taken":[{"damage":4.0,"enemies":"Small Slimes","floor":1.0,"turns":5.0},{"damage":0.0,"enemies":"Cultist","floor":2.0,"turns":3.0},{"damage":11.0,"enemies":"Jaw Worm","floor":3.0,"turns":3.0},{"damage":21.0,"enemies":"Lots of Slimes","floor":5.0,"turns":4.0},{"damage":6.0,"enemies":"Gremlin Nob","floor":6.0,"turns":4.0},{"damage":0.0,"enemies":"Large Slime","floor":7.0,"turns":4.0},{"damage":8.0,"enemies":"Looter","floor":8.0,"turns":3.0},{"damage":18.0,"enemies":"Lagavulin","floor":10.0,"turns":5.0},{"damage":0.0,"enemies":"3 Louse","floor":12.0,"turns":2.0},{"damage":0.0,"enemies":"2 Fungi Beasts","floor":13.0,"turns":4.0},{"damage":33.0,"enemies":"Hexaghost","floor":16.0,"turns":8.0},{"damage":16.0,"enemies":"Chosen","floor":18.0,"turns":5.0},{"damage":0.0,"enemies":"Spheric Guardian","floor":19.0,"turns":4.0},{"damage":25.0,"enemies":"Snake Plant","floor":20.0,"turns":3.0},{"damage":15.0,"enemies":"Centurion and Healer","floor":21.0,"turns":5.0},{"damage":41.0,"enemies":"Shelled Parasite and Fungi","floor":24.0,"turns":5.0},{"damage":35.0,"enemies":"Gremlin Leader","floor":25.0,"turns":7.0},{"damage":21.0,"enemies":"Snake Plant","floor":27.0,"turns":3.0},{"damage":13.0,"enemies":"Nightmare","floor":29.0,"turns":6.0},{"damage":9.0,"enemies":"Champ","floor":33.0,"turns":6.0},{"damage":18.0,"enemies":"Orb Walker","floor":35.0,"turns":3.0},{"damage":8.0,"enemies":"3 Shapes","floor":36.0,"turns":2.0},{"damage":5.0,"enemies":"Sphere and 2 Shapes","floor":37.0,"turns":4.0},{"damage":12.0,"enemies":"Transient","floor":39.0,"turns":5.0},{"damage":18.0,"enemies":"Nemesis","floor":40.0,"turns":3.0},{"damage":1.0,"enemies":"4 Shapes","floor":41.0,"turns":2.0},{"damage":7.0,"enemies":"3 Darklings","floor":42.0,"turns":2.0},{"damage":11.0,"enemies":"Transient","floor":48.0,"turns":5.0},{"damage":86.0,"enemies":"infinitespire:MassOfShapes","floor":50.0,"turns":9.0},{"damage":0.0,"enemies":"Cultist","floor":52.0,"turns":2.0},{"damage":0.0,"enemies":"Small Slimes","floor":54.0,"turns":4.0},{"damage":10.0,"enemies":"2 Louse","floor":56.0,"turns":2.0},{"damage":0.0,"enemies":"Exordium Wildlife","floor":59.0,"turns":2.0},{"damage":20.0,"enemies":"Blue Slaver","floor":61.0,"turns":3.0},{"damage":0.0,"enemies":"3 Louse","floor":63.0,"turns":2.0},{"damage":58.0,"enemies":"Nightmare","floor":64.0,"turns":8.0},{"damage":21.0,"enemies":"The Guardian","floor":67.0,"turns":6.0},{"damage":0.0,"enemies":"Chosen","floor":69.0,"turns":6.0},{"damage":0,"enemies":"Nightmare","floor":74,"turns":1},{"damage":8,"enemies":"Slavers","floor":75,"turns":4},{"damage":0,"enemies":"Gremlin Leader","floor":78,"turns":3},{"damage":4,"enemies":"3 Byrds","floor":81,"turns":3},{"damage":0,"enemies":"3 Cultists","floor":82,"turns":3},{"damage":3,"enemies":"Collector","floor":84,"turns":5},{"damage":0,"enemies":"Orb Walker","floor":86,"turns":2},{"damage":22,"enemies":"3 Darklings","floor":87,"turns":3},{"damage":26,"enemies":"Mind Bloom Boss Battle","floor":88,"turns":3},{"damage":0,"enemies":"infinitespire:Three Voidlings","floor":89,"turns":4},{"damage":44,"enemies":"Nightmare_Alpha","floor":89,"turns":8}],"seed_played":"-4847895801569777340","potions_obtained":[{"floor":2.0,"key":"Block Potion"},{"floor":5.0,"key":"Poison Potion"},{"floor":8.0,"key":"SkillPotion"},{"floor":12.0,"key":"Fire Potion"},{"floor":16.0,"key":"Explosive Potion"},{"floor":19.0,"key":"EssenceOfSteel"},{"floor":24.0,"key":"Swift Potion"},{"floor":25.0,"key":"SkillPotion"},{"floor":29.0,"key":"BlessingOfTheForge"},{"floor":35.0,"key":"LiquidMemories"},{"floor":36.0,"key":"GamblersBrew"},{"floor":37.0,"key":"LiquidMemories"},{"floor":40.0,"key":"EssenceOfSteel"},{"floor":41.0,"key":"FairyPotion"},{"floor":42.0,"key":"DistilledChaos"},{"floor":48.0,"key":"PowerPotion"},{"floor":50.0,"key":"GamblersBrew"},{"floor":54.0,"key":"Ancient Potion"},{"floor":61.0,"key":"Poison Potion"},{"floor":64.0,"key":"Ancient Potion"},{"floor":74,"key":"EntropicBrew"},{"floor":84,"key":"Swift Potion"},{"floor":87,"key":"Poison Potion"},{"floor":88,"key":"Block Potion"}],"is_trial":false,"path_per_floor":["M","M","M","?","M","E","M","M","T","E","R","M","M","?","R","B",null,"M","M","M","M","$","R","M","E","T","M","AVR","NM","R","$","R","B",null,"M","M","M","$","M","E","M","M","T","R","AVR","R","$","M","R","B",null,"M","?","M","AVR","M","R","?","M","T","M","R","M","NM","?","R","B",null,"M","?","AVR","?","?","NM","E","R","T","E","$","T","M","M","R","B",null,"M","M","?","?"],"character_chosen":"THE_GATHERER","items_purchased":["Gatherer:Liquidism","Gatherer:Convert","Gatherer:QuickSynthesis","Gatherer:BambuSword","Gatherer:AlchemyTrial","Bird Faced Urn","DollysMirror","Gatherer:RecoveryHerb","Gatherer:AlchemyTrial","Strange Spoon","Gatherer:EnergyBasket","Medical Kit","HandDrill"],"campfire_rested":9,"item_purchase_floors":[0,0,0,0,0,0,22,22,22,31,38,38,79],"current_hp_per_floor":[40,44,37,37,20,18,20,20,20,18,39,39,46,46,46,22,72,56,62,47,42,42,64,36,29,29,16,16,27,49,49,71,67,76,58,56,59,59,57,61,78,73,73,73,73,81,81,78,81,23,81,81,81,86,86,78,86,86,86,86,68,86,86,38,20,48,69,96,96,96,96,80,67,67,67,67,67,72,72,72,72,72,72,72,72,72,60,68,70,70,70],"gold":281,"neow_bonus":"","is_daily":false,"chose_seed":false,"campfire_upgraded":1,"win_rate":0.0,"timestamp":1612079712,"path_taken":["M","M","M","?","M","E","M","M","T","E","R","?","M","?","R","BOSS","M","M","M","M","?","R","M","E","T","M","AVR","NM","R","$","R","BOSS","M","M","M","$","M","E","M","M","T","R","AVR","R","$","M","R","BOSS","M","?","M","AVR","M","R","?","M","T","M","R","M","NM","?","R","BOSS","M","?","AVR","?","?","NM","E","R","T","E","$","?","M","M","R","BOSS","M","M","?","?"],"items_purchased_type":["Card","Card","Card","Card","Card","Relic","Relic","Card","Card","Relic","Card","Relic","Relic"],"build_version":"2020-12-22","purchased_purges":5,"victory":false,"max_hp_per_floor":[72,72,72,72,72,72,72,72,72,72,72,72,72,72,72,72,72,72,72,76,76,76,76,76,76,76,76,76,76,76,76,76,76,76,76,76,76,76,76,81,81,81,81,81,81,81,81,81,81,81,81,81,81,86,86,86,86,86,86,86,86,86,86,96,96,96,96,96,96,96,96,96,67,67,67,67,67,72,72,72,72,72,72,72,72,72,72,72,72,72,72],"card_choices":[{"not_picked":["Gatherer:DrugPower","Gatherer:WoolGloves"],"picked":"Gatherer:Snatch","floor":1.0},{"not_picked":["Gatherer:HeartToFruit","Gatherer:Duplicator"],"picked":"Gatherer:Snatch","floor":2.0},{"not_picked":["Gatherer:Frenzy","Gatherer:ScherryThrow","Gatherer:GatherMaterial"],"picked":"SKIP","floor":3.0},{"not_picked":["Gatherer:BambuSword","Gatherer:Solidify"],"picked":"Gatherer:RecipeChange","floor":5.0},{"not_picked":["Gatherer:Duality","Gatherer:CollectorsShot","Gatherer:ColorfulGarden"],"picked":"SKIP","floor":6.0},{"not_picked":["Gatherer:Pollute","Gatherer:Convert"],"picked":"Gatherer:RecoveryHerb","floor":7.0},{"not_picked":["Gatherer:AcidicSpray","Gatherer:WitheringStrike","Gatherer:AromaProtection"],"picked":"SKIP","floor":8.0},{"not_picked":["Gatherer:DrugPower","Gatherer:BambuSword"],"picked":"Gatherer:Snatch","floor":10.0},{"not_picked":["Gatherer:EchoOfNature","Gatherer:Misfortune","Gatherer:CarefulStrike"],"picked":"SKIP","floor":12.0},{"not_picked":["Gatherer:CollectorsShot","Gatherer:TacticalStrike"],"picked":"Gatherer:UpgradeBag","floor":13.0},{"not_picked":["Gatherer:HeartToFruit","Gatherer:Bulldoze"],"picked":"Gatherer:BomberForm","floor":16.0},{"not_picked":["Gatherer:TreeGrowth","Gatherer:RecipeChange+1"],"picked":"Gatherer:MiningStrike","floor":18.0},{"not_picked":["Gatherer:TacticalStrike+1","Gatherer:MiningStrike","Gatherer:GatherMaterial"],"picked":"SKIP","floor":19.0},{"not_picked":["Gatherer:FlowerShield","Gatherer:VenomBarrier+1"],"picked":"Gatherer:FruitForce","floor":20.0},{"not_picked":["Gatherer:Convert","Gatherer:DrugPower"],"picked":"Gatherer:Misfortune","floor":21.0},{"not_picked":["Gatherer:FlowerFalling+1","Gatherer:ScherryThrow","Gatherer:BambuSword"],"picked":"SKIP","floor":24.0},{"not_picked":["Gatherer:Convert","Gatherer:StoneFence","Gatherer:Liquidism"],"picked":"SKIP","floor":25.0},{"not_picked":["Gatherer:GatherMaterial","Gatherer:CollectorsShot"],"picked":"Gatherer:EnergyBasket","floor":27.0},{"not_picked":["Gatherer:RecoveryHerb+1","Gatherer:AlchemyTrial"],"picked":"Gatherer:EnergyBasket+1","floor":29.0},{"not_picked":["Gatherer:CarefulStrike","Gatherer:AcidicSpray+1","Gatherer:FlowerFalling"],"picked":"SKIP","floor":35.0},{"not_picked":["Gatherer:Solidify+1","Gatherer:Frenzy+1"],"picked":"Gatherer:QuickSynthesis+1","floor":36.0},{"not_picked":["Gatherer:Pollute","Gatherer:CollectorsShot"],"picked":"Gatherer:CursedBlade","floor":37.0},{"not_picked":["Gatherer:DrugPower+1","Gatherer:WoolGloves+1"],"picked":"Gatherer:UpgradeBag","floor":39.0},{"not_picked":["Gatherer:GatherMaterial","Gatherer:SealedBomb","Gatherer:Frenzy"],"picked":"SKIP","floor":40.0},{"not_picked":["Gatherer:DrugPower","Gatherer:CarefulStrike+1","Gatherer:Convert"],"picked":"SKIP","floor":41.0},{"not_picked":["Gatherer:CollectorsShot+1","Gatherer:Convert+1","Gatherer:AcidicSpray"],"picked":"SKIP","floor":42.0},{"not_picked":["Gatherer:RecoveryHerb","Gatherer:CarefulStrike","Gatherer:Duality+1"],"picked":"SKIP","floor":48.0},{"not_picked":["Gatherer:TacticalStrike","Gatherer:ScentOfRosmari","Gatherer:PotentialSlash"],"picked":"SKIP","floor":52.0},{"not_picked":["Gatherer:ScentOfRosmari","Gatherer:Convert"],"picked":"Gatherer:QuickSynthesis","floor":54.0},{"not_picked":["Gatherer:FlowerFalling","Gatherer:OddSpoils"],"picked":"Gatherer:QuickSynthesis","floor":56.0},{"not_picked":["Gatherer:Polymorphism","Gatherer:Misfortune"],"picked":"Gatherer:Duplicator","floor":59.0},{"not_picked":["Gatherer:WoolGloves","Gatherer:EchoOfNature","Gatherer:SaveValuables"],"picked":"SKIP","floor":61.0},{"not_picked":["Gatherer:GatherMaterial","Gatherer:MiningStrike","Gatherer:WoolGloves"],"picked":"SKIP","floor":63.0},{"not_picked":["Gatherer:DrugPower","Gatherer:FlowerShield","Gatherer:TreeGrowth"],"picked":"SKIP","floor":64.0},{"not_picked":["Gatherer:BomberForm","Gatherer:LuckyClover"],"picked":"Gatherer:Examine","floor":67.0},{"not_picked":["infinitespire:SealOfDarkness+","infinitespire:FutureSight"],"picked":"infinitespire:Gouge","floor":67.0},{"not_picked":["Gatherer:TacticalStrike","Gatherer:Uplift+1","Gatherer:DrugPower"],"picked":"SKIP","floor":69.0},{"not_picked":["Gatherer:CarefulStrike","Gatherer:AromaProtection"],"picked":"Gatherer:Misfortune+1","floor":74},{"not_picked":["Gatherer:VenomBarrier+1","Gatherer:FlowerPower","Gatherer:SmartManeuver"],"picked":"SKIP","floor":75},{"not_picked":["Gatherer:VenomBarrier+1","Gatherer:FlowerPower","Gatherer:SmartManeuver"],"picked":"SKIP","floor":75},{"not_picked":["Gatherer:ScentOfRosmari","Gatherer:SaveValuables+1","Gatherer:GlowingPlant"],"picked":"SKIP","floor":78},{"not_picked":["Gatherer:RecoveryHerb","Gatherer:SaveValuables+1"],"picked":"Gatherer:Convert","floor":81},{"not_picked":["Gatherer:AlchemyTrial","Gatherer:EchoOfNature"],"picked":"Gatherer:QuickSynthesis","floor":82},{"not_picked":["Gatherer:FinishingStrike","Gatherer:StoneFence"],"picked":"Gatherer:Examine","floor":84},{"not_picked":["Gatherer:RecoveryHerb","Gatherer:FlowerFalling+1","Gatherer:MiningStrike+1"],"picked":"SKIP","floor":86},{"not_picked":["Gatherer:Convert+1","Gatherer:Snatch+1","Gatherer:FragileHammer+1"],"picked":"SKIP","floor":87},{"not_picked":["Gatherer:AcidicSpray+1","Gatherer:Convert"],"picked":"Gatherer:QuickSynthesis+1","floor":88},{"not_picked":["infinitespire:Fortify","infinitespire:FinalStrike"],"picked":"infinitespire:UltimateForm","floor":89}],"player_experience":317592,"relics_obtained":[{"floor":6.0,"key":"infinitespire:EmpoweringShard"},{"floor":9.0,"key":"Oddly Smooth Stone"},{"floor":10.0,"key":"Lantern"},{"floor":25.0,"key":"CeramicFish"},{"floor":26.0,"key":"infinitespire:Joker Card"},{"floor":29.0,"key":"Anchor"},{"floor":34.0,"key":"infinitespire:Beetle Shell"},{"floor":34.0,"key":"White Beast Statue"},{"floor":34.0,"key":"Ginger"},{"floor":40.0,"key":"infinitespire:ShieldingShard"},{"floor":60.0,"key":"Sundial"},{"floor":64.0,"key":"Pear"},{"floor":72,"key":"Nilry\u0027s Codex"},{"floor":74,"key":"Whetstone"},{"floor":75,"key":"Ornamental Fan"},{"floor":77,"key":"infinitespire:Eraser"},{"floor":78,"key":"Blood Vial"},{"floor":80,"key":"War Paint"},{"floor":88,"key":"Thread and Needle"},{"floor":89,"key":"infinitespire:Golems Mask"}],"event_choices":[{"damage_healed":0.0,"max_hp_gain":0.0,"max_hp_loss":0.0,"gold_gain":0.0,"event_name":"Transmorgrifier","player_choice":"Ignored","floor":4.0,"gold_loss":0.0,"damage_taken":0.0},{"damage_healed":0.0,"max_hp_gain":0.0,"max_hp_loss":0.0,"gold_gain":0.0,"event_name":"Match and Keep!","player_choice":"0 cards matched","floor":14.0,"gold_loss":0.0,"damage_taken":0.0,"cards_obtained":[]},{"cards_removed":["Gatherer:BomberForm"],"damage_healed":0.0,"max_hp_gain":0.0,"max_hp_loss":0.0,"gold_gain":0.0,"event_name":"Living Wall","player_choice":"Forget","floor":58.0,"gold_loss":0.0,"damage_taken":0.0},{"damage_healed":0.0,"max_hp_gain":0.0,"max_hp_loss":0.0,"gold_gain":0.0,"event_name":"Scrap Ooze","player_choice":"Success","floor":65.0,"gold_loss":0.0,"damage_taken":18.0,"relics_obtained":["WingedGreaves"]},{"damage_healed":0.0,"max_hp_gain":0.0,"max_hp_loss":0.0,"gold_gain":0.0,"event_name":"The Mausoleum","player_choice":"Opened","floor":70.0,"gold_loss":0.0,"damage_taken":0.0,"relics_obtained":["infinitespire:WardingShard"],"cards_obtained":["Writhe"]},{"damage_healed":0,"gold_gain":0,"player_choice":"Obtained Book","damage_taken":16,"max_hp_gain":0,"max_hp_loss":0,"event_name":"Cursed Tome","floor":72,"gold_loss":0},{"damage_healed":0,"gold_gain":0,"player_choice":"Became a vampire","damage_taken":0,"max_hp_gain":0,"max_hp_loss":29,"event_name":"Vampires","floor":73,"gold_loss":0,"cards_obtained":["Bite","Bite","Bite","Bite","Bite"]},{"damage_healed":0,"gold_gain":0,"player_choice":"Fight","damage_taken":0,"max_hp_gain":0,"max_hp_loss":0,"event_name":"MindBloom","floor":88,"gold_loss":0}],"is_beta":false,"boss_relics":[{"not_picked":["Pandora\u0027s Box","SlaversCollar"],"picked":"Fusion Hammer"},{"not_picked":["Gatherer:ExplorersPath","Black Star"],"picked":"Calling Bell"},{"not_picked":["Velvet Choker","Coffee Dripper","Busted Crown"]},{"not_picked":["Coffee Dripper","Black Star"],"picked":"Runic Dome"},{"not_picked":["Velvet Choker","Tiny House"],"picked":"Philosopher\u0027s Stone"}],"items_purged_floors":[38,45,47,71,79],"is_endless":false,"potions_floor_spawned":[2,5,8,12,16,19,20,24,25,29,35,36,37,39,40,41,42,48,50,52,54,56,59,61,63,64,67,69,74,75,78,81,82,84,86,87,88,89,89],"killed_by":"Nightmare_Alpha","ascension_level":0}}