{"host":"l5zfpd2l2htson6l","time":1612135963,"event":{"mods":["AchievementEnabler","BaseMod","Colored Map","Colored Powertips","Minty Spire (QoL Compilation)","Permanent Neow","Quick Restart","Rare Cards Sparkle","Relic Stats","SuperFastMode"],"gold_per_floor":[17,17,17,41,61,61,104,104,104,117,136,180,193,40,40,138,138,157,157,72,92,92,92,126,126,126,126,141,141,160,196,196,285,285,305,47,61,61,75,75,118,118,118,38,76,126,145,145,145,145,145],"floor_reached":50,"language":"ENG","playtime":3450,"items_purged":["Strike_R","Strike_R"],"score":1014,"play_id":"2ffe94a3-e2e2-4916-a8ea-570a061661a7","local_time":"20210131153243","is_ascension_mode":true,"campfire_choices":[{"data":"Double Tap","floor":6.0,"key":"SMITH"},{"floor":8.0,"key":"REST"},{"data":"Uppercut","floor":15.0,"key":"SMITH"},{"floor":23.0,"key":"REST"},{"floor":25.0,"key":"REST"},{"floor":27.0,"key":"REST"},{"data":"Burning Pact","floor":29.0,"key":"SMITH"},{"floor":32.0,"key":"REST"},{"floor":40.0,"key":"REST"},{"floor":42.0,"key":"REST"},{"floor":49,"key":"REST"}],"circlet_count":0,"master_deck":["AscendersBane","Strike_R","Strike_R","Defend_R+1","Defend_R","Defend_R+1","Bash+1","Double Tap+1","Metallicize+1","Twin Strike","Warcry","Armaments","Hemokinesis","Pummel+1","Uppercut+1","Burning Pact+1","Demon Form","True Grit+1","RitualDagger","Flame Barrier","Blood for Blood","Power Through","Heavy Blade","Battle Trance","Berserk","Rupture","Shrug It Off+1","Evolve+1","Whirlwind+1"],"relics":["Burning Blood","Golden Idol","Sundial","Shuriken","HornCleat","Velvet Choker","The Courier","Prayer Wheel","War Paint","Peace Pipe","SlaversCollar","Magic Flower","Pocketwatch","Gremlin Horn","White Beast Statue"],"acts_visited":["Exordium","TheCity","TheBeyond"],"potions_floor_usage":[47,50],"damage_taken":[{"damage":0.0,"enemies":"2 Louse","floor":1.0,"turns":4.0},{"damage":3.0,"enemies":"Jaw Worm","floor":4.0,"turns":3.0},{"damage":8.0,"enemies":"Small Slimes","floor":5.0,"turns":3.0},{"damage":19.0,"enemies":"Lagavulin","floor":7.0,"turns":6.0},{"damage":2.0,"enemies":"3 Louse","floor":10.0,"turns":4.0},{"damage":10.0,"enemies":"Looter","floor":11.0,"turns":2.0},{"damage":23.0,"enemies":"Gremlin Nob","floor":12.0,"turns":4.0},{"damage":11.0,"enemies":"Gremlin Gang","floor":13.0,"turns":4.0},{"damage":28.0,"enemies":"Hexaghost","floor":16.0,"turns":11.0},{"damage":13.0,"enemies":"3 Byrds","floor":18.0,"turns":6.0},{"damage":18.0,"enemies":"Spheric Guardian","floor":21.0,"turns":5.0},{"damage":41.0,"enemies":"Book of Stabbing","floor":24.0,"turns":7.0},{"damage":17.0,"enemies":"Snecko","floor":28.0,"turns":4.0},{"damage":2.0,"enemies":"Centurion and Healer","floor":30.0,"turns":7.0},{"damage":27.0,"enemies":"Slavers","floor":31.0,"turns":9.0},{"damage":17.0,"enemies":"Champ","floor":33.0,"turns":7.0},{"damage":10.0,"enemies":"Orb Walker","floor":35.0,"turns":4.0},{"damage":14.0,"enemies":"3 Shapes","floor":37.0,"turns":7.0},{"damage":37.0,"enemies":"Transient","floor":39.0,"turns":6.0},{"damage":40.0,"enemies":"Nemesis","floor":41.0,"turns":7.0},{"damage":19.0,"enemies":"Reptomancer","floor":45.0,"turns":6.0},{"damage":21,"enemies":"3 Darklings","floor":47,"turns":4},{"damage":36,"enemies":"Donu and Deca","floor":50,"turns":4}],"seed_played":"8232080962087453372","potions_obtained":[{"floor":7.0,"key":"Energy Potion"},{"floor":10.0,"key":"ElixirPotion"},{"floor":11.0,"key":"EssenceOfSteel"},{"floor":21.0,"key":"SpeedPotion"},{"floor":28.0,"key":"LiquidBronze"},{"floor":30.0,"key":"HeartOfIron"},{"floor":45.0,"key":"DuplicationPotion"},{"floor":47,"key":"EssenceOfSteel"}],"is_trial":false,"path_per_floor":["M","?","?","M","M","R","E","R","T","M","M","E","M","$","R","B",null,"M","?","?","M","?","R","E","R","T","R","M","R","M","E","R","B",null,"M","$","M","T","M","R","E","R","T","$","E","?","M","?","R","B"],"character_chosen":"IRONCLAD","items_purchased":["Burning Pact","Magic Flower"],"campfire_rested":8,"item_purchase_floors":[14,36],"current_hp_per_floor":[74,68,48,51,49,49,36,56,56,60,56,39,34,34,34,12,54,47,41,41,29,29,49,14,34,34,54,43,43,47,26,46,35,60,56,56,51,51,23,43,12,32,32,32,22,22,10,10,29,0,0],"gold":145,"neow_bonus":"TRANSFORM_TWO_CARDS","is_daily":false,"chose_seed":false,"campfire_upgraded":3,"win_rate":0.0,"timestamp":1612135963,"path_taken":["M","?","?","M","M","R","E","R","T","M","?","E","M","$","R","BOSS","M","?","?","M","?","R","E","R","T","R","M","R","?","E","R","BOSS","M","$","M","?","M","R","E","R","T","?","E","?","?","?","R","BOSS"],"items_purchased_type":["Card","Relic"],"build_version":"2020-12-22","purchased_purges":2,"victory":false,"max_hp_per_floor":[75,68,68,68,68,68,68,68,68,68,68,68,68,68,68,68,68,68,68,68,68,68,68,68,68,68,68,68,68,68,68,68,68,68,68,68,68,68,68,68,68,68,68,68,68,68,68,65,65,65,65],"relic_stats":{"Peace Pipe":0,"Gremlin Horn":[7,7],"counters":[23,124],"Golden Idol":135,"Sundial":[12],"Shuriken":[16],"Magic Flower":[15],"Prayer Wheel":6,"War Paint":["Defend_R","Defend_R"],"obtain_stats":[{"Gremlin Horn":41,"Golden Idol":2,"Velvet Choker":17,"Magic Flower":36,"The Courier":20,"War Paint":26,"Burning Blood":0,"White Beast Statue":45,"Peace Pipe":31,"SlaversCollar":34,"HornCleat":12,"Sundial":7,"Shuriken":9,"Prayer Wheel":24,"Pocketwatch":38},{"Gremlin Horn":20,"Golden Idol":1,"Velvet Choker":9,"Magic Flower":17,"The Courier":10,"War Paint":12,"Burning Blood":0,"White Beast Statue":21,"Peace Pipe":15,"SlaversCollar":16,"HornCleat":7,"Sundial":4,"Shuriken":4,"Prayer Wheel":12,"Pocketwatch":18},{"Gremlin Horn":110,"Golden Idol":4,"Velvet Choker":41,"Magic Flower":90,"The Courier":47,"War Paint":59,"Burning Blood":0,"White Beast Statue":116,"Peace Pipe":79,"SlaversCollar":86,"HornCleat":26,"Sundial":16,"Shuriken":16,"Prayer Wheel":59,"Pocketwatch":97}],"Burning Blood":147,"Pocketwatch":[33]},"card_choices":[{"not_picked":["Wild Strike","Sword Boomerang"],"picked":"Twin Strike","floor":1.0},{"not_picked":["Wild Strike","Flex"],"picked":"Warcry","floor":4.0},{"not_picked":["Heavy Blade","Feel No Pain"],"picked":"Armaments","floor":5.0},{"not_picked":["Thunderclap","Evolve"],"picked":"Hemokinesis","floor":7.0},{"not_picked":["Power Through","Headbutt"],"picked":"Pummel","floor":10.0},{"not_picked":["Warcry","Sever Soul","Fire Breathing"],"picked":"SKIP","floor":11.0},{"not_picked":["Clash","Double Tap","Armaments"],"picked":"SKIP","floor":12.0},{"not_picked":["Cleave","Body Slam"],"picked":"Uppercut","floor":13.0},{"not_picked":["Barricade","Limit Break"],"picked":"Demon Form","floor":16.0},{"not_picked":["Cleave","Anger"],"picked":"True Grit+1","floor":18.0},{"not_picked":["Iron Wave","Hemokinesis"],"picked":"Flame Barrier","floor":21.0},{"not_picked":["Bloodletting","Flex"],"picked":"Blood for Blood","floor":24.0},{"not_picked":["Clothesline","Blood for Blood"],"picked":"Power Through","floor":28.0},{"not_picked":["Clothesline","Flame Barrier","Demon Form"],"picked":"SKIP","floor":28.0},{"not_picked":["Ghostly Armor","Rage"],"picked":"Heavy Blade","floor":30.0},{"not_picked":["Body Slam+1","Flex","True Grit"],"picked":"SKIP","floor":30.0},{"not_picked":["Headbutt","Hemokinesis"],"picked":"Battle Trance","floor":31.0},{"not_picked":["Juggernaut","Double Tap"],"picked":"Berserk","floor":33.0},{"not_picked":["Sever Soul","Twin Strike+1"],"picked":"Rupture","floor":35.0},{"not_picked":["Clash","Iron Wave","Sword Boomerang"],"picked":"SKIP","floor":35.0},{"not_picked":["True Grit","Uppercut"],"picked":"Shrug It Off+1","floor":37.0},{"not_picked":["Perfected Strike","Entrench","Warcry"],"picked":"SKIP","floor":37.0},{"not_picked":["Uppercut","True Grit"],"picked":"Evolve+1","floor":39.0},{"not_picked":["Evolve","Pummel","Intimidate"],"picked":"SKIP","floor":39.0},{"not_picked":["Body Slam+1","Rupture+1"],"picked":"Whirlwind+1","floor":41.0},{"not_picked":["Demon Form","Searing Blow+1","Pummel+1"],"picked":"SKIP","floor":45.0},{"not_picked":["Perfected Strike","Heavy Blade+1","Anger"],"picked":"SKIP","floor":47},{"not_picked":["Body Slam","Havoc","Perfected Strike"],"picked":"SKIP","floor":47}],"player_experience":805651,"relics_obtained":[{"floor":7.0,"key":"Sundial"},{"floor":9.0,"key":"Shuriken"},{"floor":12.0,"key":"HornCleat"},{"floor":24.0,"key":"Prayer Wheel"},{"floor":26.0,"key":"War Paint"},{"floor":31.0,"key":"Peace Pipe"},{"floor":38.0,"key":"Pocketwatch"},{"floor":41.0,"key":"Gremlin Horn"},{"floor":45.0,"key":"White Beast Statue"}],"event_choices":[{"damage_healed":0.0,"max_hp_gain":0.0,"max_hp_loss":7.0,"gold_gain":0.0,"event_name":"Golden Idol","player_choice":"Lose Max HP","floor":2.0,"gold_loss":0.0,"damage_taken":0.0,"relics_obtained":["Golden Idol"]},{"damage_healed":0.0,"max_hp_gain":0.0,"max_hp_loss":0.0,"gold_gain":0.0,"event_name":"Shining Light","player_choice":"Entered Light","floor":3.0,"gold_loss":0.0,"damage_taken":20.0,"cards_upgraded":["Bash","Metallicize"]},{"damage_healed":0.0,"max_hp_gain":0.0,"max_hp_loss":0.0,"gold_gain":0.0,"event_name":"Nest","player_choice":"Joined the Cult","floor":19.0,"gold_loss":0.0,"damage_taken":6.0,"cards_obtained":["RitualDagger"]},{"damage_healed":0.0,"max_hp_gain":0.0,"max_hp_loss":0.0,"gold_gain":0.0,"event_name":"Addict","player_choice":"Obtained Relic","floor":20.0,"gold_loss":85.0,"damage_taken":0.0,"relics_obtained":["The Courier"]},{"damage_healed":0.0,"max_hp_gain":0.0,"max_hp_loss":0.0,"gold_gain":0.0,"event_name":"Upgrade Shrine","player_choice":"Upgraded","floor":22.0,"gold_loss":0.0,"damage_taken":0.0,"cards_upgraded":["Pummel"]},{"damage_healed":0.0,"max_hp_gain":0.0,"max_hp_loss":0.0,"gold_gain":50.0,"event_name":"Golden Shrine","player_choice":"Pray","floor":46.0,"gold_loss":0.0,"damage_taken":0.0},{"damage_healed":0,"gold_gain":0,"player_choice":"Max HP","damage_taken":0,"max_hp_gain":0,"max_hp_loss":3,"event_name":"Winding Halls","floor":48,"gold_loss":0}],"is_beta":false,"boss_relics":[{"not_picked":["Pandora\u0027s Box","Astrolabe"],"picked":"Velvet Choker"},{"not_picked":["Empty Cage","Runic Cube"],"picked":"SlaversCollar"}],"items_purged_floors":[14,44],"is_endless":false,"potions_floor_spawned":[7,10,11,21,28,30,45,47],"killed_by":"Donu and Deca","ascension_level":17}}