{"host":"yrnalve8h0i0utgz","time":1612051939,"event":{"mods":["BaseMod","Bestiary","Minty Spire (QoL Compilation)","StSLib","SuperFastMode"],"gold_per_floor":[117,131,149,149,2,2,35,46,46,46,46,46,71,111,111,239,239,262,262,262,108,124,159,173,211,238,238,254,254,47,82,82,82,82],"floor_reached":33,"language":"ENG","playtime":1136,"items_purged":["Bash"],"score":416,"play_id":"64fbe9f9-f609-4457-9243-4869d4c538e7","local_time":"20210131011219","is_ascension_mode":true,"campfire_choices":[{"data":"Clothesline","floor":6,"key":"SMITH"},{"data":"Whirlwind","floor":10,"key":"SMITH"},{"data":"Armaments","floor":15,"key":"SMITH"},{"data":"Double Tap","floor":27,"key":"SMITH"},{"data":"Reckless Charge","floor":29,"key":"SMITH"},{"data":"Power Through","floor":32,"key":"SMITH"}],"circlet_count":0,"master_deck":["Defend_R","Defend_R","Defend_R","Defend_R","Battle Trance+1","Fire Breathing","Clothesline+1","Bash","Whirlwind+1","Armaments+1","Double Tap+1","Power Through+1","Inflame","Bite","Bite","Bite","Bite","Bite","Fire Breathing","Reckless Charge+1","Carnage+1","Blood for Blood","Wild Strike","Shrug It Off","Fire Breathing+1"],"relics":["Snecko Eye","DollysMirror","Omamori","Golden Idol","Kunai","SlaversCollar","Ornamental Fan","Letter Opener","Orichalcum","PreservedInsect","Bag of Marbles"],"acts_visited":["Exordium","TheCity"],"potions_floor_usage":[7,23,23,25,33],"damage_taken":[{"damage":7,"enemies":"Jaw Worm","floor":1,"turns":2},{"damage":0,"enemies":"Cultist","floor":2,"turns":3},{"damage":7,"enemies":"Small Slimes","floor":3,"turns":2},{"damage":20,"enemies":"3 Sentries","floor":7,"turns":8},{"damage":3,"enemies":"Looter","floor":8,"turns":4},{"damage":12,"enemies":"Exordium Wildlife","floor":13,"turns":3},{"damage":13,"enemies":"Gremlin Nob","floor":14,"turns":3},{"damage":18,"enemies":"Slime Boss","floor":16,"turns":6},{"damage":0,"enemies":"3 Byrds","floor":18,"turns":5},{"damage":23,"enemies":"Spheric Guardian","floor":22,"turns":6},{"damage":12,"enemies":"Slavers","floor":23,"turns":3},{"damage":22,"enemies":"Chosen and Byrds","floor":24,"turns":6},{"damage":28,"enemies":"Gremlin Leader","floor":25,"turns":5},{"damage":17,"enemies":"Centurion and Healer","floor":28,"turns":10},{"damage":10,"enemies":"Slavers","floor":31,"turns":2},{"damage":64,"enemies":"Collector","floor":33,"turns":6}],"seed_played":"-5986368309353794110","potions_obtained":[{"floor":1,"key":"Regen Potion"},{"floor":2,"key":"LiquidBronze"},{"floor":13,"key":"SpeedPotion"},{"floor":16,"key":"GamblersBrew"},{"floor":18,"key":"PowerPotion"},{"floor":28,"key":"AttackPotion"}],"is_trial":false,"path_per_floor":["M","M","M","?","$","R","E","M","T","R","?","?","M","E","R","B",null,"M","?","?","$","M","E","M","E","T","R","M","R","$","E","R","B"],"character_chosen":"IRONCLAD","items_purchased":["DollysMirror","Fire Breathing","Shrug It Off","PreservedInsect"],"campfire_rested":0,"item_purchase_floors":[5,21,30,30],"current_hp_per_floor":[73,73,66,66,66,66,61,58,58,58,58,58,48,37,37,21,61,63,63,63,63,62,58,48,45,45,45,54,54,54,46,46,0,0],"gold":82,"neow_bonus":"BOSS_RELIC","is_daily":false,"chose_seed":false,"campfire_upgraded":6,"win_rate":0.0,"timestamp":1612051939,"path_taken":["M","M","M","?","?","R","E","M","T","R","?","?","M","E","R","BOSS","M","?","?","$","M","E","M","E","T","R","M","R","$","E","R","BOSS"],"items_purchased_type":["Relic","Card","Card","Relic"],"build_version":"2020-12-22","purchased_purges":1,"victory":false,"max_hp_per_floor":[80,80,80,80,80,80,80,80,80,80,80,74,74,74,74,74,74,74,74,74,74,74,74,74,74,74,74,74,74,74,74,74,74,74],"card_choices":[{"not_picked":["Burning Pact","Warcry"],"picked":"Battle Trance","floor":1},{"not_picked":["Warcry","Headbutt"],"picked":"Fire Breathing","floor":2},{"not_picked":["Searing Blow","Thunderclap"],"picked":"Clothesline","floor":3},{"not_picked":["Thunderclap","Clothesline","Dropkick"],"picked":"SKIP","floor":7},{"not_picked":["Heavy Blade","Intimidate"],"picked":"Whirlwind","floor":8},{"not_picked":["Sword Boomerang","Flex","Limit Break"],"picked":"SKIP","floor":13},{"not_picked":["Flame Barrier","Cleave"],"picked":"Armaments","floor":14},{"not_picked":["Berserk","Limit Break"],"picked":"Double Tap","floor":16},{"not_picked":["True Grit","Havoc"],"picked":"Power Through","floor":18},{"not_picked":["Ghostly Armor","Clothesline+1"],"picked":"Reckless Charge","floor":22},{"not_picked":["Second Wind","Ghostly Armor+1"],"picked":"Carnage+1","floor":23},{"not_picked":["Whirlwind","Bloodletting","Perfected Strike"],"picked":"SKIP","floor":24},{"not_picked":["Havoc","Limit Break"],"picked":"Blood for Blood","floor":25},{"not_picked":["Flex","Sword Boomerang+1"],"picked":"Wild Strike","floor":28},{"not_picked":["Shrug It Off","Fiend Fire"],"picked":"Fire Breathing+1","floor":31}],"player_experience":242471,"relics_obtained":[{"floor":7,"key":"Omamori"},{"floor":9,"key":"Blood Vial"},{"floor":14,"key":"Kunai"},{"floor":23,"key":"Ornamental Fan"},{"floor":25,"key":"Letter Opener"},{"floor":26,"key":"Orichalcum"},{"floor":31,"key":"Bag of Marbles"}],"event_choices":[{"damage_healed":0,"gold_gain":0,"player_choice":"Upgraded","damage_taken":0,"max_hp_gain":0,"max_hp_loss":0,"event_name":"Upgrade Shrine","floor":4,"gold_loss":0,"cards_upgraded":["Battle Trance"]},{"damage_healed":0,"gold_gain":0,"player_choice":"Leave","damage_taken":0,"max_hp_gain":0,"max_hp_loss":0,"event_name":"The Cleric","floor":11,"gold_loss":0},{"damage_healed":0,"gold_gain":0,"player_choice":"Lose Max HP","damage_taken":0,"relics_obtained":["Golden Idol"],"max_hp_gain":0,"max_hp_loss":6,"event_name":"Golden Idol","floor":12,"gold_loss":0},{"damage_healed":0,"gold_gain":0,"player_choice":"Read","damage_taken":0,"max_hp_gain":0,"max_hp_loss":0,"event_name":"The Library","floor":19,"gold_loss":0,"cards_obtained":["Inflame"]},{"damage_healed":0,"gold_gain":0,"player_choice":"Became a vampire (Vial)","damage_taken":0,"max_hp_gain":0,"max_hp_loss":0,"event_name":"Vampires","floor":20,"relics_lost":["Blood Vial"],"gold_loss":0,"cards_obtained":["Bite","Bite","Bite","Bite","Bite"]}],"is_beta":false,"boss_relics":[{"not_picked":["Ectoplasm","Sozu"],"picked":"SlaversCollar"}],"items_purged_floors":[21],"is_endless":false,"potions_floor_spawned":[1,2,13,16,18,22,28],"killed_by":"Collector","ascension_level":5}}