{"host":"Jinnai","time":1612113414,"event":{"mods":["BaseMod","Bestiary","Block Reminder","Colored Map","Colored Powertips","Highlight Path","Minty Spire (QoL Compilation)","Quick Restart","Relic Stats","StSLib"],"gold_per_floor":[214,224,224,235,70,100,100,100,146,167,202,202,225,265,265,361,361,386,386,386,311,33,62,62,62,62,90,90,90,115,133,133,204,204,214,225,225,241,241,241,252,287,311,325,325,325,325,4,4,4,4,4],"floor_reached":51,"language":"ENG","playtime":1645,"items_purged":[],"score":1498,"play_id":"e9e660fa-a766-46b1-bdc9-3d469234cd86","local_time":"20210131121654","is_ascension_mode":true,"campfire_choices":[{"data":"Uppercut","floor":7.0,"key":"SMITH"},{"data":"Limit Break","floor":12.0,"key":"SMITH"},{"data":"Whirlwind","floor":15.0,"key":"SMITH"},{"floor":24.0,"key":"REST"},{"data":"Ghostly","floor":29.0,"key":"SMITH"},{"data":"Ghostly","floor":32.0,"key":"SMITH"},{"data":"Double Tap","floor":40.0,"key":"SMITH"},{"floor":49.0,"key":"DIG"}],"circlet_count":0,"master_deck":["AscendersBane","Strike_R","Strike_R","Defend_R+1","Defend_R","Defend_R+1","Defend_R","Bash","Uppercut+1","Whirlwind+1","Pummel","Anger","Second Wind","Limit Break+1","Thunderclap","Fiend Fire","CurseOfTheBell","Heavy Blade","Heavy Blade","Ghostly+1","Ghostly+1","Ghostly","Disarm","Spot Weakness","Flame Barrier","Pommel Strike","Double Tap+1","Flame Barrier+1","Dark Shackles"],"relics":["Burning Blood","War Paint","Brimstone","Paper Frog","Bloody Idol","Anchor","Sundial","Bag of Marbles","Calling Bell","Bronze Scales","HornCleat","Ice Cream","Frozen Egg 2","Bag of Preparation","Strawberry","Tiny Chest","Shovel","Velvet Choker","Kunai","Boot","Art of War","Toxic Egg 2","Pocketwatch","Lantern"],"acts_visited":["Exordium","TheCity","TheBeyond"],"potions_floor_usage":[50,50],"damage_taken":[{"damage":12.0,"enemies":"Cultist","floor":1.0,"turns":4.0},{"damage":12.0,"enemies":"Jaw Worm","floor":2.0,"turns":3.0},{"damage":16.0,"enemies":"Small Slimes","floor":4.0,"turns":4.0},{"damage":10.0,"enemies":"Gremlin Nob","floor":6.0,"turns":3.0},{"damage":9.0,"enemies":"3 Louse","floor":10.0,"turns":3.0},{"damage":1.0,"enemies":"3 Sentries","floor":11.0,"turns":3.0},{"damage":5.0,"enemies":"Exordium Wildlife","floor":13.0,"turns":3.0},{"damage":17.0,"enemies":"Lagavulin","floor":14.0,"turns":4.0},{"damage":29.0,"enemies":"The Guardian","floor":16.0,"turns":7.0},{"damage":20.0,"enemies":"Spheric Guardian","floor":18.0,"turns":4.0},{"damage":39.0,"enemies":"Slavers","floor":23.0,"turns":4.0},{"damage":0.0,"enemies":"Gremlin Leader","floor":27.0,"turns":5.0},{"damage":24.0,"enemies":"Book of Stabbing","floor":30.0,"turns":4.0},{"damage":0.0,"enemies":"3 Byrds","floor":31.0,"turns":4.0},{"damage":12.0,"enemies":"Collector","floor":33.0,"turns":7.0},{"damage":0.0,"enemies":"3 Shapes","floor":35.0,"turns":3.0},{"damage":0.0,"enemies":"Orb Walker","floor":36.0,"turns":2.0},{"damage":0.0,"enemies":"Maw","floor":38.0,"turns":5.0},{"damage":2.0,"enemies":"4 Shapes","floor":41.0,"turns":5.0},{"damage":37.0,"enemies":"Reptomancer","floor":42.0,"turns":6.0},{"damage":16.0,"enemies":"3 Darklings","floor":44.0,"turns":4.0},{"damage":16,"enemies":"Time Eater","floor":50,"turns":5},{"damage":13,"enemies":"Donu and Deca","floor":51,"turns":4}],"seed_played":"-7650760490211213222","potions_obtained":[{"floor":1.0,"key":"ColorlessPotion"},{"floor":6.0,"key":"ElixirPotion"},{"floor":14.0,"key":"Dexterity Potion"},{"floor":23.0,"key":"SteroidPotion"},{"floor":31.0,"key":"BloodPotion"},{"floor":35.0,"key":"FearPotion"},{"floor":44.0,"key":"GamblersBrew"}],"is_trial":false,"path_per_floor":["M","M","T","M","$","E","R","?","T","M","E","R","M","E","R","B",null,"M","?","?","?","$","E","R","?","T","E","?","R","E","M","R","B",null,"M","M","T","M","T","R","M","E","T","M","?","?","T","$","R","B","B"],"character_chosen":"IRONCLAD","items_purchased":["Brimstone","Frozen Egg 2","Pocketwatch"],"campfire_rested":1,"item_purchase_floors":[5,22,48],"current_hp_per_floor":[62,56,56,46,46,42,42,42,42,39,44,44,45,34,34,11,54,40,40,40,40,40,12,32,32,39,41,41,41,28,39,39,38,40,41,41,41,41,41,41,41,23,28,23,23,23,23,23,23,13,0,0],"gold":4,"neow_bonus":"HUNDRED_GOLD","is_daily":false,"chose_seed":false,"campfire_upgraded":6,"win_rate":0.0,"timestamp":1612113414,"path_taken":["M","M","?","M","$","E","R","?","T","M","E","R","M","E","R","BOSS","M","?","?","?","$","E","R","?","T","E","?","R","E","?","R","BOSS","M","M","?","M","?","R","M","E","T","?","?","?","?","$","R","BOSS","BOSS"],"items_purchased_type":["Relic","Relic","Relic"],"build_version":"2020-12-18","purchased_purges":0,"victory":false,"max_hp_per_floor":[75,75,75,75,75,75,75,68,68,68,68,68,68,68,68,68,68,68,68,68,68,68,68,68,34,41,41,41,41,41,41,41,41,41,41,41,41,41,41,41,41,41,41,41,41,41,41,41,41,41,41,41],"relic_stats":{"counters":[23,96],"Bag of Preparation":[24],"War Paint":["Defend_R","Defend_R"],"Boot":[4],"Burning Blood":107,"Shovel":1,"Sundial":[4],"Bloody Idol":35,"Bronze Scales":[184],"Tiny Chest":2,"Art of War":[1],"Kunai":[3],"obtain_stats":[{"Ice Cream":17,"Lantern":49,"Bag of Preparation":23,"Boot":42,"Burning Blood":0,"HornCleat":17,"Shovel":30,"Sundial":11,"Strawberry":26,"Tiny Chest":27,"Kunai":39,"Toxic Egg 2":47,"Paper Frog":6,"Golden Idol":8,"Velvet Choker":34,"War Paint":3,"Frozen Egg 2":22,"Calling Bell":17,"Anchor":9,"Brimstone":5,"Bronze Scales":17,"Bloody Idol":20,"Bag of Marbles":14,"Art of War":43,"Pocketwatch":48},{"Ice Cream":9,"Lantern":21,"Bag of Preparation":11,"Boot":20,"Burning Blood":0,"HornCleat":9,"Shovel":13,"Sundial":6,"Strawberry":11,"Tiny Chest":12,"Kunai":18,"Toxic Egg 2":21,"Paper Frog":4,"Golden Idol":4,"Velvet Choker":15,"War Paint":2,"Frozen Egg 2":10,"Calling Bell":9,"Anchor":4,"Brimstone":3,"Bronze Scales":9,"Bloody Idol":10,"Bag of Marbles":8,"Art of War":20,"Pocketwatch":21},{"Ice Cream":34,"Lantern":87,"Bag of Preparation":42,"Boot":83,"Burning Blood":0,"HornCleat":34,"Shovel":51,"Sundial":20,"Strawberry":42,"Tiny Chest":47,"Kunai":72,"Toxic Egg 2":87,"Paper Frog":14,"Golden Idol":14,"Velvet Choker":62,"War Paint":7,"Frozen Egg 2":38,"Calling Bell":34,"Anchor":14,"Brimstone":11,"Bronze Scales":34,"Bloody Idol":38,"Bag of Marbles":27,"Art of War":83,"Pocketwatch":87}],"Pocketwatch":[9]},"card_choices":[{"not_picked":["Combust","Clash"],"picked":"Uppercut","floor":1.0},{"not_picked":["Burning Pact","Heavy Blade"],"picked":"Whirlwind","floor":2.0},{"not_picked":["Blood for Blood","Clash"],"picked":"Pummel","floor":4.0},{"not_picked":["Spot Weakness","Pommel Strike"],"picked":"Anger","floor":6.0},{"not_picked":["Perfected Strike","Armaments"],"picked":"Second Wind","floor":10.0},{"not_picked":["Flame Barrier","Headbutt"],"picked":"Limit Break","floor":11.0},{"not_picked":["Cleave","Perfected Strike"],"picked":"Thunderclap","floor":13.0},{"not_picked":["Cleave","Iron Wave","Twin Strike"],"picked":"SKIP","floor":14.0},{"not_picked":["Demon Form","Berserk"],"picked":"Fiend Fire","floor":16.0},{"not_picked":["Clash","Searing Blow"],"picked":"Heavy Blade","floor":18.0},{"not_picked":["Flex","Perfected Strike"],"picked":"Heavy Blade","floor":23.0},{"not_picked":["Iron Wave","Body Slam","Sword Boomerang"],"picked":"SKIP","floor":27.0},{"not_picked":["Blood for Blood","Second Wind+1"],"picked":"Flame Barrier","floor":30.0},{"not_picked":["Body Slam","Bludgeon"],"picked":"Pommel Strike","floor":31.0},{"not_picked":["Demon Form+1","Fiend Fire"],"picked":"Double Tap","floor":33.0},{"not_picked":["Headbutt","Entrench","Wild Strike+1"],"picked":"SKIP","floor":35.0},{"not_picked":["Clothesline","Ghostly Armor"],"picked":"Flame Barrier+1","floor":36.0},{"not_picked":["Fire Breathing+1","Armaments","Hemokinesis+1"],"picked":"SKIP","floor":38.0},{"not_picked":["Havoc","Carnage","Clash"],"picked":"SKIP","floor":41.0},{"not_picked":["Inflame+1","Wild Strike","Entrench"],"picked":"SKIP","floor":42.0},{"not_picked":["Clash","Heavy Blade+1","Fiend Fire"],"picked":"SKIP","floor":44.0},{"not_picked":["Secret Weapon","Bandage Up"],"picked":"Dark Shackles","floor":45.0}],"player_experience":1618044,"relics_obtained":[{"floor":3.0,"key":"War Paint"},{"floor":6.0,"key":"Paper Frog"},{"floor":9.0,"key":"Anchor"},{"floor":11.0,"key":"Sundial"},{"floor":14.0,"key":"Bag of Marbles"},{"floor":17.0,"key":"Bronze Scales"},{"floor":17.0,"key":"HornCleat"},{"floor":17.0,"key":"Ice Cream"},{"floor":23.0,"key":"Bag of Preparation"},{"floor":26.0,"key":"Strawberry"},{"floor":27.0,"key":"Tiny Chest"},{"floor":30.0,"key":"Shovel"},{"floor":39.0,"key":"Kunai"},{"floor":42.0,"key":"Boot"},{"floor":43.0,"key":"Art of War"},{"floor":47.0,"key":"Toxic Egg 2"},{"floor":49.0,"key":"Lantern"}],"event_choices":[{"damage_healed":0.0,"max_hp_gain":0.0,"max_hp_loss":7.0,"gold_gain":0.0,"event_name":"Golden Idol","player_choice":"Lose Max HP","floor":8.0,"gold_loss":0.0,"damage_taken":0.0,"relics_obtained":["Golden Idol"]},{"damage_healed":0.0,"max_hp_gain":0.0,"max_hp_loss":0.0,"gold_gain":0.0,"event_name":"The Mausoleum","player_choice":"Ignored","floor":19.0,"gold_loss":0.0,"damage_taken":0.0},{"damage_healed":0.0,"max_hp_gain":0.0,"max_hp_loss":0.0,"gold_gain":0.0,"event_name":"Forgotten Altar","player_choice":"Gave Idol","floor":20.0,"relics_lost":["Golden Idol"],"gold_loss":0.0,"damage_taken":0.0,"relics_obtained":["Bloody Idol"]},{"cards_removed":["Strike_R"],"damage_healed":0.0,"max_hp_gain":0.0,"max_hp_loss":0.0,"gold_gain":0.0,"event_name":"Beggar","player_choice":"Gave Gold","floor":21.0,"gold_loss":75.0,"damage_taken":0.0},{"damage_healed":0.0,"max_hp_gain":0.0,"max_hp_loss":34.0,"gold_gain":0.0,"event_name":"Ghosts","player_choice":"Became a Ghost","floor":25.0,"gold_loss":0.0,"damage_taken":0.0,"cards_obtained":["Ghostly","Ghostly","Ghostly"]},{"damage_healed":0.0,"max_hp_gain":0.0,"max_hp_loss":0.0,"gold_gain":0.0,"cards_transformed":["Strike_R","Strike_R"],"event_name":"Drug Dealer","player_choice":"Became Test Subject","floor":28.0,"gold_loss":0.0,"damage_taken":0.0,"cards_obtained":["Disarm","Spot Weakness"]},{"damage_healed":0.0,"max_hp_gain":0.0,"max_hp_loss":0.0,"gold_gain":0.0,"event_name":"SensoryStone","player_choice":"Memory 1","floor":45.0,"gold_loss":0.0,"damage_taken":0.0},{"damage_healed":0.0,"max_hp_gain":0.0,"max_hp_loss":0.0,"gold_gain":0.0,"event_name":"Mysterious Sphere","player_choice":"Ignored","floor":46.0,"gold_loss":0.0,"damage_taken":0.0}],"is_beta":true,"boss_relics":[{"not_picked":["Runic Cube","Tiny House"],"picked":"Calling Bell"},{"not_picked":["SlaversCollar","Empty Cage"],"picked":"Velvet Choker"}],"items_purged_floors":[],"is_endless":false,"potions_floor_spawned":[1,6,10,14,23,31,35,38,44],"killed_by":"Donu and Deca","ascension_level":20}}