{"host":"vyrim7c8c6ucsmzk","time":1612126548,"event":{"mods":["BaseMod","Colored Map","Downfall","Minty Spire (QoL Compilation)","StSLib"],"gold_per_floor":[99,119,138,138,55,55,55,74,74,90,108,108,127,157,174,278,278,278,293,293,293,293,293],"floor_reached":21,"language":"ENG","playtime":1370,"items_purged":[],"score":171,"play_id":"4c43f697-9269-4b15-bb5b-7f70149a83dc","local_time":"20210131155548","is_ascension_mode":false,"campfire_choices":[{"data":"bronze:Replicate","floor":1,"key":"SMITH"},{"data":"bronze:Iterate","floor":6,"key":"SMITH"},{"data":"1","floor":9,"key":"LIFT"},{"data":"2","floor":12,"key":"LIFT"},{"data":"3","floor":18,"key":"LIFT"}],"circlet_count":0,"master_deck":["bronze:Defend","bronze:Defend","bronze:Defend","bronze:Defend","bronze:Replicate+1","bronze:Goto","bronze:Shield","bronze:CutThrough","bronze:Iterate+1","bronze:Flail","bronze:ItsAFeature","bronze:WildBeam","bronze:Mutator","bronze:Iterate","bronze:FindAndReplace","bronze:Assembly","bronze:ClassDefault+1","Slimebound:Tackle+1","Slimebound:Tackle+1","Slimebound:Tackle+1"],"relics":["bronze:PlatinumCore","Lizard Tail","Girya","Frozen Egg 2"],"acts_visited":["Exordium","TheCity"],"potions_floor_usage":[10,13,15],"damage_taken":[{"damage":2,"enemies":"2 Louse","floor":2,"turns":4},{"damage":0,"enemies":"Small Slimes","floor":3,"turns":3},{"damage":0,"enemies":"downfall:FleeingMerchant","floor":5,"turns":4},{"damage":0,"enemies":"Cultist","floor":8,"turns":2},{"damage":0,"enemies":"Exordium Thugs","floor":10,"turns":4},{"damage":19,"enemies":"Large Slime","floor":11,"turns":4},{"damage":0,"enemies":"3 Louse","floor":13,"turns":2},{"damage":3,"enemies":"Lots of Slimes","floor":15,"turns":2},{"damage":12,"enemies":"IC_STATUS_ARCHETYPE","floor":16,"turns":4},{"damage":10,"enemies":"Shell Parasite","floor":19,"turns":3},{"damage":29,"enemies":"Centurion and Healer","floor":21,"turns":3}],"seed_played":"-4487798644168860288","potions_obtained":[{"floor":3,"key":"DistilledChaos"},{"floor":8,"key":"bronze:BurnAndBuffPotion"},{"floor":10,"key":"EssenceOfSteel"},{"floor":16,"key":"Dexterity Potion"},{"floor":19,"key":"hexamod:SoulburnPotion"}],"is_trial":false,"path_per_floor":["R","M","M","?","$","R","T","M","R","M","M","R","M","?","M","B",null,"R","M","?","M"],"character_chosen":"THE_AUTOMATON","items_purchased":["bronze:ItsAFeature"],"campfire_rested":0,"item_purchase_floors":[5],"current_hp_per_floor":[49,47,47,47,47,47,47,47,47,47,28,28,28,28,25,13,70,70,60,60,31,31,31],"gold":293,"neow_bonus":"ONE_RARE_RELIC","is_daily":false,"chose_seed":false,"campfire_upgraded":2,"win_rate":0.0,"timestamp":1612126548,"path_taken":["R","M","M","?","$","R","T","M","R","M","M","R","M","?","M","BOSS","R","M","?","M"],"items_purchased_type":["Card"],"build_version":"2020-12-22","purchased_purges":0,"victory":false,"max_hp_per_floor":[70,70,70,70,70,70,70,70,70,70,70,70,70,70,70,70,70,70,70,70,70,70,70],"card_choices":[{"not_picked":["bronze:BuggyMess","bronze:Frontload"],"picked":"bronze:Shield","floor":2},{"not_picked":["bronze:Turbo","bronze:Deprecate"],"picked":"bronze:CutThrough","floor":3},{"not_picked":["bronze:Fortify","bronze:Turbo"],"picked":"bronze:Flail","floor":5},{"not_picked":["bronze:Frontload","bronze:Branch"],"picked":"bronze:WildBeam","floor":8},{"not_picked":["bronze:Frontload","bronze:OilSpill","bronze:Repair"],"picked":"SKIP","floor":10},{"not_picked":["bronze:Iterate","bronze:WhirlingStrike"],"picked":"bronze:Mutator","floor":11},{"not_picked":["bronze:DarkDash","bronze:Shield"],"picked":"bronze:Iterate","floor":13},{"not_picked":["bronze:BronzeOrb","bronze:FollowUp"],"picked":"bronze:FindAndReplace","floor":15},{"not_picked":["bronze:SpaghettiCode","bronze:CleanCode+1"],"picked":"bronze:Assembly","floor":16},{"not_picked":["bronze:Optimize+1","bronze:WildBeam"],"picked":"bronze:ClassDefault+1","floor":19}],"player_experience":1339359,"relics_obtained":[{"floor":7,"key":"Girya"}],"event_choices":[],"is_beta":false,"boss_relics":[{"not_picked":["Velvet Choker","Philosopher\u0027s Stone"],"picked":"bronze:PlatinumCore"}],"items_purged_floors":[],"is_endless":false,"potions_floor_spawned":[3,8,10,16,19],"killed_by":"Centurion and Healer","ascension_level":0}}