{"host":"th1rgt4ohg3ajuw6","time":1612130415,"event":{"mods":["Act Like it!","BaseMod","Downfall","GifTheSpireLib","Minty Spire (QoL Compilation)","Pale of the Ancients","Shop Mod","StSLib","Stuff the Spire"],"gold_per_floor":[99,113,288,304,323,354,354,367,267,9,25,25,25,25,36,134,134,134,146,146,246,246,246,246,264,282,310,322,222,239,239,254,354,354,354,364,364,439,459,62,62,62,88,88,168,168,61,77,93,93,93,93],"floor_reached":50,"language":"ENG","playtime":3888,"items_purged":[],"score":592,"play_id":"ad45a312-6555-493f-b1ec-fc5ec5915577","local_time":"20210131140015","is_ascension_mode":false,"campfire_choices":[{"floor":1,"key":"RECALL"},{"data":"hexamod:Float","floor":9,"key":"SMITH"},{"floor":13,"key":"REST"},{"data":"hexamod:FlamesFromBeyond","floor":18,"key":"SMITH"},{"data":"hexamod:EmpoweredFlame","floor":23,"key":"SMITH"},{"data":"hexamod:PhantomCloak","floor":29,"key":"SMITH"},{"data":"hexamod:TimeWarp","floor":35,"key":"SMITH"},{"data":"hexamod:GhostOfSpirePast","floor":42,"key":"SMITH"},{"floor":46,"key":"REST"}],"circlet_count":0,"master_deck":["hexamod:Strike","hexamod:Strike","hexamod:Strike","hexamod:Strike+1","hexamod:Defend","hexamod:Defend","hexamod:Defend","hexamod:Defend","hexamod:Sear","hexamod:Float+1","hexamod:SuperheatedStrike","hexamod:GhostLash","hexamod:HauntingEcho","hexamod:ThermalTransfer","hexamod:Rewind+1","hexamod:TimeWarp+1","hexamod:EmpoweredFlame+1","hexamod:StepThrough","Flash of Steel","hexamod:GhostOfSpireFuture","hexamod:FlamesFromBeyond+1","hexamod:TurnItUp+1","CurseOfTheBell","hexamod:SwordOfDarkness","hexamod:FirstSeal","hexamod:BacktrackSmack+1","hexamod:Incineration","hexamod:PhantomCloak+1","hexamod:ExtraCrispy","hexamod:AdvancingGuard","hexamod:ShieldOfDarkness","hexamod:HeatMetal","hexamod:SixthSeal","hexamod:SkipABeat","expansioncontent:LastStand","expansioncontent:PolyBeam","expansioncontent:LastStand+1","hexamod:GhostOfSpirePast+1","hexamod:Hexaguard","hexamod:GiftsFromTheDead","Metamorphosis","hexamod:SuperheatedStrike","hexamod:NightmareGuise","hexamod:FastForward","hexamod:RainOfEmbers","Mayhem","Swift Strike","hexamod:BacktrackSmack","hexamod:SpectralSpark","hexamod:SwordOfDarkness+1","hexamod:Firestarter"],"relics":["hexamod:SpiritBrand","Happy Flower","hexamod:InflammatoryLetter","downfall:HeartBlessingRed","downfall:ShatteredFragment","Calling Bell","Bag of Marbles","StuffTheSpire:ForceGauntlet","Peace Pipe","CaptainsWheel","StuffTheSpire:Tea","Bottled Flame","Anchor","downfall:HeartBlessingGreen","Sozu","StuffTheSpire:Expresso","Du-Vu Doll","StuffTheSpire:Rhapsscallions"],"acts_visited":["Exordium","TheCity","TheBeyond"],"potions_floor_usage":[6,16,16,27,27,32,33],"damage_taken":[{"damage":1,"enemies":"2 Louse","floor":2,"turns":2},{"damage":6,"enemies":"Jaw Worm","floor":4,"turns":3},{"damage":0,"enemies":"Small Slimes","floor":5,"turns":4},{"damage":21,"enemies":"Lagavulin","floor":6,"turns":5},{"damage":3,"enemies":"Red Slaver","floor":8,"turns":2},{"damage":0,"enemies":"downfall:FleeingMerchant","floor":10,"turns":4},{"damage":0,"enemies":"3 Louse","floor":11,"turns":3},{"damage":0,"enemies":"2 Fungi Beasts","floor":15,"turns":3},{"damage":10,"enemies":"WA_ARCHETYPE_RETAIN","floor":16,"turns":5},{"damage":5,"enemies":"Chosen","floor":19,"turns":3},{"damage":7,"enemies":"SI_SHIV_ARCHETYPE","floor":21,"turns":7},{"damage":5,"enemies":"3 Byrds","floor":25,"turns":4},{"damage":5,"enemies":"Cultist and Chosen","floor":26,"turns":3},{"damage":2,"enemies":"Book of Stabbing","floor":27,"turns":4},{"damage":1,"enemies":"Snake Plant","floor":28,"turns":3},{"damage":0,"enemies":"Snecko","floor":30,"turns":2},{"damage":4,"enemies":"Shelled Parasite and Fungi","floor":32,"turns":3},{"damage":27,"enemies":"IC_MUSHROOM_ARCHETYPE","floor":33,"turns":6},{"damage":0,"enemies":"3 Shapes","floor":36,"turns":3},{"damage":0,"enemies":"Orb Walker","floor":39,"turns":3},{"damage":0,"enemies":"downfall:FleeingMerchant","floor":40,"turns":4},{"damage":34,"enemies":"Nemesis","floor":43,"turns":5},{"damage":0,"enemies":"downfall:FleeingMerchant","floor":47,"turns":1},{"damage":0,"enemies":"4 Shapes","floor":48,"turns":3},{"damage":5,"enemies":"Sphere and 2 Shapes","floor":49,"turns":3},{"damage":86,"enemies":"SI_POISON_ARCHETYPE","floor":50,"turns":6}],"seed_played":"-4146426814417982937","potions_obtained":[{"floor":4,"key":"AttackPotion"},{"floor":6,"key":"Block Potion"},{"floor":11,"key":"hexamod:SoulburnPotion"},{"floor":15,"key":"SteroidPotion"},{"floor":16,"key":"GamblersBrew"},{"floor":19,"key":"ColorlessPotion"},{"floor":25,"key":"SkillPotion"},{"floor":27,"key":"Fruit Juice"},{"floor":32,"key":"EssenceOfSteel"}],"is_trial":false,"path_per_floor":["R","M","?","M","M","E","T","M","R","$","M","?","R","?","M","B",null,"R","M","?","?","?","R","T","M","M","E","M","R","M","?","M","B",null,"R","M","?","?","M","$","T","R","E","?","T","R","$","M","M","B"],"character_chosen":"THE_SPIRIT","items_purchased":["hexamod:EmpoweredFlame","hexamod:StepThrough","Flash of Steel","hexamod:GiftsFromTheDead","Metamorphosis","hexamod:SuperheatedStrike","hexamod:RainOfEmbers","Mayhem","Swift Strike","hexamod:BacktrackSmack","hexamod:SpectralSpark"],"campfire_rested":2,"item_purchase_floors":[10,10,10,40,40,40,47,47,47,47,47],"current_hp_per_floor":[77,76,76,70,70,49,49,46,46,46,46,25,48,48,48,38,77,77,72,72,72,64,64,64,59,54,59,58,58,58,58,66,46,82,82,82,72,72,72,72,72,72,38,38,39,63,63,63,58,0,0,0],"gold":93,"neow_bonus":"TEN_PERCENT_HP_BONUS","is_daily":false,"chose_seed":false,"campfire_upgraded":6,"win_rate":0.0,"timestamp":1612130415,"path_taken":["R","M","?","M","M","E","T","M","R","?","M","?","R","?","M","BOSS","R","M","?","?","?","R","T","?","M","E","M","R","M","?","M","BOSS","R","M","?","?","?","$","T","R","E","?","?","R","$","?","M","BOSS"],"items_purchased_type":["Card","Card","Card","Card","Card","Card","Card","Card","Card","Card","Card"],"build_version":"2020-12-22","purchased_purges":0,"victory":false,"max_hp_per_floor":[77,77,77,77,77,77,77,77,77,77,77,77,77,77,77,77,77,77,77,77,77,77,77,77,77,77,77,77,77,77,77,82,82,82,82,82,82,82,82,82,82,82,82,82,83,83,83,83,83,83,83,83],"card_choices":[{"not_picked":["hexamod:InspiringFlames","hexamod:NightmareGuise"],"picked":"hexamod:SuperheatedStrike","floor":2},{"not_picked":["hexamod:BurningTouch","hexamod:SuperheatedStrike"],"picked":"hexamod:GhostLash","floor":4},{"not_picked":["hexamod:GhostLash","hexamod:SuperheatedStrike"],"picked":"hexamod:HauntingEcho","floor":5},{"not_picked":["hexamod:Firestarter","hexamod:NightmareGuise"],"picked":"hexamod:ThermalTransfer","floor":6},{"not_picked":["hexamod:NightmareGuise","hexamod:HeatMetal"],"picked":"hexamod:Rewind","floor":8},{"not_picked":["hexamod:SkipABeat","hexamod:BacktrackSmack"],"picked":"hexamod:TimeWarp","floor":10},{"not_picked":["hexamod:ThermalTransfer","hexamod:RetreatToShadows"],"picked":"hexamod:GhostOfSpireFuture","floor":11},{"not_picked":["hexamod:Incineration","hexamod:HeatMetal"],"picked":"hexamod:FlamesFromBeyond","floor":15},{"not_picked":["hexamod:UnleashSpirits","hexamod:ParanormalForm"],"picked":"hexamod:TurnItUp","floor":16},{"not_picked":["hexamod:ThermalTransfer","hexamod:BurningTouch"],"picked":"hexamod:SwordOfDarkness","floor":19},{"not_picked":["hexamod:SuperheatedStrike+1","hexamod:ThermalTransfer"],"picked":"hexamod:BacktrackSmack+1","floor":21},{"not_picked":["hexamod:EmpoweredFlame","hexamod:Hexaguard"],"picked":"hexamod:Incineration","floor":25},{"not_picked":["hexamod:SearingWound","hexamod:Haunt"],"picked":"hexamod:PhantomCloak","floor":26},{"not_picked":["hexamod:BurningTouch","hexamod:HauntingEcho+1"],"picked":"hexamod:ExtraCrispy","floor":27},{"not_picked":["hexamod:BacktrackSmack+1","hexamod:SwordOfDarkness+1"],"picked":"hexamod:AdvancingGuard","floor":28},{"not_picked":["hexamod:GhostLash+1","hexamod:BurningTouch"],"picked":"hexamod:ShieldOfDarkness","floor":30},{"not_picked":["hexamod:FifthSeal","hexamod:PhantomFireball"],"picked":"hexamod:HeatMetal","floor":32},{"not_picked":["hexamod:UnleashSpirits","hexamod:VolcanoVisage"],"picked":"hexamod:SixthSeal","floor":33},{"not_picked":["hexamod:RetreatToShadows","hexamod:SecondSeal"],"picked":"hexamod:SkipABeat","floor":36},{"not_picked":["expansioncontent:GuardianWhirl","expansioncontent:AwakenDeath"],"picked":"expansioncontent:LastStand","floor":37},{"not_picked":["expansioncontent:HyperBeam","expansioncontent:PrepareCrush"],"picked":"expansioncontent:PolyBeam","floor":37},{"not_picked":["expansioncontent:PolyBeam","expansioncontent:PrepareCrush"],"picked":"expansioncontent:LastStand","floor":37},{"not_picked":["hexamod:GhostOfSpireFuture+1","hexamod:GhostShield"],"picked":"hexamod:GhostOfSpirePast","floor":39},{"not_picked":["hexamod:HeatShield+1","hexamod:FlamesFromBeyond"],"picked":"hexamod:Hexaguard","floor":40},{"not_picked":["hexamod:PhantomCloak","hexamod:GhostOfSpireFuture+1"],"picked":"hexamod:NightmareGuise","floor":43},{"not_picked":["hexamod:SwordOfDarkness+1","hexamod:HauntingEcho+1"],"picked":"hexamod:FastForward","floor":47},{"not_picked":["hexamod:Haunt+1","hexamod:HexaLevel"],"picked":"hexamod:SwordOfDarkness+1","floor":48},{"not_picked":["hexamod:SpectersWail","hexamod:GhostOfSpirePast"],"picked":"hexamod:Firestarter","floor":49}],"player_experience":252298,"relics_obtained":[{"floor":6,"key":"Happy Flower"},{"floor":7,"key":"hexamod:InflammatoryLetter"},{"floor":17,"key":"Bag of Marbles"},{"floor":17,"key":"StuffTheSpire:ForceGauntlet"},{"floor":17,"key":"Peace Pipe"},{"floor":21,"key":"CaptainsWheel"},{"floor":21,"key":"StuffTheSpire:Tea"},{"floor":24,"key":"Bottled Flame"},{"floor":27,"key":"Anchor"},{"floor":41,"key":"StuffTheSpire:Expresso"},{"floor":43,"key":"Du-Vu Doll"},{"floor":45,"key":"StuffTheSpire:Rhapsscallions"}],"event_choices":[{"damage_healed":0,"gold_gain":0,"player_choice":"Forge","damage_taken":0,"max_hp_gain":0,"max_hp_loss":0,"event_name":"Accursed Blacksmith","floor":14,"gold_loss":0,"cards_upgraded":["hexamod:Rewind"]},{"damage_healed":0,"gold_gain":0,"player_choice":"Read","damage_taken":0,"max_hp_gain":0,"max_hp_loss":0,"event_name":"The Library","floor":20,"gold_loss":0,"cards_obtained":["hexamod:FirstSeal"]}],"is_beta":false,"boss_relics":[{"not_picked":["StuffTheSpire:RunicConfusion","Tiny House"],"picked":"Calling Bell"},{"not_picked":["Runic Dome","Snecko Eye"],"picked":"Sozu"}],"items_purged_floors":[],"is_endless":false,"potions_floor_spawned":[4,6,11,15,16,19,25,27,32,36,39,49],"killed_by":"SI_POISON_ARCHETYPE","ascension_level":0}}