{"host":"815dqs41i1y8uxms","time":1612114880,"event":{"mods":["A Penny For Your Troubles","Act Like it!","BaseMod","Dark Map","Elementarium","Fox Events","Minty Spire (QoL Compilation)","Rare Cards Sparkle","Shop Mod","Spire Arcade","StSLib","The Cursed","The Hierophant","The Marked"],"gold_per_floor":[111,121,121,139,139,150,167,42,88,40,59,122,122,150,150,250,250,262,277,15,15,15,25,25,57,80,80,97,126,126,152,152,253,253,264,278,38,56,70,96,96,96,175,175,185,185,203,213,213,213,213],"floor_reached":50,"language":"ENG","playtime":2981,"items_purged":[],"score":564,"play_id":"0e79aa4b-16d8-47a1-8fc4-ca43b61c7897","local_time":"20210131184120","is_ascension_mode":false,"campfire_choices":[{"floor":13,"key":"REST"},{"floor":15,"key":"REST"},{"data":"Storm","floor":24,"key":"SMITH"},{"floor":27,"key":"REST"},{"floor":32,"key":"REST"},{"floor":42,"key":"REST"},{"floor":44,"key":"RECALL"},{"floor":49,"key":"REST"}],"circlet_count":0,"master_deck":["Strike_B","Strike_B+1","Strike_B","Defend_B","Defend_B+1","Defend_B","Defend_B","Zap+1","Dualcast","Coolheaded","Creative AI+1","Capacitor","Storm+1","Double Energy","Storm","Bandage Up","Compile Driver","Consume","All For One","Meteor Strike","Undo","Coolheaded","Self Repair","Good Instincts","Magnetism","Storm","Defragment","Steam+1","Streamline","Elementarium:EarthblessedBlade","Injury","Compile Driver+1","Creative AI","Steam","Turbo","Static Discharge","Hologram+1","Leap","Heatsinks+1","Doom and Gloom+1","Conserve Battery","Writhe","Consume+1","Blizzard","Defragment+1"],"relics":["Cracked Core","Mercury Hourglass","Bag of Preparation","Busted Crown","MerchantsRug","Bag of Marbles","Juzu Bracelet","MealTicket","Elementarium:ElementariumTrophy","Inserter","Lee\u0027s Waffle","Dream Catcher"],"acts_visited":["Exordium","Elementarium:Elementarium","TheBeyond"],"potions_floor_usage":[12,16,16,23,25,29,31,37,47,50,50],"damage_taken":[{"damage":0,"enemies":"Small Slimes","floor":1,"turns":3},{"damage":0,"enemies":"2 Louse","floor":2,"turns":2},{"damage":14,"enemies":"Jaw Worm","floor":4,"turns":4},{"damage":7,"enemies":"Large Slime","floor":6,"turns":5},{"damage":20,"enemies":"Exordium Wildlife","floor":7,"turns":4},{"damage":4,"enemies":"Red Slaver","floor":11,"turns":3},{"damage":17,"enemies":"Lagavulin Event","floor":12,"turns":4},{"damage":7,"enemies":"Gremlin Nob","floor":14,"turns":4},{"damage":5,"enemies":"The Guardian","floor":16,"turns":7},{"damage":10,"enemies":"Elementarium:2_ELEMENTALS","floor":18,"turns":4},{"damage":8,"enemies":"Elementarium:VoidCorruption","floor":19,"turns":5},{"damage":24,"enemies":"Elementarium:3_ELEMENTALS","floor":23,"turns":5},{"damage":22,"enemies":"Elementarium:FIRE_NOBILITY","floor":25,"turns":4},{"damage":17,"enemies":"Elementarium:STONE_GOLEMS","floor":28,"turns":3},{"damage":33,"enemies":"Elementarium:ElementalPortal","floor":29,"turns":6},{"damage":30,"enemies":"Slavers","floor":31,"turns":4},{"damage":22,"enemies":"Elementarium:GolemEmperor","floor":33,"turns":7},{"damage":23,"enemies":"Orb Walker","floor":35,"turns":3},{"damage":32,"enemies":"3 Shapes","floor":36,"turns":4},{"damage":21,"enemies":"Maw","floor":38,"turns":5},{"damage":22,"enemies":"Writhing Mass","floor":39,"turns":4},{"damage":44,"enemies":"Reptomancer","floor":40,"turns":6},{"damage":23,"enemies":"4 Shapes","floor":45,"turns":4},{"damage":39,"enemies":"3 Darklings","floor":47,"turns":4},{"damage":20,"enemies":"Spire Growth","floor":48,"turns":6},{"damage":92,"enemies":"Donu and Deca","floor":50,"turns":7}],"seed_played":"-4027748163027087492","potions_obtained":[{"floor":6,"key":"Swift Potion"},{"floor":11,"key":"Dexterity Potion"},{"floor":12,"key":"AttackPotion"},{"floor":16,"key":"FocusPotion"},{"floor":18,"key":"DuplicationPotion"},{"floor":25,"key":"Weak Potion"},{"floor":29,"key":"AttackPotion"},{"floor":35,"key":"DuplicationPotion"},{"floor":39,"key":"ColorlessPotion"},{"floor":48,"key":"FearPotion"}],"is_trial":false,"path_per_floor":["M","M","?","M","?","M","M","$","T","?","M","?","R","E","R","B",null,"M","M","$","?","?","M","R","E","T","R","M","E","?","?","R","B",null,"M","M","$","M","M","E","?","R","T","R","M","?","M","M","R","B"],"character_chosen":"DEFECT","items_purchased":["Storm","Bandage Up","MerchantsRug","Bag of Marbles","Lee\u0027s Waffle","Fruit Juice","Static Discharge"],"campfire_rested":6,"item_purchase_floors":[8,8,20,20,37,37,37],"current_hp_per_floor":[75,75,60,46,46,39,19,19,26,26,22,9,33,26,50,49,82,76,72,72,72,72,66,66,65,65,92,82,60,60,41,68,57,92,69,44,104,94,79,46,46,77,77,77,58,84,52,36,67,0,0],"gold":213,"neow_bonus":"UPGRADE_CARD","is_daily":false,"chose_seed":false,"campfire_upgraded":1,"win_rate":0.0,"timestamp":1612114880,"path_taken":["M","M","?","M","?","M","M","?","T","?","M","?","R","E","R","BOSS","M","M","$","?","?","M","R","E","T","R","M","E","?","?","R","BOSS","M","M","$","M","M","E","?","R","T","R","M","?","M","M","R","BOSS"],"items_purchased_type":["Card","Card","Relic","Relic","Relic","Potion","Card"],"build_version":"2020-12-22","purchased_purges":0,"victory":false,"max_hp_per_floor":[75,75,75,75,75,75,75,75,82,82,82,82,82,82,82,82,82,82,82,82,82,82,82,82,92,92,92,92,92,92,92,92,92,92,92,92,104,104,104,104,104,104,104,104,104,104,104,104,104,104,104],"card_choices":[{"not_picked":["Barrage","Streamline"],"picked":"Coolheaded","floor":1},{"not_picked":["Glacier","Ball Lightning"],"picked":"Creative AI","floor":2},{"not_picked":["Stack","Undo"],"picked":"Capacitor","floor":4},{"not_picked":["Doom and Gloom","Compile Driver"],"picked":"Storm","floor":6},{"not_picked":["Streamline","Go for the Eyes"],"picked":"Double Energy","floor":7},{"not_picked":["Melter","Gash"],"picked":"Compile Driver","floor":11},{"not_picked":["Cold Snap","Coolheaded"],"picked":"Consume","floor":12},{"not_picked":["Cold Snap","Blizzard"],"picked":"All For One","floor":14},{"not_picked":["Thunder Strike","Hyperbeam"],"picked":"Meteor Strike","floor":16},{"not_picked":[],"picked":"Undo","floor":18},{"not_picked":[],"picked":"Coolheaded","floor":19},{"not_picked":[],"picked":"Good Instincts","floor":22},{"not_picked":[],"picked":"Magnetism","floor":22},{"not_picked":[],"picked":"Storm","floor":23},{"not_picked":[],"picked":"Defragment","floor":25},{"not_picked":[],"picked":"Steam+1","floor":28},{"not_picked":[],"picked":"Streamline","floor":29},{"not_picked":[],"picked":"Compile Driver+1","floor":31},{"not_picked":[],"picked":"Creative AI","floor":33},{"not_picked":[],"picked":"Steam","floor":35},{"not_picked":[],"picked":"Turbo","floor":36},{"not_picked":[],"picked":"Hologram+1","floor":38},{"not_picked":[],"picked":"Leap","floor":39},{"not_picked":[],"picked":"Heatsinks+1","floor":40},{"not_picked":[],"picked":"Doom and Gloom+1","floor":42},{"not_picked":[],"picked":"Conserve Battery","floor":45},{"not_picked":[],"picked":"Consume+1","floor":47},{"not_picked":[],"picked":"Blizzard","floor":48},{"not_picked":[],"picked":"Defragment+1","floor":49}],"player_experience":4013042,"relics_obtained":[{"floor":9,"key":"Strawberry"},{"floor":12,"key":"Mercury Hourglass"},{"floor":14,"key":"Bag of Preparation"},{"floor":25,"key":"Pear"},{"floor":26,"key":"Juzu Bracelet"},{"floor":29,"key":"MealTicket"},{"floor":31,"key":"Centennial Puzzle"},{"floor":40,"key":"Dream Catcher"}],"event_choices":[{"damage_healed":0,"gold_gain":0,"player_choice":"Entered Light","damage_taken":15,"max_hp_gain":0,"max_hp_loss":0,"event_name":"Shining Light","floor":3,"gold_loss":0,"cards_upgraded":["Defend_B","Strike_B"]},{"damage_healed":0,"gold_gain":0,"player_choice":"Grow","damage_taken":0,"max_hp_gain":0,"max_hp_loss":0,"event_name":"Living Wall","floor":5,"gold_loss":0,"cards_upgraded":["Creative AI"]},{"damage_healed":0,"gold_gain":0,"player_choice":"Left Gold","damage_taken":0,"max_hp_gain":0,"max_hp_loss":0,"event_name":"World of Goop","floor":10,"gold_loss":48},{"damage_healed":0,"gold_gain":30,"player_choice":"Searched \u00272\u0027 times","damage_taken":0,"max_hp_gain":0,"max_hp_loss":0,"event_name":"Dead Adventurer","floor":12,"gold_loss":0},{"damage_healed":0,"gold_gain":0,"player_choice":"Read","damage_taken":0,"max_hp_gain":0,"max_hp_loss":0,"event_name":"Elementarium:LostScrolls","floor":21,"gold_loss":0,"cards_obtained":["Self Repair"]},{"damage_healed":0,"gold_gain":0,"player_choice":"Machinery","damage_taken":0,"max_hp_gain":0,"max_hp_loss":0,"event_name":"Elementarium:IncubationChamber","floor":22,"gold_loss":0},{"damage_healed":0,"gold_gain":0,"player_choice":"Take","damage_taken":0,"max_hp_gain":0,"max_hp_loss":0,"event_name":"Elementarium:BladeSeller","floor":30,"gold_loss":0,"cards_obtained":["Elementarium:EarthblessedBlade","Injury"]},{"damage_healed":0,"gold_gain":0,"player_choice":"Enter","damage_taken":0,"max_hp_gain":0,"max_hp_loss":0,"event_name":"Elementarium:OtherworldlyPassage","floor":31,"gold_loss":0},{"cards_removed":["Strike_B"],"damage_healed":0,"gold_gain":0,"player_choice":"Removed Attack","damage_taken":0,"max_hp_gain":0,"max_hp_loss":0,"event_name":"Falling","floor":41,"gold_loss":0},{"damage_healed":26,"gold_gain":0,"player_choice":"Writhe","damage_taken":0,"max_hp_gain":0,"max_hp_loss":0,"event_name":"Winding Halls","floor":46,"gold_loss":0,"cards_obtained":["Writhe"]}],"is_beta":false,"boss_relics":[{"not_picked":["Snecko Eye","Runic Pyramid"],"picked":"Busted Crown"},{"not_picked":["Empty Cage","Fusion Hammer"],"picked":"Inserter"}],"items_purged_floors":[],"is_endless":false,"potions_floor_spawned":[6,11,12,16,18,25,29,35,39,48],"killed_by":"Donu and Deca","ascension_level":0}}