{"host":"mo324zvkdr1xwprd","time":1612062809,"event":{"mods":["BaseMod","Better Note","BetterRewards","Hermit","Highlight Path","Hubris","Minty Spire (QoL Compilation)","Quick Restart","Rare Cards Sparkle","Shop Mod","StSLib","The Cursed","The Hierophant"],"gold_per_floor":[117,12,31,43,59,59,90,365,365,392,404,419,419,439,439,541,541,555,555,555,574,303,303,318,351,351,385,403,417,270,68,68,167,167,184,23,23,23,35,35,70,120,170,170,194,211,223,250,250,250,250,250,5,5,5],"floor_reached":54,"language":"ENG","playtime":5747,"items_purged":[],"score":1274,"play_id":"2ce60f35-9be2-4d58-8445-a2e03eedc982","local_time":"20210131031329","is_ascension_mode":true,"campfire_choices":[{"floor":6.0,"key":"REST"},{"data":"hubris:DuctTapeCard","floor":15.0,"key":"SMITH"},{"floor":23.0,"key":"REST"},{"floor":32.0,"key":"RECALL"},{"data":"TheCursedMod:CircleOfBlood","floor":40.0,"key":"SMITH"},{"data":"Apotheosis","floor":49.0,"key":"SMITH"},{"floor":52,"key":"REST"}],"circlet_count":0,"master_deck":["TheCursedMod:Strike_TheCursed","TheCursedMod:Strike_TheCursed","TheCursedMod:Strike_TheCursed","TheCursedMod:Strike_TheCursed","TheCursedMod:Defend_TheCursed","TheCursedMod:Defend_TheCursed","TheCursedMod:Defend_TheCursed","TheCursedMod:Defend_TheCursed","TheCursedMod:Dregs","TheCursedMod:CursedBlade","TheCursedMod:CircleOfCorruption","Good Instincts","TheCursedMod:SpitefulStrike","TheCursedMod:TacticalStrike","TheCursedMod:Mangle","TheCursedMod:BlessingInDisguise","TheCursedMod:Torture","TheCursedMod:RapidMovement","TheCursedMod:SurpriseAttack","TheCursedMod:CircleOfBlood+1","Regret","TheCursedMod:CircleOfCorruption","TheCursedMod:SoulReap","TheCursedMod:CursedAmulet","Decay","TheCursedMod:WearCloak","TheCursedMod:ManaCirculation","TheCursedMod:HellfireBreathing","TheCursedMod:CircleOfBlood","TheCursedMod:CursedBoomerang+1","Apotheosis+1","TheCursedMod:HellfireBreathing","TheCursedMod:VitalStrike","TheCursedMod:TacticalStrike","TheCursedMod:ForbiddenAlchemy","TheCursedMod:CursedArmor","TheCursedMod:CursedStaff+1","TheCursedMod:RapidMovement","TheCursedMod:AshesToAshes","TheCursedMod:LuckyCharm","TheCursedMod:VoidForm","TheCursedMod:SpitefulPray","TheCursedMod:TacticalStrike","TheCursedMod:CircleOfAbyss","TheCursedMod:Hemoplague+1","TheCursedMod:OutForBlood","TheCursedMod:CursedShiv","TheCursedMod:WearCloak","TheCursedMod:SpitefulStrike+1","Trip","Dramatic Entrance","Jack Of All Trades","TheCursedMod:SpitefulStrike+1","TheCursedMod:CircleOfCorruption+1","TheCursedMod:Stigma+1","hubris:DuctTapeCard"],"relics":["TheCursedMod:BlackMagic101","Ice Cream","hubris:DuctTape","TheCursedMod:DemonicMark","hubris:SphereOfDissonance","Bronze Scales","hubris:GrandSneckoEye","Juzu Bracelet","Kunai","Toy Ornithopter","TheCursedMod:FourLeafCloverCharm","hubris:Icosahedron","hubris:PeanutButter","Unceasing Top","Regal Pillow","Lizard Tail","hubris:TinFlute"],"acts_visited":["Exordium","TheCity","TheBeyond","TheEnding"],"potions_floor_usage":[50,50,54,54],"damage_taken":[{"damage":1.0,"enemies":"Cultist","floor":1.0,"turns":3.0},{"damage":2.0,"enemies":"Jaw Worm","floor":3.0,"turns":3.0},{"damage":0.0,"enemies":"Small Slimes","floor":4.0,"turns":3.0},{"damage":7.0,"enemies":"Exordium Wildlife","floor":5.0,"turns":3.0},{"damage":3.0,"enemies":"Gremlin Nob","floor":7.0,"turns":3.0},{"damage":6.0,"enemies":"Lagavulin","floor":10.0,"turns":4.0},{"damage":0.0,"enemies":"Looter","floor":11.0,"turns":1.0},{"damage":0.0,"enemies":"Large Slime","floor":12.0,"turns":2.0},{"damage":0.0,"enemies":"Gremlin Gang","floor":14.0,"turns":2.0},{"damage":5.0,"enemies":"Slime Boss","floor":16.0,"turns":6.0},{"damage":5.0,"enemies":"Shell Parasite","floor":18.0,"turns":3.0},{"damage":25.0,"enemies":"Spheric Guardian","floor":21.0,"turns":4.0},{"damage":8.0,"enemies":"Shelled Parasite and Fungi","floor":24.0,"turns":4.0},{"damage":15.0,"enemies":"Gremlin Leader","floor":25.0,"turns":5.0},{"damage":5.0,"enemies":"Book of Stabbing","floor":27.0,"turns":4.0},{"damage":6.0,"enemies":"Cultist and Chosen","floor":28.0,"turns":5.0},{"damage":0.0,"enemies":"Snake Plant","floor":29.0,"turns":1.0},{"damage":19.0,"enemies":"Collector","floor":33.0,"turns":7.0},{"damage":0.0,"enemies":"Orb Walker","floor":35.0,"turns":3.0},{"damage":4.0,"enemies":"3 Shapes","floor":39.0,"turns":5.0},{"damage":1.0,"enemies":"Reptomancer","floor":41.0,"turns":6.0},{"damage":0.0,"enemies":"Mind Bloom Boss Battle","floor":42.0,"turns":5.0},{"damage":0.0,"enemies":"Transient","floor":46.0,"turns":5.0},{"damage":19.0,"enemies":"Spire Growth","floor":47.0,"turns":3.0},{"damage":8.0,"enemies":"Giant Head","floor":48.0,"turns":7.0},{"damage":73,"enemies":"Donu and Deca","floor":50,"turns":8},{"damage":156,"enemies":"Shield and Spear","floor":54,"turns":5}],"seed_played":"6883828624518106802","potions_obtained":[{"floor":1.0,"key":"GamblersBrew"},{"floor":5.0,"key":"Energy Potion"},{"floor":10.0,"key":"SteroidPotion"},{"floor":11.0,"key":"Explosive Potion"},{"floor":12.0,"key":"SkillPotion"},{"floor":14.0,"key":"PowerPotion"},{"floor":18.0,"key":"FearPotion"},{"floor":27.0,"key":"Strength Potion"},{"floor":33.0,"key":"DuplicationPotion"},{"floor":35.0,"key":"ColorlessPotion"},{"floor":48.0,"key":"SteroidPotion"}],"is_trial":false,"path_per_floor":["M","$","M","M","M","R","E","?","T","E","M","M","?","M","R","B",null,"M","?","?","M","$","R","M","E","T","E","M","M","$","$","R","B",null,"M","$","?","?","M","R","E","?","T","?","T","M","M","E","R","B",null,"R","$","E"],"character_chosen":"THE_CURSED","items_purchased":["TheCursedMod:CursedBlade","Good Instincts","TheCursedMod:Mangle","TheCursedMod:BlessingInDisguise","Apotheosis","TheCursedMod:HellfireBreathing","TheCursedMod:VitalStrike","TheCursedMod:AshesToAshes","TheCursedMod:LuckyCharm","TheCursedMod:VoidForm","TheCursedMod:SpitefulPray","TheCursedMod:TacticalStrike","TheCursedMod:OutForBlood","hubris:TinFlute"],"campfire_rested":3,"item_purchase_floors":[0,0,2,2,22,22,22,30,30,31,31,31,36,53],"current_hp_per_floor":[51,51,49,49,42,64,61,61,61,59,59,64,64,75,75,70,74,70,70,70,50,50,72,71,60,60,59,75,75,75,75,75,75,75,75,75,75,75,71,71,74,75,75,65,68,75,71,74,74,37,66,75,75,0,0],"gold":5,"neow_bonus":"","is_daily":false,"chose_seed":false,"campfire_upgraded":3,"win_rate":0.0,"timestamp":1612062809,"path_taken":["M","$","M","M","M","R","E","?","T","E","?","M","?","M","R","BOSS","M","?","?","M","$","R","M","E","T","E","M","M","?","$","R","BOSS","M","$","?","?","M","R","E","?","T","?","?","M","M","E","R","BOSS","R","$","E"],"items_purchased_type":["Card","Card","Card","Card","Card","Card","Card","Card","Card","Card","Card","Card","Card","Relic"],"build_version":"2020-12-22","purchased_purges":0,"victory":false,"max_hp_per_floor":[75,75,75,75,75,75,75,75,75,75,75,75,75,75,75,75,75,75,75,75,75,75,75,75,75,75,75,75,75,75,75,75,75,75,75,75,75,75,75,75,75,75,75,75,75,75,75,75,75,75,75,75,75,75,75],"card_choices":[{"not_picked":["TheCursedMod:CursedMace","TheCursedMod:SpitefulStrike"],"picked":"TheCursedMod:TacticalStrike","floor":1.0},{"not_picked":["TheCursedMod:FuryStrike","TheCursedMod:CursedMace"],"picked":"TheCursedMod:Torture","floor":3.0},{"not_picked":["TheCursedMod:BloodBarrier","TheCursedMod:SmokeScreen"],"picked":"TheCursedMod:RapidMovement","floor":4.0},{"not_picked":["TheCursedMod:Stretching","TheCursedMod:DemonicPact"],"picked":"TheCursedMod:SurpriseAttack","floor":5.0},{"not_picked":["TheCursedMod:CursedMace","TheCursedMod:Stigma"],"picked":"TheCursedMod:CircleOfBlood","floor":7.0},{"not_picked":["TheCursedMod:RavingStaff","TheCursedMod:Stretching"],"picked":"TheCursedMod:CircleOfCorruption","floor":10.0},{"not_picked":["TheCursedMod:CircleOfFlame","TheCursedMod:LuckyCharm"],"picked":"TheCursedMod:SoulReap","floor":11.0},{"not_picked":["TheCursedMod:CircleOfFlame","TheCursedMod:Wield"],"picked":"TheCursedMod:CursedAmulet","floor":12.0},{"not_picked":["TheCursedMod:CursedBoomerang","TheCursedMod:BlessingInDisguise"],"picked":"TheCursedMod:WearCloak","floor":14.0},{"not_picked":["TheCursedMod:ParallelWorld","TheCursedMod:CursedRelics"],"picked":"TheCursedMod:ManaCirculation","floor":16.0},{"not_picked":["TheCursedMod:Grudge","TheCursedMod:Torture"],"picked":"TheCursedMod:HellfireBreathing","floor":18.0},{"not_picked":["TheCursedMod:RapidMovement","TheCursedMod:Obscuration"],"picked":"TheCursedMod:CursedBoomerang+1","floor":21.0},{"not_picked":["TheCursedMod:CursedMace","TheCursedMod:CursedBlade"],"picked":"TheCursedMod:TacticalStrike","floor":24.0},{"not_picked":["TheCursedMod:CursedShiv","TheCursedMod:VitalStrike"],"picked":"TheCursedMod:ForbiddenAlchemy","floor":25.0},{"not_picked":["TheCursedMod:CursedBlade","TheCursedMod:TacticalStrike+1"],"picked":"TheCursedMod:CursedArmor","floor":27.0},{"not_picked":["TheCursedMod:HellsGateOpen","TheCursedMod:FleshFromBone+1"],"picked":"TheCursedMod:CursedStaff+1","floor":28.0},{"not_picked":["TheCursedMod:RavingStaff","TheCursedMod:SoulCrush+1"],"picked":"TheCursedMod:RapidMovement","floor":29.0},{"not_picked":["TheCursedMod:Neurasthenia","TheCursedMod:UltimatePain"],"picked":"TheCursedMod:CircleOfAbyss","floor":33.0},{"not_picked":["TheCursedMod:TacticalStrike+1","TheCursedMod:Wield"],"picked":"TheCursedMod:Hemoplague+1","floor":35.0},{"not_picked":["TheCursedMod:Torture","TheCursedMod:VitalStrike"],"picked":"TheCursedMod:CursedShiv","floor":39.0},{"not_picked":["TheCursedMod:Mangle","TheCursedMod:Wield"],"picked":"TheCursedMod:WearCloak","floor":41.0},{"not_picked":["TheCursedMod:Torture","TheCursedMod:Stigma"],"picked":"TheCursedMod:SpitefulStrike+1","floor":42.0},{"not_picked":["Finesse","Secret Weapon"],"picked":"Trip","floor":44.0},{"not_picked":["Enlightenment","PanicButton"],"picked":"Dramatic Entrance","floor":44.0},{"not_picked":["HandOfGreed","Impatience"],"picked":"Jack Of All Trades","floor":44.0},{"not_picked":["TheCursedMod:Stigma","TheCursedMod:ManaBullet+1"],"picked":"TheCursedMod:SpitefulStrike+1","floor":46.0},{"not_picked":["TheCursedMod:Stigma","TheCursedMod:WearCloak+1"],"picked":"TheCursedMod:CircleOfCorruption+1","floor":47.0},{"not_picked":["TheCursedMod:BloodBarrier","TheCursedMod:SpitefulStrike"],"picked":"TheCursedMod:Stigma+1","floor":48.0}],"player_experience":435408,"relics_obtained":[{"floor":7.0,"key":"TheCursedMod:DemonicMark"},{"floor":9.0,"key":"hubris:SphereOfDissonance"},{"floor":10.0,"key":"Bronze Scales"},{"floor":25.0,"key":"Juzu Bracelet"},{"floor":26.0,"key":"Kunai"},{"floor":27.0,"key":"Toy Ornithopter"},{"floor":41.0,"key":"hubris:PeanutButter"},{"floor":42.0,"key":"Unceasing Top"},{"floor":45.0,"key":"Regal Pillow"},{"floor":48.0,"key":"Lizard Tail"}],"event_choices":[{"damage_healed":0.0,"max_hp_gain":0.0,"max_hp_loss":0.0,"gold_gain":275.0,"event_name":"Golden Shrine","player_choice":"Desecrate","floor":8.0,"gold_loss":0.0,"damage_taken":0.0,"cards_obtained":["Regret"]},{"damage_healed":0.0,"max_hp_gain":0.0,"max_hp_loss":0.0,"gold_gain":0.0,"event_name":"Wheel of Change","player_choice":"Cursed","floor":13.0,"gold_loss":0.0,"damage_taken":0.0,"cards_obtained":["Decay"]},{"damage_healed":0.0,"max_hp_gain":0.0,"max_hp_loss":0.0,"gold_gain":0.0,"event_name":"Vampires","player_choice":"Ignored","floor":20.0,"gold_loss":0.0,"damage_taken":0.0},{"damage_healed":0.0,"max_hp_gain":0.0,"max_hp_loss":0.0,"gold_gain":0.0,"event_name":"Fountain of Cleansing","player_choice":"Ignored","floor":37.0,"gold_loss":0.0,"damage_taken":0.0},{"damage_healed":0.0,"max_hp_gain":0.0,"max_hp_loss":0.0,"gold_gain":0.0,"event_name":"MindBloom","player_choice":"Fight","floor":42.0,"gold_loss":0.0,"damage_taken":0.0},{"damage_healed":0.0,"max_hp_gain":0.0,"max_hp_loss":0.0,"gold_gain":0.0,"event_name":"SensoryStone","player_choice":"Memory 3","floor":44.0,"gold_loss":0.0,"damage_taken":10.0}],"is_beta":false,"boss_relics":[{"not_picked":["hubris:TerracottaHorce","hubris:CrackedHourglass"],"picked":"hubris:GrandSneckoEye"},{"not_picked":["hubris:HollowSoul","Sozu"],"picked":"TheCursedMod:FourLeafCloverCharm"}],"items_purged_floors":[],"is_endless":false,"potions_floor_spawned":[1,5,10,11,12,14,18,27,33,35,46,48],"killed_by":"Shield and Spear","ascension_level":6}}