{"host":"ekyl8r8j8fco3zlk","time":1612086029,"event":{"mods":["ATMod(∞¢Ë™Mod)","Act Like it!","Arknights","BaseMod","CapriCore","Decade(Õı–°√˜)","Dota2Spire","Downfall","Friendly Minions","Gensokyo","Lobotomy","LobotomyExtend","Marisa£®ÏF”Í°°ƒß¿Ì…≥£©","Minty Spire (QoL Compilation)","READ ME - Guardian Mod","Rare Cards Sparkle","Reimu£®≤©¿ˆ¡È√Œ£©","StSLib","The Alterego","The Immortal","The Jungle","TheWitcher","Waifu the Spire","WarShipGirlsR/’ΩΩ¢…Ÿ≈ÆR mod","Yakumo Yukari mod","°æ“≈ŒÔø®≈∆°øREMEMod"],"gold_per_floor":[109,109,119,138,154,154,182,195,246,264,299,334,346,371,383,493,505,566,110,124,124,135,135,161,161,161,161,177,5,60,129,129,307,307,343,389,4,4,98,154,16,16,16,73,114,150,0,0,0,50],"floor_reached":51,"language":"ZHS","playtime":1947,"items_purged":[],"score":932,"play_id":"a07f9fe7-7e5c-44e1-9514-6d344a438e83","local_time":"20210131174029","is_ascension_mode":false,"campfire_choices":[{"data":"ats:Part Time Job","floor":6,"key":"SMITH"},{"data":"ats:Guardian Obelisk","floor":15,"key":"SMITH"},{"data":"AT_Desolate","floor":23,"key":"SMITH"},{"data":"ats:True Silver Slash","floor":25,"key":"SMITH"},{"data":"ats:Sashimi Platter","floor":27,"key":"SMITH"},{"data":"ats:Sword Rain","floor":32,"key":"SMITH"},{"data":"ats:Fractured Body","floor":42,"key":"SMITH"},{"data":"ats:Composite Medical Shells","floor":49,"key":"SMITH"}],"circlet_count":0,"master_deck":["ats:Strike C+1","ats:Strike G+1","ats:Strike S","ats:Strike V","ats:Armor Crushing Shot","ats:Defend","ats:Defend","ats:Defend","ats:Defend","ats:Emotion Absorption","ats:Explosion Area Strengthen","ats:Sunburst","ats:Part Time Job+1","ats:Ignite","ats:Sashimi Platter+1","ats:Sword Rain+1","ats:Cat Scratch","ats:True Silver Slash+1","ats:Guardian Obelisk+1","ats:Wolf Pack","ats:Curse Doll","ats:Composite Medical Shells+1","ats:Closed Bolt Burst Fire+1","ats:Calcification","ats:Calcification","ats:Powerful Strike+1","ats:Fractured Body+1","ats:Burning Ground+1"],"relics":["ats:Sanity","AT_ATBox","REME_ComplimentaryCards","LetterFromLob","FossilizedHelix","ats:Originium","Blue Candle","AT_ChloranthyRing","MawBank","Oddly Smooth Stone","Busted Crown","ats:Arts","Tiny Chest","Orichalcum","Boot","SnafuTest:BearRelic","AT_MibuBalloonWealth","Thread and Needle","SlaversCollar","Strawberry","Dota2Spire:Vanguard","Shuriken","Whetstone","Dota2Spire:OrchidMalevolence","ats:Rhine Circuitry","Red Mask"],"acts_visited":["Exordium","TheCity","TheBeyond"],"potions_floor_usage":[4,10,11,14,18,30,33,33,33,50,50],"damage_taken":[{"damage":1,"enemies":"Jaw Worm","floor":1,"turns":2},{"damage":0,"enemies":"Cultist","floor":3,"turns":2},{"damage":0,"enemies":"2 Louse","floor":4,"turns":3},{"damage":0,"enemies":"Large Slime","floor":5,"turns":3},{"damage":0,"enemies":"Gremlin Nob","floor":7,"turns":4},{"damage":0,"enemies":"Blue Slaver","floor":8,"turns":3},{"damage":0,"enemies":"2 Fungi Beasts","floor":10,"turns":2},{"damage":0,"enemies":"3 Sentries","floor":11,"turns":3},{"damage":0,"enemies":"Red Slaver","floor":14,"turns":3},{"damage":60,"enemies":"The Guardian","floor":16,"turns":10},{"damage":0,"enemies":"3 Byrds","floor":18,"turns":4},{"damage":14,"enemies":"Spheric Guardian","floor":20,"turns":4},{"damage":39,"enemies":"Shelled Parasite and Fungi","floor":22,"turns":5},{"damage":21,"enemies":"Gremlin Leader","floor":24,"turns":8},{"damage":0,"enemies":"Cultist and Chosen","floor":28,"turns":3},{"damage":6,"enemies":"Book of Stabbing","floor":30,"turns":3},{"damage":0,"enemies":"Centurion and Healer","floor":31,"turns":5},{"damage":11,"enemies":"Automaton","floor":33,"turns":7},{"damage":0,"enemies":"Orb Walker","floor":35,"turns":3},{"damage":43,"enemies":"3 Shapes","floor":39,"turns":4},{"damage":0,"enemies":"Giant Head","floor":40,"turns":6},{"damage":0,"enemies":"Nemesis","floor":44,"turns":5},{"damage":5,"enemies":"Maw","floor":45,"turns":7},{"damage":0,"enemies":"Transient","floor":46,"turns":5},{"damage":5,"enemies":"Donu and Deca","floor":50,"turns":7},{"damage":99,"enemies":"Malkuth","floor":51,"turns":12},{"damage":111,"enemies":"Netzach","floor":51,"turns":10}],"seed_played":"-4869975747164924823","potions_obtained":[{"floor":3,"key":"FearPotion"},{"floor":5,"key":"PowerPotion"},{"floor":7,"key":"Explosive Potion"},{"floor":10,"key":"Fire Potion"},{"floor":14,"key":"Fruit Juice"},{"floor":16,"key":"REME_GoldPotion"},{"floor":20,"key":"GrandPatriotsElixir:ReiMu"},{"floor":28,"key":"ats:Top Emergency Sanity Potion"},{"floor":30,"key":"Dota2Spire:Clarity"},{"floor":39,"key":"champ:CounterPotion"},{"floor":44,"key":"Swift Potion"}],"is_trial":false,"path_per_floor":["M","?","M","M","M","R","E","M","T","M","E","T","M","M","R","B",null,"M","$","M","$","M","R","E","R","T","R","M","$","E","M","R","B",null,"M","T","$","?","M","E","$","R","T","E","M","M","?","?","R","B",null],"character_chosen":"DOCTOR_CLASS","items_purchased":["ats:Arts","Tiny Chest","Orichalcum","AT_MibuBalloonWealth","ats:Curse Doll","Dota2Spire:Vanguard","Shuriken","ats:Fractured Body"],"campfire_rested":0,"item_purchase_floors":[19,19,19,29,29,37,37,41],"current_hp_per_floor":[71,71,71,72,72,72,72,72,72,72,72,72,72,77,77,53,77,77,77,64,64,54,54,47,47,47,47,47,47,70,77,77,77,77,77,84,84,84,42,71,71,71,71,80,84,84,84,84,84,84],"gold":100,"neow_bonus":"THREE_CARDS","is_daily":false,"chose_seed":false,"campfire_upgraded":8,"win_rate":0.0,"timestamp":1612086029,"path_taken":["M","?","M","M","?","R","E","M","T","?","E","?","M","M","R","BOSS","M","$","M","?","M","R","E","R","T","R","M","?","E","?","R","BOSS","M","?","$","?","M","E","$","R","T","E","M","M","?","?","R","BOSS"],"items_purchased_type":["Relic","Relic","Relic","Relic","Card","Relic","Relic","Card"],"build_version":"2020-12-22","purchased_purges":0,"victory":true,"max_hp_per_floor":[72,72,72,72,72,72,72,72,72,72,72,72,72,77,77,77,77,77,77,77,77,77,77,77,77,77,77,77,77,77,77,77,77,77,77,84,84,84,84,84,84,84,84,84,84,84,84,84,84,84],"card_choices":[{"not_picked":["ats:Guardian Obelisk","ats:Absolute Focus"],"picked":"ats:Explosion Area Strengthen","floor":0},{"not_picked":["ats:Explosion Area Strengthen","ats:Poison Spread"],"picked":"ats:Sunburst","floor":1},{"not_picked":["ats:Magnetic Hammer","ats:Consecutive Shot Auto"],"picked":"ats:Part Time Job","floor":3},{"not_picked":["ats:Collapsing Strike","ats:Hammer On"],"picked":"ats:Ignite","floor":4},{"not_picked":["ats:Apocalypse","ats:Revitalization"],"picked":"ats:Sashimi Platter","floor":5},{"not_picked":["ats:Neurotoxin","ats:Healing Drone"],"picked":"ats:Sword Rain","floor":7},{"not_picked":["ats:Apocalypse","ats:Encircling Forest"],"picked":"ats:Cat Scratch","floor":8},{"not_picked":["ats:Very Hot Blade","ats:Hammer On"],"picked":"ats:True Silver Slash","floor":10},{"not_picked":["ats:Revitalization","ats:Ignite","ats:Poison Spread"],"picked":"SKIP","floor":11},{"not_picked":["ats:Poison Spread","ats:Literary Storm"],"picked":"ats:Guardian Obelisk","floor":14},{"not_picked":["ats:Roar Of Ursus","ats:Rat Pack"],"picked":"ats:Wolf Pack","floor":16},{"not_picked":["ats:Poison Spread"],"picked":"SKIP","floor":18},{"not_picked":["ats:Leaping Hammer"],"picked":"SKIP","floor":20},{"not_picked":["ats:Red Shift"],"picked":"SKIP","floor":22},{"not_picked":["ats:Dogmatic Field"],"picked":"SKIP","floor":24},{"not_picked":["ats:Poison Spread"],"picked":"SKIP","floor":28},{"not_picked":[],"picked":"ats:Composite Medical Shells","floor":30},{"not_picked":[],"picked":"ats:Closed Bolt Burst Fire+1","floor":31},{"not_picked":[],"picked":"ats:Calcification","floor":33},{"not_picked":["ats:Shell Defense"],"picked":"SKIP","floor":35},{"not_picked":[],"picked":"ats:Calcification","floor":38},{"not_picked":[],"picked":"ats:Powerful Strike+1","floor":39},{"not_picked":["ats:Powerful Strike"],"picked":"SKIP","floor":40},{"not_picked":[],"picked":"ats:Burning Ground+1","floor":44},{"not_picked":["ats:Very Hot Blade"],"picked":"SKIP","floor":45},{"not_picked":["ats:Cat Scratch+1"],"picked":"SKIP","floor":46}],"player_experience":751000,"relics_obtained":[{"floor":1,"key":"LetterFromLob"},{"floor":2,"key":"FossilizedHelix"},{"floor":7,"key":"ats:Originium"},{"floor":7,"key":"Blue Candle"},{"floor":9,"key":"AT_ChloranthyRing"},{"floor":11,"key":"ats:Originium"},{"floor":11,"key":"MawBank"},{"floor":12,"key":"Oddly Smooth Stone"},{"floor":24,"key":"ats:Originium"},{"floor":24,"key":"Boot"},{"floor":26,"key":"SnafuTest:BearRelic"},{"floor":30,"key":"ats:Originium"},{"floor":30,"key":"Thread and Needle"},{"floor":36,"key":"Strawberry"},{"floor":40,"key":"Whetstone"},{"floor":43,"key":"Dota2Spire:OrchidMalevolence"},{"floor":44,"key":"ats:Rhine Circuitry"}],"event_choices":[{"damage_healed":0,"gold_gain":0,"player_choice":"Relic","damage_taken":0,"max_hp_gain":0,"max_hp_loss":0,"event_name":"Wheel of Change","floor":2,"gold_loss":0},{"damage_healed":0,"gold_gain":0,"player_choice":"Paid","damage_taken":0,"relics_obtained":["Red Mask"],"max_hp_gain":0,"max_hp_loss":0,"event_name":"Tomb of Lord Red Mask","floor":47,"gold_loss":150},{"cards_removed":["AT_Desolate"],"damage_healed":0,"gold_gain":0,"player_choice":"Removed Power","damage_taken":0,"max_hp_gain":0,"max_hp_loss":0,"event_name":"Falling","floor":48,"gold_loss":0}],"is_beta":false,"boss_relics":[{"not_picked":["Fusion Hammer","Runic Dome"],"picked":"Busted Crown"},{"not_picked":["REME_DuelDisc","Snecko Eye"],"picked":"SlaversCollar"}],"items_purged_floors":[],"is_endless":false,"potions_floor_spawned":[3,5,7,10,14,16,20,28,30,31,39,44],"ascension_level":0}}