{"host":"5jyeqch4fosnsiz2","time":1612125896,"event":{"mods":["BaseMod","Bestiary","Colored Map","Colored Powertips","Filter the Spire","Minty Spire (QoL Compilation)","Relic Stats","StSLib","Waifu the Spire","ojb\u0027s Better Paths Mod","ojb\u0027s Info Mod"],"gold_per_floor":[113,63,63,82,82,82,7,38,61,88,105,105,123,137,137,238,238,250,260,260,279,26,26,51,51,51,51,51,66,66,78,78,176,176,189,203,123,33,43,78,90,120,165,165,165,179,0,17,17,17,17,17,17,49,49,49],"floor_reached":55,"language":"ENG","playtime":1978,"items_purged":["Decay","Strike_G"],"score":807,"play_id":"c5a02d89-2b4f-4314-8c7c-baa16fbfd1f9","local_time":"20210131154456","is_ascension_mode":false,"campfire_choices":[{"data":"Panache","floor":6,"key":"SMITH"},{"data":"Cloak And Dagger","floor":12,"key":"SMITH"},{"data":"Blade Dance","floor":15,"key":"SMITH"},{"data":"Finisher","floor":23,"key":"SMITH"},{"data":"Phantasmal Killer","floor":25,"key":"SMITH"},{"data":"Prepared","floor":30,"key":"SMITH"},{"data":"Masterful Stab","floor":32,"key":"SMITH"},{"floor":49,"key":"RECALL"},{"data":"Accuracy","floor":52,"key":"SMITH"}],"circlet_count":0,"master_deck":["Strike_G","Strike_G","Strike_G","Defend_G+1","Defend_G","Defend_G","Survivor+1","Neutralize","Panache+1","Footwork","Cloak And Dagger+1","Armaments+1","Masterful Stab+1","Blade Dance+1","Phantasmal Killer+1","Prepared+1","Finisher+1","Blade Dance+1","Core Surge+1","Scrape+1","Accuracy+1","Prostrate","Battle Trance","Glacier+1"],"relics":["Ring of the Snake","Singing Bowl","Eternal Feather","WristBlade","CultistMask","PrismaticShard","War Paint","Question Card","Sozu","Omamori","Anchor","Regal Pillow","Bronze Scales","Red Mask","Toy Ornithopter"],"acts_visited":["Exordium","TheCity","TheBeyond","TheEnding"],"potions_floor_usage":[8,16,16,21,33,36,50,55],"damage_taken":[{"damage":2,"enemies":"2 Louse","floor":1,"turns":3},{"damage":0,"enemies":"Small Slimes","floor":4,"turns":4},{"damage":7,"enemies":"Lagavulin","floor":8,"turns":9},{"damage":24,"enemies":"Gremlin Nob","floor":10,"turns":5},{"damage":0,"enemies":"Cultist","floor":11,"turns":4},{"damage":0,"enemies":"2 Fungi Beasts","floor":13,"turns":2},{"damage":1,"enemies":"Red Slaver","floor":14,"turns":3},{"damage":9,"enemies":"The Guardian","floor":16,"turns":14},{"damage":10,"enemies":"Spheric Guardian","floor":18,"turns":3},{"damage":27,"enemies":"Shell Parasite","floor":19,"turns":5},{"damage":9,"enemies":"Centurion and Healer","floor":21,"turns":4},{"damage":0,"enemies":"Book of Stabbing","floor":24,"turns":3},{"damage":0,"enemies":"3 Cultists","floor":29,"turns":3},{"damage":0,"enemies":"Snecko","floor":31,"turns":3},{"damage":25,"enemies":"Collector","floor":33,"turns":7},{"damage":5,"enemies":"Orb Walker","floor":35,"turns":2},{"damage":5,"enemies":"3 Shapes","floor":36,"turns":2},{"damage":5,"enemies":"Spire Growth","floor":39,"turns":2},{"damage":0,"enemies":"Giant Head","floor":40,"turns":5},{"damage":20,"enemies":"Sphere and 2 Shapes","floor":41,"turns":3},{"damage":27,"enemies":"Reptomancer","floor":42,"turns":4},{"damage":5,"enemies":"Writhing Mass","floor":46,"turns":4},{"damage":0,"enemies":"Spire Growth","floor":48,"turns":3},{"damage":37,"enemies":"Donu and Deca","floor":50,"turns":8},{"damage":44,"enemies":"Shield and Spear","floor":54,"turns":6},{"damage":59,"enemies":"The Heart","floor":55,"turns":5}],"seed_played":"-4350378992722533449","potions_obtained":[{"floor":1,"key":"Fire Potion"},{"floor":10,"key":"Ancient Potion"},{"floor":11,"key":"Strength Potion"},{"floor":13,"key":"ColorlessPotion"},{"floor":16,"key":"Dexterity Potion"},{"floor":19,"key":"CunningPotion"},{"floor":21,"key":"Energy Potion"},{"floor":33,"key":"Weak Potion"}],"is_trial":false,"path_per_floor":["M","?","?","M","?","R","$","E","T","E","M","R","M","M","R","B",null,"M","M","?","M","$","R","E","R","T","?","$","M","R","M","R","B",null,"M","M","$","?","M","E","M","E","T","?","T","M","?","M","R","B",null,"R","$","E","B"],"character_chosen":"THE_SILENT","items_purchased":["PrismaticShard","Accuracy"],"campfire_rested":0,"item_purchase_floors":[22,37],"current_hp_per_floor":[47,47,47,47,47,47,47,40,40,18,20,29,29,30,39,30,76,66,39,39,32,32,41,41,50,50,35,35,37,46,48,57,32,87,82,79,79,79,74,76,56,29,29,91,91,88,88,90,95,58,95,95,95,53,0,0],"gold":49,"neow_bonus":"RANDOM_COLORLESS_2","is_daily":false,"chose_seed":false,"campfire_upgraded":8,"win_rate":0.0,"timestamp":1612125896,"path_taken":["M","?","?","?","?","R","$","E","T","E","M","R","?","M","R","BOSS","M","?","?","?","$","R","E","R","T","?","?","M","R","?","R","BOSS","M","M","$","?","M","E","?","E","T","?","?","M","?","M","R","BOSS","R","$","E","BOSS"],"items_purchased_type":["Relic","Card"],"build_version":"2020-12-22","purchased_purges":2,"victory":false,"max_hp_per_floor":[70,70,70,70,70,70,70,70,70,72,74,74,74,76,76,76,76,76,76,76,78,78,78,78,78,78,83,83,85,85,87,87,87,87,87,89,89,89,89,91,91,91,91,91,91,93,93,95,95,95,95,95,95,97,97,97],"relic_stats":{"Sozu":4,"Regal Pillow":0,"Singing Bowl":22,"counters":[26,116],"Bronze Scales":[114],"Eternal Feather":59,"War Paint":["Defend_G","Survivor"],"Question Card":12,"obtain_stats":[{"Regal Pillow":43,"Singing Bowl":8,"Eternal Feather":10,"Omamori":40,"War Paint":24,"PrismaticShard":22,"Question Card":26,"Sozu":34,"Anchor":42,"WristBlade":17,"Bronze Scales":45,"CultistMask":20,"Red Mask":47,"Toy Ornithopter":54,"Ring of the Snake":0},{"Regal Pillow":21,"Singing Bowl":3,"Eternal Feather":4,"Omamori":19,"War Paint":12,"PrismaticShard":11,"Question Card":12,"Sozu":15,"Anchor":21,"WristBlade":8,"Bronze Scales":21,"CultistMask":10,"Red Mask":22,"Toy Ornithopter":25,"Ring of the Snake":0},{"Regal Pillow":90,"Singing Bowl":16,"Eternal Feather":21,"Omamori":83,"War Paint":59,"PrismaticShard":56,"Question Card":59,"Sozu":72,"Anchor":90,"WristBlade":44,"Bronze Scales":90,"CultistMask":52,"Red Mask":94,"Toy Ornithopter":111,"Ring of the Snake":0}],"Toy Ornithopter":5,"Ring of the Snake":[52]},"card_choices":[{"not_picked":["Thinking Ahead","Transmutation"],"picked":"Panache","floor":0},{"not_picked":["Flying Knee","Prepared"],"picked":"Footwork","floor":1},{"not_picked":["Skewer","Acrobatics"],"picked":"Cloak And Dagger","floor":4},{"not_picked":["Envenom","Underhanded Strike"],"picked":"Masterful Stab","floor":8},{"not_picked":["Acrobatics","Poisoned Stab","Expertise"],"picked":"Singing Bowl","floor":10},{"not_picked":["Deadly Poison","Dagger Throw","Choke"],"picked":"Singing Bowl","floor":11},{"not_picked":["Eviscerate","Footwork"],"picked":"Blade Dance","floor":13},{"not_picked":["Dagger Spray","Flying Knee","Calculated Gamble"],"picked":"Singing Bowl","floor":14},{"not_picked":["Malaise","A Thousand Cuts"],"picked":"Phantasmal Killer","floor":16},{"not_picked":["Flying Knee","Quick Slash+1"],"picked":"Prepared","floor":18},{"not_picked":["Masterful Stab","Dagger Throw"],"picked":"Finisher","floor":19},{"not_picked":["Acrobatics","Expertise","Escape Plan"],"picked":"Singing Bowl","floor":21},{"not_picked":["Choke+1","BowlingBash"],"picked":"Blade Dance+1","floor":24},{"not_picked":["Slice+1","FlyingSleeves","Perfected Strike","Infernal Blade+1"],"picked":"Singing Bowl","floor":29},{"not_picked":["Anger+1","Mayhem","Perfected Strike","Metallicize"],"picked":"Singing Bowl","floor":31},{"not_picked":["Meteor Strike","Establishment","Secret Technique"],"picked":"Core Surge","floor":33},{"not_picked":["Compile Driver","All Out Attack+1","Coolheaded"],"picked":"Scrape+1","floor":35},{"not_picked":["Purity","EmptyFist","Double Tap","Anger+1"],"picked":"Singing Bowl","floor":36},{"not_picked":["Terror","Armaments+1","Fusion"],"picked":"Prostrate","floor":39},{"not_picked":["Distraction+1","Fire Breathing+1","Redo","EmptyBody"],"picked":"Singing Bowl","floor":40},{"not_picked":["PathToVictory","Tools of the Trade","Weave+1"],"picked":"Battle Trance","floor":41},{"not_picked":["Collect","Slice","Sentinel+1"],"picked":"Glacier+1","floor":42},{"not_picked":["Cold Snap","EmptyMind+1","Pummel+1","Gash+1"],"picked":"Singing Bowl","floor":46},{"not_picked":["Wild Strike+1","Madness","Poisoned Stab","CrushJoints+1"],"picked":"Singing Bowl","floor":48},{"not_picked":["Searing Blow+1","FTL+1","Eviscerate+1","Endless Agony+1"],"picked":"Singing Bowl","floor":54}],"player_experience":345995,"relics_obtained":[{"floor":8,"key":"Singing Bowl"},{"floor":10,"key":"Eternal Feather"},{"floor":24,"key":"War Paint"},{"floor":26,"key":"Question Card"},{"floor":40,"key":"Omamori"},{"floor":42,"key":"Anchor"},{"floor":43,"key":"Regal Pillow"},{"floor":45,"key":"Bronze Scales"},{"floor":54,"key":"Toy Ornithopter"}],"event_choices":[{"cards_removed":["Strike_G"],"damage_healed":0,"gold_gain":0,"player_choice":"Card Removal","damage_taken":0,"max_hp_gain":0,"max_hp_loss":0,"event_name":"The Cleric","floor":2,"gold_loss":50},{"damage_healed":0,"gold_gain":0,"player_choice":"Cursed","damage_taken":0,"max_hp_gain":0,"max_hp_loss":0,"event_name":"Wheel of Change","floor":3,"gold_loss":0,"cards_obtained":["Decay"]},{"cards_removed":["Defend_G"],"damage_healed":0,"gold_gain":0,"player_choice":"Took Card","damage_taken":0,"max_hp_gain":0,"max_hp_loss":0,"event_name":"NoteForYourself","floor":5,"gold_loss":0,"cards_obtained":["Armaments"]},{"damage_healed":0,"gold_gain":0,"player_choice":"Trade","damage_taken":0,"relics_obtained":["CultistMask"],"max_hp_gain":0,"max_hp_loss":0,"event_name":"FaceTrader","floor":20,"gold_loss":0},{"damage_healed":0,"gold_gain":0,"player_choice":"Shed Blood","damage_taken":20,"max_hp_gain":5,"max_hp_loss":0,"event_name":"Forgotten Altar","floor":27,"gold_loss":0},{"cards_removed":["Defend_G"],"damage_healed":0,"gold_gain":0,"player_choice":"Upgrade and Remove","damage_taken":0,"max_hp_gain":0,"max_hp_loss":0,"event_name":"Designer","floor":38,"gold_loss":90,"cards_upgraded":["Core Surge"]},{"damage_healed":62,"gold_gain":0,"player_choice":"Heal","damage_taken":0,"max_hp_gain":0,"max_hp_loss":0,"event_name":"MindBloom","floor":44,"gold_loss":0,"cards_obtained":["Doubt"]},{"damage_healed":0,"gold_gain":0,"player_choice":"Paid","damage_taken":0,"relics_obtained":["Red Mask"],"max_hp_gain":0,"max_hp_loss":0,"event_name":"Tomb of Lord Red Mask","floor":47,"gold_loss":179}],"is_beta":false,"boss_relics":[{"not_picked":["Cursed Key","Philosopher\u0027s Stone"],"picked":"WristBlade"},{"not_picked":["SacredBark","Busted Crown"],"picked":"Sozu"}],"items_purged_floors":[7,22],"is_endless":false,"potions_floor_spawned":[1,10,11,13,16,19,21,31,33,35,36,40,46],"killed_by":"The Heart","ascension_level":0}}