{"host":"pfy6u49v5s5r680p","time":1612057807,"event":{"mods":["BaseMod","Colored Map","DeckTracker","Highlight Path","Keyboard Shortcuts","Minty Spire (QoL Compilation)","Permanent Neow","Quick Restart","StSLib","SuperFastMode","everything is the same but u backflip on backflip"],"gold_per_floor":[364,364,379,27,38,38,55,55,125,75,45,55,55,55,55,55,55],"floor_reached":16,"language":"KOR","playtime":753,"items_purged":["Strike_G"],"score":90,"play_id":"030f2721-f12b-4f51-b5e9-5a51dd02e24a","local_time":"20210131105007","is_ascension_mode":false,"campfire_choices":[{"data":"Tactician","floor":6.0,"key":"SMITH"},{"data":"Reflex","floor":8.0,"key":"SMITH"},{"data":"Bane","floor":15.0,"key":"SMITH"}],"circlet_count":0,"master_deck":["Strike_G","Strike_G","Strike_G","Defend_G","Defend_G","Defend_G","Defend_G+1","Defend_G","Survivor","Neutralize","Backflip","Blur","Tactician+1","Acrobatics+1","Reflex+1","Crippling Poison","Bane+1"],"relics":["Ring of the Snake","Ancient Tea Set","Ornamental Fan"],"acts_visited":[],"potions_floor_usage":[16,16,16],"damage_taken":[{"damage":2.0,"enemies":"Small Slimes","floor":1.0,"turns":4.0},{"damage":0.0,"enemies":"Jaw Worm","floor":3.0,"turns":5.0},{"damage":0.0,"enemies":"2 Louse","floor":5.0,"turns":3.0},{"damage":1.0,"enemies":"Exordium Wildlife","floor":7.0,"turns":11.0},{"damage":0.0,"enemies":"Looter","floor":11.0,"turns":4.0},{"damage":5.0,"enemies":"3 Louse","floor":12.0,"turns":6.0},{"damage":43,"enemies":"Slime Boss","floor":16,"turns":11}],"seed_played":"3722738750834248458","potions_obtained":[{"floor":1.0,"key":"AttackPotion"},{"floor":5.0,"key":"GhostInAJar"},{"floor":7.0,"key":"GamblersBrew"},{"floor":12.0,"key":"Poison Potion"}],"is_trial":false,"path_per_floor":["M","?","M","$","M","R","M","R","T","?","M","M","$","?","R","B"],"character_chosen":"THE_SILENT","items_purchased":["Tactician","Ancient Tea Set","Acrobatics"],"campfire_rested":0,"item_purchase_floors":[4,4,4],"current_hp_per_floor":[61,66,66,66,66,66,65,65,65,65,65,60,60,46,46,3,3],"gold":55,"neow_bonus":"TWO_FIFTY_GOLD","is_daily":false,"chose_seed":false,"campfire_upgraded":3,"win_rate":0.0,"timestamp":1612057807,"path_taken":["M","?","M","$","M","R","M","R","T","?","M","M","$","?","R","BOSS"],"items_purchased_type":["Card","Relic","Card"],"build_version":"2020-12-22","purchased_purges":1,"victory":false,"max_hp_per_floor":[63,68,68,68,68,68,68,68,68,68,68,68,68,68,68,68,68],"card_choices":[{"not_picked":["Bane","Heel Hook"],"picked":"Backflip","floor":1.0},{"not_picked":["Cloak And Dagger","Eviscerate"],"picked":"Blur","floor":3.0},{"not_picked":["Flying Knee","Quick Slash"],"picked":"Reflex","floor":5.0},{"not_picked":["Blur","Outmaneuver"],"picked":"Crippling Poison","floor":7.0},{"not_picked":["Backflip","Poisoned Stab","Outmaneuver"],"picked":"SKIP","floor":11.0},{"not_picked":["Poisoned Stab","Well Laid Plans"],"picked":"Bane","floor":12.0}],"player_experience":154637,"relics_obtained":[{"floor":9.0,"key":"Ornamental Fan"}],"event_choices":[{"damage_healed":0.0,"max_hp_gain":5.0,"max_hp_loss":0.0,"gold_gain":0.0,"event_name":"Big Fish","player_choice":"Donut","floor":2.0,"gold_loss":0.0,"damage_taken":0.0},{"cards_removed":["Strike_G"],"damage_healed":0.0,"max_hp_gain":0.0,"max_hp_loss":0.0,"gold_gain":0.0,"event_name":"The Cleric","player_choice":"Card Removal","floor":10.0,"gold_loss":50.0,"damage_taken":0.0},{"damage_healed":0.0,"max_hp_gain":0.0,"max_hp_loss":0.0,"gold_gain":0.0,"event_name":"Shining Light","player_choice":"Entered Light","floor":14.0,"gold_loss":0.0,"damage_taken":14.0,"cards_upgraded":["Acrobatics","Defend_G"]}],"is_beta":false,"boss_relics":[],"items_purged_floors":[4],"is_endless":false,"potions_floor_spawned":[1,5,7,12],"killed_by":"Slime Boss","ascension_level":0}}