{"host":"2x189hkb4impm2gi","time":1612125110,"event":{"mods":["BaseMod","Colored Map","Colored Powertips","Minty Spire (QoL Compilation)"],"gold_per_floor":[112,126,126,126,136,167,178,195,195,195,214,242,253,268,268,367,367,387,387,312,14,14,14,47,47,126,158,158,158],"floor_reached":28,"language":"ENG","playtime":1577,"items_purged":["Strike_R"],"score":268,"play_id":"765a28a0-23f6-4324-8bac-09628e5c1247","local_time":"20210131153150","is_ascension_mode":false,"campfire_choices":[{"data":"Anger","floor":10,"key":"SMITH"},{"floor":15,"key":"REST"},{"data":"Demon Form","floor":23,"key":"SMITH"},{"data":"Demon Form","floor":25,"key":"SMITH"}],"circlet_count":0,"master_deck":["Strike_R+1","Strike_R","Strike_R","Strike_R","Defend_R+1","Defend_R","Defend_R","Defend_R","Bash","Sword Boomerang","Cleave","Anger+1","Carnage","Pommel Strike","Rampage","Dropkick","Seeing Red","Anger","Iron Wave","Demon Form+1","Cleave+1","Rage","Demon Form+1","Searing Blow","Thunderclap"],"relics":["Philosopher\u0027s Stone","NlothsMask","Gambling Chip","MealTicket","Coffee Dripper","Peace Pipe","DollysMirror","Lizard Tail","Matryoshka","Vajra"],"acts_visited":["Exordium","TheCity"],"potions_floor_usage":[6,12,13],"damage_taken":[{"damage":0,"enemies":"Small Slimes","floor":1,"turns":4},{"damage":0,"enemies":"Cultist","floor":2,"turns":3},{"damage":4,"enemies":"Jaw Worm","floor":5,"turns":2},{"damage":19,"enemies":"Lagavulin","floor":6,"turns":4},{"damage":8,"enemies":"Large Slime","floor":7,"turns":4},{"damage":0,"enemies":"2 Fungi Beasts","floor":8,"turns":2},{"damage":7,"enemies":"3 Louse","floor":11,"turns":2},{"damage":2,"enemies":"3 Sentries","floor":12,"turns":4},{"damage":4,"enemies":"Red Slaver","floor":13,"turns":2},{"damage":25,"enemies":"Exordium Thugs","floor":14,"turns":3},{"damage":29,"enemies":"Slime Boss","floor":16,"turns":10},{"damage":24,"enemies":"3 Byrds","floor":18,"turns":3},{"damage":53,"enemies":"Slavers","floor":24,"turns":4},{"damage":23,"enemies":"Gremlin Leader","floor":27,"turns":6},{"damage":17,"enemies":"Colosseum Slavers","floor":28,"turns":3}],"seed_played":"-5908314656408929428","potions_obtained":[{"floor":5,"key":"Fire Potion"},{"floor":6,"key":"FairyPotion"},{"floor":8,"key":"Explosive Potion"},{"floor":13,"key":"Fruit Juice"},{"floor":27,"key":"Ancient Potion"}],"is_trial":false,"path_per_floor":["M","M","?","?","M","E","M","M","T","R","M","E","M","M","R","B",null,"M","?","?","$","?","R","E","R","T","E","?"],"character_chosen":"IRONCLAD","items_purchased":["Rage","DollysMirror"],"campfire_rested":1,"item_purchase_floors":[21,21],"current_hp_per_floor":[80,80,64,64,60,41,33,33,33,33,26,24,25,25,50,21,85,61,61,61,76,60,60,7,7,7,30,13,13],"gold":158,"neow_bonus":"BOSS_RELIC","is_daily":false,"chose_seed":false,"campfire_upgraded":3,"win_rate":0.0,"timestamp":1612125110,"path_taken":["M","M","?","?","?","E","M","M","T","R","M","E","M","?","R","BOSS","M","?","?","?","?","R","E","R","T","E","?"],"items_purchased_type":["Card","Relic"],"build_version":"2020-12-22","purchased_purges":1,"victory":false,"max_hp_per_floor":[80,80,80,80,80,80,80,80,80,80,80,80,85,85,85,85,85,85,85,85,85,85,85,85,85,85,85,85,85],"card_choices":[{"not_picked":["Clothesline","Iron Wave"],"picked":"Sword Boomerang","floor":1},{"not_picked":["Armaments","Sword Boomerang"],"picked":"Cleave","floor":2},{"not_picked":["Disarm","Iron Wave"],"picked":"Anger","floor":5},{"not_picked":["Clash","Headbutt"],"picked":"Carnage","floor":6},{"not_picked":["Entrench","Sever Soul"],"picked":"Pommel Strike","floor":7},{"not_picked":["Perfected Strike","Iron Wave"],"picked":"Rampage","floor":8},{"not_picked":["Bludgeon","Cleave"],"picked":"Dropkick","floor":11},{"not_picked":["Reckless Charge","Armaments"],"picked":"Seeing Red","floor":12},{"not_picked":["Clothesline","Entrench"],"picked":"Anger","floor":13},{"not_picked":["Flame Barrier","Dark Embrace"],"picked":"Iron Wave","floor":14},{"not_picked":["Brutality","Double Tap"],"picked":"Demon Form","floor":16},{"not_picked":["Perfected Strike","True Grit"],"picked":"Cleave+1","floor":18},{"not_picked":["Fire Breathing+1","Carnage"],"picked":"Searing Blow","floor":24},{"not_picked":["Cleave","Armaments"],"picked":"Thunderclap","floor":27}],"player_experience":9971,"relics_obtained":[{"floor":6,"key":"Gambling Chip"},{"floor":12,"key":"MealTicket"},{"floor":24,"key":"Lizard Tail"},{"floor":26,"key":"Matryoshka"},{"floor":27,"key":"Vajra"}],"event_choices":[{"damage_healed":0,"gold_gain":0,"player_choice":"Entered Light","damage_taken":16,"max_hp_gain":0,"max_hp_loss":0,"event_name":"Shining Light","floor":3,"gold_loss":0,"cards_upgraded":["Defend_R","Strike_R"]},{"damage_healed":0,"gold_gain":0,"player_choice":"Trade","damage_taken":0,"relics_obtained":["NlothsMask"],"max_hp_gain":0,"max_hp_loss":0,"event_name":"FaceTrader","floor":4,"gold_loss":0},{"damage_healed":0,"gold_gain":0,"player_choice":"Stole Relic","damage_taken":0,"relics_obtained":["Peace Pipe"],"max_hp_gain":0,"max_hp_loss":0,"event_name":"Addict","floor":19,"gold_loss":0,"cards_obtained":["Shame"]},{"cards_removed":["Shame"],"damage_healed":0,"gold_gain":0,"player_choice":"Gave Gold","damage_taken":0,"max_hp_gain":0,"max_hp_loss":0,"event_name":"Beggar","floor":20,"gold_loss":75},{"damage_healed":0,"gold_gain":0,"player_choice":"Obtained Book","damage_taken":16,"max_hp_gain":0,"max_hp_loss":0,"event_name":"Cursed Tome","floor":22,"gold_loss":0},{"damage_healed":0,"gold_gain":0,"player_choice":"Fight","damage_taken":0,"max_hp_gain":0,"max_hp_loss":0,"event_name":"Colosseum","floor":28,"gold_loss":0}],"is_beta":false,"boss_relics":[{"not_picked":["Snecko Eye","Ectoplasm"],"picked":"Coffee Dripper"}],"items_purged_floors":[21],"is_endless":false,"potions_floor_spawned":[5,6,8,13,27],"killed_by":"Colosseum Slavers","ascension_level":0}}