{"host":"sad04l3m69qtnhom","time":1612096894,"event":{"mods":["AchievementEnabler","BaseMod","Colored Map","Colored Powertips","DeckTracker","Highlight Path","Minty Spire (QoL Compilation)","Permanent Neow","Quick Restart","SuperFastMode","everything is the same but u backflip on backflip"],"gold_per_floor":[118,118,2,2,12,41,41,67,142,168,12,29,29,29,29,131,131,141,65,65,65,65,398,410,319,342,182,198,198,223,239,239,239,239],"floor_reached":33,"language":"KOR","playtime":1498,"items_purged":["Regret","Strike_B","Rainbow"],"score":374,"play_id":"b23b29b1-d0c4-4227-b21d-7e5f3ae27450","local_time":"20210131214134","is_ascension_mode":true,"campfire_choices":[{"data":"Static Discharge","floor":7,"key":"SMITH"},{"data":"Electrodynamics","floor":15,"key":"SMITH"},{"data":"Mayhem","floor":29,"key":"SMITH"},{"data":"Buffer","floor":32,"key":"SMITH"}],"circlet_count":0,"master_deck":["Strike_B+1","Defend_B","Defend_B","Defend_B","Defend_B","Zap+1","Dualcast","Electrodynamics+1","Storm","Tempest","Leap","Static Discharge+1","Fusion","Buffer+1","Capacitor","Defragment","Hyperbeam","Self Repair","Defragment","Mayhem+1","Conserve Battery"],"relics":["Cracked Core","MealTicket","Shovel","Vajra","Question Card","Bottled Tornado","Membership Card","Omamori","Velvet Choker","White Beast Statue","Old Coin","Blood Vial"],"acts_visited":["Exordium","TheCity"],"potions_floor_usage":[6,8,10,23,24,28,30,33,33],"damage_taken":[{"damage":3,"enemies":"2 Louse","floor":1,"turns":2},{"damage":7,"enemies":"Small Slimes","floor":5,"turns":3},{"damage":8,"enemies":"Gremlin Nob","floor":6,"turns":3},{"damage":10,"enemies":"3 Sentries","floor":8,"turns":3},{"damage":8,"enemies":"Gremlin Nob","floor":10,"turns":3},{"damage":12,"enemies":"Jaw Worm","floor":12,"turns":2},{"damage":33,"enemies":"Hexaghost","floor":16,"turns":9},{"damage":19,"enemies":"Spheric Guardian","floor":18,"turns":3},{"damage":7,"enemies":"Slavers","floor":23,"turns":2},{"damage":19,"enemies":"2 Thieves","floor":24,"turns":3},{"damage":8,"enemies":"Cultist and Chosen","floor":28,"turns":4},{"damage":22,"enemies":"Gremlin Leader","floor":30,"turns":5},{"damage":33,"enemies":"Chosen and Byrds","floor":31,"turns":6},{"damage":29,"enemies":"Champ","floor":33,"turns":10}],"seed_played":"-2217423720104169040","potions_obtained":[{"floor":1,"key":"Dexterity Potion"},{"floor":5,"key":"PowerPotion"},{"floor":8,"key":"ColorlessPotion"},{"floor":16,"key":"PowerPotion"},{"floor":18,"key":"FocusPotion"},{"floor":23,"key":"Energy Potion"},{"floor":24,"key":"FearPotion"},{"floor":28,"key":"BlessingOfTheForge"},{"floor":30,"key":"CultistPotion"},{"floor":31,"key":"Explosive Potion"}],"is_trial":false,"path_per_floor":["M","?","$","?","M","E","R","E","T","E","$","M","$","?","R","B",null,"M","$","?","?","?","E","M","$","T","$","M","R","E","M","R","B"],"character_chosen":"DEFECT","items_purchased":["Storm","Tempest","Membership Card","Defragment","Defragment","Mayhem"],"campfire_rested":0,"item_purchase_floors":[3,3,11,19,25,27],"current_hp_per_floor":[72,60,75,60,53,45,45,35,35,27,42,30,45,45,45,12,59,40,55,55,55,55,48,29,44,44,59,58,58,43,19,19,0,0],"gold":239,"neow_bonus":"ONE_RANDOM_RARE_CARD","is_daily":false,"chose_seed":false,"campfire_upgraded":4,"win_rate":0.0,"timestamp":1612096894,"path_taken":["M","?","$","?","M","E","R","E","T","E","$","M","?","?","R","BOSS","M","$","?","?","?","E","M","$","T","?","M","R","E","M","R","BOSS"],"items_purchased_type":["Card","Card","Relic","Card","Card","Card"],"build_version":"2020-12-22","purchased_purges":3,"victory":false,"max_hp_per_floor":[75,75,75,75,75,75,75,75,75,75,75,75,75,75,75,75,75,75,75,75,75,75,75,75,75,75,75,75,75,75,75,75,75,75],"card_choices":[{"not_picked":["Loop","Steam","Cold Snap"],"picked":"SKIP","floor":1},{"not_picked":["Coolheaded","Stack"],"picked":"Leap","floor":5},{"not_picked":["Cold Snap","Ball Lightning"],"picked":"Static Discharge","floor":6},{"not_picked":["Stack","All For One","Beam Cell"],"picked":"SKIP","floor":8},{"not_picked":["Streamline","Chaos","Barrage"],"picked":"Fusion","floor":10},{"not_picked":["Melter","Beam Cell","Hologram","Hello World"],"picked":"SKIP","floor":12},{"not_picked":["Amplify","Core Surge","Rainbow"],"picked":"Buffer","floor":16},{"not_picked":["Conserve Battery","Redo+1","Undo"],"picked":"Capacitor","floor":18},{"not_picked":["Conserve Battery","Gash","Go for the Eyes","Barrage"],"picked":"SKIP","floor":23},{"not_picked":["Blizzard","Rip and Tear","Ball Lightning"],"picked":"Self Repair","floor":24},{"not_picked":["Defragment","Turbo","Ball Lightning","Blizzard"],"picked":"SKIP","floor":28},{"not_picked":["Doom and Gloom+1","Cold Snap","Electrodynamics","Sweeping Beam"],"picked":"SKIP","floor":30},{"not_picked":["Hologram","Glacier","Go for the Eyes"],"picked":"Conserve Battery","floor":31}],"player_experience":434849,"relics_obtained":[{"floor":6,"key":"Shovel"},{"floor":8,"key":"Vajra"},{"floor":9,"key":"Question Card"},{"floor":10,"key":"Bottled Tornado"},{"floor":23,"key":"Old Coin"},{"floor":30,"key":"Blood Vial"}],"event_choices":[{"damage_healed":0,"gold_gain":0,"player_choice":"Success","damage_taken":12,"relics_obtained":["MealTicket"],"max_hp_gain":0,"max_hp_loss":0,"event_name":"Scrap Ooze","floor":2,"gold_loss":0},{"damage_healed":0,"gold_gain":0,"player_choice":"Entered Light","damage_taken":15,"max_hp_gain":0,"max_hp_loss":0,"event_name":"Shining Light","floor":4,"gold_loss":0,"cards_upgraded":["Zap","Strike_B"]},{"damage_healed":0,"gold_gain":0,"player_choice":"Box","damage_taken":0,"relics_obtained":["Omamori"],"max_hp_gain":0,"max_hp_loss":0,"event_name":"Big Fish","floor":14,"gold_loss":0,"cards_obtained":["Regret"]},{"damage_healed":0,"gold_gain":0,"cards_transformed":["Strike_B","Strike_B"],"player_choice":"Became Test Subject","damage_taken":0,"max_hp_gain":0,"max_hp_loss":0,"event_name":"Drug Dealer","floor":20,"gold_loss":0,"cards_obtained":["Hyperbeam","Rainbow"]},{"damage_healed":0,"gold_gain":0,"player_choice":"Ignored","damage_taken":0,"max_hp_gain":0,"max_hp_loss":0,"event_name":"Cursed Tome","floor":21,"gold_loss":0},{"damage_healed":0,"gold_gain":0,"player_choice":"Stole Relic","damage_taken":0,"relics_obtained":["White Beast Statue"],"max_hp_gain":0,"max_hp_loss":0,"event_name":"Addict","floor":22,"gold_loss":0,"cards_obtained":["Shame"]}],"is_beta":false,"boss_relics":[{"not_picked":["Runic Pyramid","Tiny House"],"picked":"Velvet Choker"}],"items_purged_floors":[19,25,27],"is_endless":false,"potions_floor_spawned":[1,5,8,16,18,23,24,28,30,31],"killed_by":"Champ","ascension_level":5}}