{"host":"qmnyg5dk1o6rw6mz","time":1612067412,"event":{"mods":["100% Spire Juice","2.2 Compatiblity","AchievementEnabler","Act Like it!","Aspiration","Astrologer","BaseMod","Beaked The Cultist","Better Altar","Better Match","Better Note","Better Sensory Stone","Better Skull","Better Third Choice","Better Vampires","Block Reminder","CCEM2","CapriCore","Challenge The Spire","ChefMod","Colored Map","Colored Powertips","Conspire","DeckTracker","Defuse TimeMaze Blight","Disable Question Mark Monsters","Displayed Cursed Tome","Downfall","Energized Spire","Friendly Minions","Gensokyo","GifTheSpireLib","Hermit","Highlight Path","HornydragonMod","Hubris","Infinite Spire","Jedi Mod","Koishi","KomeijiMod","Lobotomy","Mari Mod (Legacy)","Mari\u0027s V1 Patch","Marisa¡]Ãú«B¡@Å]²z¨F¡^","Marked Mod","Minty Spire (QoL Compilation)","Monster B Gone","Pale of the Ancients","Permanent Neow","Prisma Mod","Quick Restart","Reimu¡]³Õ???¡^","Relic Filter","Relic Sorter","Reliquary","Replay The Spire","SIMod","StSLib","Synergy Search","The Alterego","The Bug Knight","The Construct","The Cursed","The Dragon Tamer","The Gatherer","The Hayseed","The Immortal","The Poker Player","The Problem Sleuth","The Runesmith","The Showman","Unceasing Turn Reminder","Wide Potions","Yuri Mod","thorton"],"gold_per_floor":[116,129,129,129,145,321,321,321,376,452,471,471,496,513,513,513,513,513],"floor_reached":16,"language":"ENG","playtime":603,"items_purged":[],"score":135,"play_id":"237481c8-df0a-4697-9775-72ee2a1ed2ae","local_time":"20210131123012","is_ascension_mode":false,"metric_token":4818,"campfire_choices":[{"data":"PokerPlayerMod:TrumpStrike","floor":7,"key":"SMITH"},{"data":"PokerPlayerMod:ClubDance","floor":12,"key":"SMITH"},{"data":"PokerPlayerMod:HiddenCard","floor":15,"key":"SMITH"}],"circlet_count":0,"master_deck":["PokerPlayerMod:Diamond1","PokerPlayerMod:Diamond2","PokerPlayerMod:Diamond4","PokerPlayerMod:Diamond4","PokerPlayerMod:Diamond5","PokerPlayerMod:Spade2","PokerPlayerMod:Spade3","PokerPlayerMod:Spade4","PokerPlayerMod:Club1","PokerPlayerMod:Club2","PokerPlayerMod:Heart2","PokerPlayerMod:TrumpStrike+1","PokerPlayerMod:BadJoker","PokerPlayerMod:Mulligan","PokerPlayerMod:Club3","PokerPlayerMod:Fold","PokerPlayerMod:Diamond8","PokerPlayerMod:Club9","PokerPlayerMod:ClubDance+1","PokerPlayerMod:HiddenCard+1"],"relics":["PokerPlayerMod:DeckCase","Anchor","ReplayTheSpireMod:CursedCoin","hubris:SlimyHat","Iron Hammer","PreservedInsect"],"acts_visited":["Exordium"],"potions_floor_usage":[16,16],"damage_taken":[{"damage":0,"enemies":"Cultist","floor":1,"turns":2},{"damage":0,"enemies":"Jaw Worm","floor":2,"turns":3},{"damage":0,"enemies":"Small Slimes","floor":5,"turns":3},{"damage":41,"enemies":"Lagavulin","floor":6,"turns":7},{"damage":0,"enemies":"2 Fungi Beasts","floor":11,"turns":3},{"damage":0,"enemies":"3 Sentries","floor":13,"turns":2},{"damage":0,"enemies":"3 Louse","floor":14,"turns":2},{"damage":26,"enemies":"Slime Boss","floor":16,"turns":7}],"seed_played":"-7979705960769461923","potions_obtained":[{"floor":2,"key":"Dexterity Potion"},{"floor":5,"key":"CalmPotion"},{"floor":13,"key":"bronze:BurnAndBuffPotion"}],"is_trial":false,"path_per_floor":["M","M","?","?","M","E","R","?","T","T","M","R","E","M","R","B"],"character_chosen":"THE_POKER_PLAYER","items_purchased":[],"campfire_rested":0,"item_purchase_floors":[],"current_hp_per_floor":[52,52,52,52,52,15,15,8,8,8,8,8,8,12,12,0,0,0],"gold":513,"neow_bonus":"RANDOM_COMMON_RELIC","is_daily":false,"chose_seed":false,"campfire_upgraded":3,"win_rate":0.0,"timestamp":1612067412,"path_taken":["M","?","?","?","M","E","R","?","T","?","M","R","E","?","R","BOSS"],"items_purchased_type":[],"build_version":"2020-12-22","purchased_purges":0,"victory":false,"max_hp_per_floor":[52,52,52,52,52,52,52,52,52,52,52,52,52,52,52,52,52,52],"card_choices":[{"not_picked":["PokerPlayerMod:Club1","PokerPlayerMod:Spade3"],"picked":"PokerPlayerMod:Club3","floor":1},{"not_picked":["PokerPlayerMod:Diamond1","PokerPlayerMod:HiddenCard"],"picked":"PokerPlayerMod:Fold","floor":2},{"not_picked":["PokerPlayerMod:Club2","PokerPlayerMod:Fold"],"picked":"PokerPlayerMod:Diamond8","floor":5},{"not_picked":["PokerPlayerMod:Diamond1","PokerPlayerMod:FillThePot"],"picked":"PokerPlayerMod:Club9","floor":6},{"not_picked":["PokerPlayerMod:ClubStrike","PokerPlayerMod:Heart4"],"picked":"PokerPlayerMod:ClubDance","floor":11},{"not_picked":["PokerPlayerMod:Spade2","PokerPlayerMod:CardPrinter"],"picked":"PokerPlayerMod:HiddenCard","floor":13},{"not_picked":["PokerPlayerMod:CloakAndDiamond","PokerPlayerMod:Spade1","PokerPlayerMod:SpadeStrike"],"picked":"SKIP","floor":14}],"player_experience":239742,"relics_obtained":[{"floor":6,"key":"ReplayTheSpireMod:CursedCoin"},{"floor":9,"key":"hubris:SlimyHat"},{"floor":10,"key":"Iron Hammer"},{"floor":13,"key":"PreservedInsect"}],"event_choices":[{"cards_removed":["hubris:Wrath"],"damage_healed":0,"gold_gain":0,"player_choice":"Card Removal","damage_taken":7,"max_hp_gain":0,"max_hp_loss":0,"event_name":"Golden Wing","floor":8,"gold_loss":0}],"is_beta":false,"boss_relics":[],"items_purged_floors":[],"is_endless":false,"potions_floor_spawned":[2,5,13],"killed_by":"Slime Boss","ascension_level":0}}