{"host":"Tuck","time":1612072846,"event":{"mods":["BaseMod","Minty Spire (QoL Compilation)","StSLib"],"gold_per_floor":[362,437,457,457,468,493,493,523,548,548,574,574,284,302,302,399,399,415,415,430,430,430,456,468,493,516,542,642,239,254,270,270,372,372,387,387,44,56,481,1015,1035,1063,1063,1093,1121,1145,1157,1199,1261,1273,1285,1297,888,917,917],"floor_reached":56,"language":"ENG","playtime":3931,"items_purged":["Strike_R","Strike_R","Defend_R"],"score":1840,"play_id":"309fe3cb-e6cc-42e5-94ed-447d34f62aba","local_time":"20210130230045","is_ascension_mode":true,"campfire_choices":[{"data":"Body Slam","floor":7,"key":"SMITH"},{"data":"Inflame","floor":10,"key":"SMITH"},{"data":"Evolve","floor":12,"key":"SMITH"},{"data":"Feel No Pain","floor":15,"key":"SMITH"},{"data":"Feel No Pain","floor":32,"key":"SMITH"},{"data":"Feel No Pain","floor":49,"key":"SMITH"},{"data":"Berserk","floor":52,"key":"SMITH"}],"circlet_count":0,"master_deck":["Defend_R+1","Defend_R+1","Defend_R","Bash","Body Slam+1","Inflame+1","Evolve+1","Clothesline","Shockwave+1","Dark Embrace","Warcry+1","Discovery+1","Feel No Pain+1","Berserk+1","Shrug It Off+1","Sentinel+1","Fire Breathing+1","Necronomicurse","Power Through+1","Headbutt","Sentinel+1","Shrug It Off+1","True Grit+1","Feel No Pain+1","Ghostly Armor+1","Barricade+1","True Grit+1","Shockwave+1","Reaper","Shrug It Off+1","Inflame","Entrench+1","Warcry+1","Bloodletting+1","Impervious+1","Feel No Pain+1","Warcry+1","Sentinel+1","Impervious+1","True Grit+1","Feel No Pain"],"relics":["Burning Blood","Art of War","Lantern","PreservedInsect","Toxic Egg 2","Runic Pyramid","Nunchaku","Necronomicon","Shuriken","War Paint","Bronze Scales","Vajra","WingedGreaves","Sundial","OrangePellets","Sozu","Question Card","MealTicket","Omamori","Bag of Preparation","MawBank","Ancient Tea Set","Medical Kit","Happy Flower","Self Forming Clay"],"acts_visited":["Exordium","TheCity","TheBeyond","TheEnding"],"potions_floor_usage":[11],"damage_taken":[{"damage":5,"enemies":"Cultist","floor":1,"turns":4},{"damage":0,"enemies":"Small Slimes","floor":3,"turns":3},{"damage":6,"enemies":"Jaw Worm","floor":5,"turns":6},{"damage":0,"enemies":"3 Sentries","floor":6,"turns":6},{"damage":0,"enemies":"Gremlin Nob","floor":8,"turns":1},{"damage":3,"enemies":"Lagavulin","floor":11,"turns":4},{"damage":0,"enemies":"Blue Slaver","floor":14,"turns":1},{"damage":8,"enemies":"Slime Boss","floor":16,"turns":7},{"damage":7,"enemies":"2 Thieves","floor":18,"turns":3},{"damage":0,"enemies":"Chosen","floor":20,"turns":5},{"damage":3,"enemies":"Book of Stabbing","floor":23,"turns":3},{"damage":0,"enemies":"3 Cultists","floor":24,"turns":5},{"damage":0,"enemies":"Gremlin Leader","floor":25,"turns":2},{"damage":0,"enemies":"Book of Stabbing","floor":27,"turns":1},{"damage":0,"enemies":"Colosseum Slavers","floor":28,"turns":1},{"damage":0,"enemies":"Colosseum Nobs","floor":28,"turns":2},{"damage":0,"enemies":"Chosen and Byrds","floor":30,"turns":4},{"damage":0,"enemies":"Shelled Parasite and Fungi","floor":31,"turns":3},{"damage":3,"enemies":"Champ","floor":33,"turns":11},{"damage":0,"enemies":"3 Darklings","floor":35,"turns":2},{"damage":0,"enemies":"3 Shapes","floor":38,"turns":3},{"damage":0,"enemies":"Reptomancer","floor":40,"turns":2},{"damage":0,"enemies":"Maw","floor":41,"turns":8},{"damage":0,"enemies":"Nemesis","floor":42,"turns":9},{"damage":3,"enemies":"Giant Head","floor":44,"turns":7},{"damage":0,"enemies":"Reptomancer","floor":45,"turns":7},{"damage":6,"enemies":"Transient","floor":46,"turns":4},{"damage":9,"enemies":"Nemesis","floor":48,"turns":7},{"damage":2,"enemies":"Mind Bloom Boss Battle","floor":49,"turns":4},{"damage":3,"enemies":"Time Eater","floor":50,"turns":5},{"damage":3,"enemies":"Shield and Spear","floor":54,"turns":5},{"damage":2,"enemies":"The Heart","floor":55,"turns":9}],"seed_played":"8268350935828423566","potions_obtained":[{"floor":5,"key":"FairyPotion"},{"floor":6,"key":"ColorlessPotion"},{"floor":16,"key":"Energy Potion"},{"floor":23,"key":"Weak Potion"},{"floor":24,"key":"DuplicationPotion"}],"is_trial":false,"path_per_floor":["M","?","M","?","M","E","R","E","T","R","E","R","$","M","R","B",null,"M","?","M","?","?","E","M","E","T","E","?","$","M","M","R","B",null,"M","?","$","M","$","E","M","E","T","E","E","M","$","E","R","B",null,"R","$","E","B",null],"character_chosen":"IRONCLAD","items_purchased":["Dark Embrace","Warcry+1","Discovery+1","Feel No Pain","OrangePellets","Ghostly Armor+1","Shrug It Off+1","Inflame","Question Card","Entrench+1","Medical Kit","Happy Flower"],"campfire_rested":0,"item_purchase_floors":[13,13,13,29,29,29,37,37,37,39,53,53],"current_hp_per_floor":[57,46,52,52,52,58,58,64,64,64,67,67,67,73,73,71,80,79,79,80,80,64,67,73,79,79,80,80,80,80,80,80,80,80,80,80,80,80,80,80,80,80,80,80,80,80,80,80,80,80,80,80,80,80,80],"gold":917,"neow_bonus":"TWO_FIFTY_GOLD","is_daily":false,"chose_seed":false,"campfire_upgraded":7,"win_rate":0.0,"timestamp":1612072845,"path_taken":["M","?","M","?","?","E","R","E","T","R","E","R","$","M","R","BOSS","M","?","M","?","?","E","M","E","T","E","?","?","M","M","R","BOSS","M","?","$","M","$","E","M","E","T","E","E","?","$","E","R","BOSS","R","$","E","BOSS"],"items_purchased_type":["Card","Card","Card","Card","Relic","Card","Card","Card","Relic","Card","Relic","Relic"],"build_version":"2020-12-18","purchased_purges":3,"victory":true,"max_hp_per_floor":[80,80,80,80,80,80,80,80,80,80,80,80,80,80,80,80,80,80,80,80,80,80,80,80,80,80,80,80,80,80,80,80,80,80,80,80,80,80,80,80,80,80,80,80,80,80,80,80,80,80,80,80,80,80,80],"card_choices":[{"not_picked":["Heavy Blade","Combust"],"picked":"Body Slam","floor":1},{"not_picked":["Pommel Strike","Clash"],"picked":"Inflame","floor":3},{"not_picked":["Warcry","Iron Wave"],"picked":"Evolve","floor":5},{"not_picked":["Thunderclap","Bludgeon","Pommel Strike"],"picked":"SKIP","floor":6},{"not_picked":["Intimidate","Dual Wield"],"picked":"Clothesline","floor":8},{"not_picked":["Sever Soul","Double Tap+1"],"picked":"Shockwave+1","floor":11},{"not_picked":["Clothesline","Searing Blow"],"picked":"Feel No Pain","floor":14},{"not_picked":["Fiend Fire","Corruption"],"picked":"Berserk","floor":16},{"not_picked":["Intimidate+1","Perfected Strike+1"],"picked":"Shrug It Off+1","floor":18},{"not_picked":["Flex+1","Hemokinesis"],"picked":"Fire Breathing+1","floor":20},{"not_picked":["Anger","Hemokinesis"],"picked":"Power Through+1","floor":23},{"not_picked":["Second Wind+1","Body Slam","Clothesline"],"picked":"SKIP","floor":24},{"not_picked":["Limit Break+1","Perfected Strike"],"picked":"Headbutt","floor":25},{"not_picked":["Pommel Strike","Demon Form"],"picked":"Sentinel+1","floor":27},{"not_picked":["Rampage","Flex+1"],"picked":"Shrug It Off+1","floor":28},{"not_picked":["Cleave","Sever Soul+1"],"picked":"True Grit+1","floor":30},{"not_picked":["Pommel Strike","Sword Boomerang"],"picked":"Shockwave+1","floor":31},{"not_picked":["Exhume+1","Fiend Fire"],"picked":"Reaper","floor":33},{"not_picked":["Ghostly Armor+1","Sword Boomerang+1","Anger+1"],"picked":"SKIP","floor":35},{"not_picked":["Perfected Strike","Heavy Blade+1","Power Through+1","Cleave"],"picked":"SKIP","floor":38},{"not_picked":["Armaments+1","Twin Strike","Anger","Warcry+1"],"picked":"SKIP","floor":40},{"not_picked":["Armaments+1","Twin Strike","Anger"],"picked":"Warcry+1","floor":40},{"not_picked":["Armaments+1","Bludgeon","Rupture"],"picked":"Bloodletting+1","floor":41},{"not_picked":["Shrug It Off+1","Demon Form","Warcry+1"],"picked":"Impervious+1","floor":42},{"not_picked":["Cleave","Anger","Fire Breathing"],"picked":"Feel No Pain","floor":44},{"not_picked":["Second Wind+1","Flex+1","Twin Strike","Warcry+1"],"picked":"SKIP","floor":45},{"not_picked":["Second Wind+1","Flex+1","Twin Strike"],"picked":"Warcry+1","floor":45},{"not_picked":["Rupture","Clash","Fire Breathing"],"picked":"Sentinel+1","floor":46},{"not_picked":["Dual Wield+1","Second Wind+1","Sword Boomerang+1"],"picked":"Impervious+1","floor":48},{"not_picked":["Thunderclap+1","Clash","Dark Embrace+1"],"picked":"True Grit+1","floor":49},{"not_picked":["Bloodletting+1","Headbutt+1","Flex+1"],"picked":"Feel No Pain","floor":54}],"player_experience":2321135,"relics_obtained":[{"floor":6,"key":"Art of War"},{"floor":8,"key":"Lantern"},{"floor":9,"key":"PreservedInsect"},{"floor":11,"key":"Toxic Egg 2"},{"floor":22,"key":"Necronomicon"},{"floor":23,"key":"Shuriken"},{"floor":25,"key":"War Paint"},{"floor":26,"key":"Bronze Scales"},{"floor":27,"key":"Vajra"},{"floor":28,"key":"WingedGreaves"},{"floor":28,"key":"Sundial"},{"floor":40,"key":"MealTicket"},{"floor":42,"key":"Omamori"},{"floor":44,"key":"Bag of Preparation"},{"floor":45,"key":"MawBank"},{"floor":48,"key":"Ancient Tea Set"},{"floor":54,"key":"Self Forming Clay"}],"event_choices":[{"damage_healed":0,"gold_gain":75,"player_choice":"Gather Gold","damage_taken":11,"max_hp_gain":0,"max_hp_loss":0,"event_name":"World of Goop","floor":2,"gold_loss":0},{"cards_removed":["Strike_R"],"damage_healed":0,"gold_gain":0,"player_choice":"Purged","damage_taken":0,"max_hp_gain":0,"max_hp_loss":0,"event_name":"Purifier","floor":4,"gold_loss":0},{"damage_healed":0,"gold_gain":0,"player_choice":"Read","damage_taken":0,"max_hp_gain":0,"max_hp_loss":0,"event_name":"The Library","floor":19,"gold_loss":0,"cards_obtained":["Sentinel"]},{"damage_healed":0,"gold_gain":0,"player_choice":"Opened","damage_taken":0,"relics_obtained":["Nunchaku"],"max_hp_gain":0,"max_hp_loss":0,"event_name":"The Mausoleum","floor":21,"gold_loss":0},{"damage_healed":0,"gold_gain":0,"player_choice":"Obtained Book","damage_taken":16,"max_hp_gain":0,"max_hp_loss":0,"event_name":"Cursed Tome","floor":22,"gold_loss":0},{"damage_healed":0,"gold_gain":0,"player_choice":"Fight","damage_taken":0,"max_hp_gain":0,"max_hp_loss":0,"event_name":"Colosseum","floor":28,"gold_loss":0},{"damage_healed":0,"gold_gain":0,"player_choice":"Fought Nobs","damage_taken":0,"max_hp_gain":0,"max_hp_loss":0,"event_name":"Colosseum","floor":28,"gold_loss":0},{"damage_healed":0,"gold_gain":0,"player_choice":"0 cards matched","damage_taken":0,"max_hp_gain":0,"max_hp_loss":0,"event_name":"Match and Keep!","floor":36,"gold_loss":0,"cards_obtained":[]},{"damage_healed":0,"gold_gain":0,"player_choice":"Fight","damage_taken":0,"max_hp_gain":0,"max_hp_loss":0,"event_name":"MindBloom","floor":49,"gold_loss":0}],"is_beta":true,"boss_relics":[{"not_picked":["Calling Bell","Philosopher\u0027s Stone","Snecko Eye"]},{"not_picked":["Black Blood","Runic Pyramid"],"picked":"Sozu"}],"items_purged_floors":[13,29,53],"is_endless":false,"potions_floor_spawned":[5,6,16,23,24,28,31,33,38,44,45,48,49],"ascension_level":1}}