{"host":"f0gpob8hq9vgebej","time":1612097917,"event":{"mods":["AchievementEnabler","BaseMod","Minty Spire (QoL Compilation)","Quick Restart","SuperFastMode"],"gold_per_floor":[110,121,140,153,166,166,192,208,254,282,282,282,297,64,64,161,161,181,193,22,22,36,36,56,56,56,56,69,69,69,103,103,201,251,262,179,179,179,32,32,48,48,116,116,131,131,149,163,163,163,163],"floor_reached":50,"language":"KOR","playtime":1155,"items_purged":["Strike_B","Reprogram"],"score":838,"play_id":"5989d325-6c7c-4bc6-bb51-9f6d658a3ff3","local_time":"20210131215837","is_ascension_mode":true,"campfire_choices":[{"data":"Zap","floor":6.0,"key":"SMITH"},{"floor":11.0,"key":"REST"},{"floor":15.0,"key":"REST"},{"data":"Creative AI","floor":23.0,"key":"SMITH"},{"floor":25.0,"key":"REST"},{"data":"Buffer","floor":27.0,"key":"SMITH"},{"floor":30.0,"key":"REST"},{"floor":32.0,"key":"REST"},{"data":"Amplify","floor":40.0,"key":"SMITH"},{"data":"Capacitor","floor":44.0,"key":"SMITH"},{"data":"Echo Form","floor":46.0,"key":"SMITH"},{"floor":49.0,"key":"REST"}],"circlet_count":0,"master_deck":["AscendersBane","Zap+1","Ball Lightning","Compile Driver","Tempest","Ball Lightning","Conserve Battery","Echo Form+1","Defragment","Defragment+1","Heatsinks","Seek","Electrodynamics","Creative AI+1","Consume","Thunder Strike","Buffer+1","Coolheaded","Auto Shields","Amplify+1","Conserve Battery","Seek","Barrage","Bandage Up","Capacitor+1","Flash of Steel","Chill+1"],"relics":["Cracked Core","Art of War","Dream Catcher","Bag of Preparation","Pandora\u0027s Box","Pantograph","Letter Opener","Tiny House","Anchor","Blue Candle"],"acts_visited":["Exordium","TheCity","TheBeyond"],"potions_floor_usage":[50,50,50,50],"damage_taken":[{"damage":0.0,"enemies":"2 Louse","floor":1.0,"turns":2.0},{"damage":0.0,"enemies":"Cultist","floor":2.0,"turns":3.0},{"damage":0.0,"enemies":"Small Slimes","floor":3.0,"turns":2.0},{"damage":2.0,"enemies":"2 Fungi Beasts","floor":4.0,"turns":3.0},{"damage":15.0,"enemies":"Large Slime","floor":5.0,"turns":4.0},{"damage":29.0,"enemies":"Gremlin Nob","floor":7.0,"turns":4.0},{"damage":12.0,"enemies":"3 Louse","floor":8.0,"turns":2.0},{"damage":6.0,"enemies":"Lagavulin","floor":10.0,"turns":5.0},{"damage":6.0,"enemies":"Looter","floor":13.0,"turns":3.0},{"damage":18.0,"enemies":"Hexaghost","floor":16.0,"turns":7.0},{"damage":12.0,"enemies":"Chosen","floor":18.0,"turns":3.0},{"damage":0.0,"enemies":"3 Byrds","floor":19.0,"turns":1.0},{"damage":17.0,"enemies":"Snake Plant","floor":22.0,"turns":2.0},{"damage":18.0,"enemies":"Chosen and Byrds","floor":24.0,"turns":4.0},{"damage":12.0,"enemies":"Cultist and Chosen","floor":28.0,"turns":4.0},{"damage":5.0,"enemies":"Gremlin Leader","floor":31.0,"turns":6.0},{"damage":0.0,"enemies":"Champ","floor":33.0,"turns":9.0},{"damage":0.0,"enemies":"Orb Walker","floor":35.0,"turns":3.0},{"damage":34.0,"enemies":"3 Darklings","floor":41.0,"turns":3.0},{"damage":1.0,"enemies":"Transient","floor":45.0,"turns":5.0},{"damage":0.0,"enemies":"Maw","floor":47.0,"turns":6.0},{"damage":33.0,"enemies":"Spire Growth","floor":48.0,"turns":6.0},{"damage":92,"enemies":"Awakened One","floor":50,"turns":5}],"seed_played":"-7931570892827320762","potions_obtained":[{"floor":3.0,"key":"CultistPotion"},{"floor":4.0,"key":"SpeedPotion"},{"floor":8.0,"key":"PotionOfCapacity"},{"floor":13.0,"key":"Strength Potion"},{"floor":16.0,"key":"Explosive Potion"},{"floor":18.0,"key":"PowerPotion"},{"floor":22.0,"key":"Block Potion"},{"floor":31.0,"key":"FocusPotion"},{"floor":34.0,"key":"EntropicBrew"},{"floor":48.0,"key":"DistilledChaos"}],"is_trial":false,"path_per_floor":["M","M","M","M","M","R","E","M","T","E","R","?","M","$","R","B",null,"M","M","$","?","M","R","M","R","T","R","M","?","R","E","R","B",null,"M","$","?","?","$","R","M","?","T","R","M","R","M","M","R","B"],"character_chosen":"DEFECT","items_purchased":["Heatsinks","Regen Potion","Thunder Strike","Bandage Up","Anchor"],"campfire_rested":6,"item_purchase_floors":[14,14,20,36,39],"current_hp_per_floor":[68,68,68,66,51,51,22,10,10,4,26,26,20,20,42,39,66,54,54,54,54,37,37,19,41,41,41,29,29,51,46,68,75,80,80,80,80,80,80,80,46,46,46,46,49,49,53,24,48,0,0],"gold":163,"neow_bonus":"TRANSFORM_CARD","is_daily":false,"chose_seed":false,"campfire_upgraded":6,"win_rate":0.0,"timestamp":1612097917,"path_taken":["M","M","M","M","M","R","E","M","T","E","R","?","?","$","R","BOSS","M","M","$","?","M","R","M","R","T","R","M","?","R","E","R","BOSS","M","$","?","?","$","R","M","?","T","R","M","R","M","M","R","BOSS"],"items_purchased_type":["Card","Potion","Card","Card","Relic"],"build_version":"2020-12-22","purchased_purges":2,"victory":false,"max_hp_per_floor":[75,75,75,75,75,75,75,75,75,75,75,75,75,75,75,75,75,75,75,75,75,75,75,75,75,75,75,75,75,75,75,75,75,80,80,80,80,80,80,80,80,80,80,80,80,80,80,80,80,80,80],"card_choices":[{"not_picked":["Coolheaded","Melter","Compile Driver"],"picked":"SKIP","floor":1.0},{"not_picked":["Coolheaded","Melter"],"picked":"Compile Driver","floor":1.0},{"not_picked":["Force Field","Recycle"],"picked":"Tempest","floor":2.0},{"not_picked":["Beam Cell","Stack"],"picked":"Ball Lightning","floor":3.0},{"not_picked":["Stack","Steam Power"],"picked":"Turbo","floor":4.0},{"not_picked":["Turbo","Steam"],"picked":"Conserve Battery","floor":5.0},{"not_picked":["Redo","Stack"],"picked":"Echo Form","floor":7.0},{"not_picked":["Rebound","Turbo","Conserve Battery"],"picked":"SKIP","floor":8.0},{"not_picked":["Rebound","Reprogram","Go for the Eyes"],"picked":"SKIP","floor":10.0},{"not_picked":["Capacitor","Stack"],"picked":"Defragment","floor":11.0},{"not_picked":["Echo Form","Reprogram"],"picked":"Defragment","floor":13.0},{"not_picked":["Rainbow","Amplify"],"picked":"Seek","floor":16.0},{"not_picked":["Beam Cell","Turbo","Barrage"],"picked":"SKIP","floor":18.0},{"not_picked":["Blizzard","Redo","Heatsinks"],"picked":"SKIP","floor":19.0},{"not_picked":["Ball Lightning","Leap"],"picked":"Coolheaded","floor":22.0},{"not_picked":["Beam Cell","Chaos"],"picked":"Auto Shields","floor":24.0},{"not_picked":["Stack","Go for the Eyes","Reprogram"],"picked":"SKIP","floor":28.0},{"not_picked":["Go for the Eyes","Ball Lightning"],"picked":"Amplify","floor":30.0},{"not_picked":["Beam Cell","Doom and Gloom","Steam"],"picked":"SKIP","floor":31.0},{"not_picked":["Gash","Aggregate"],"picked":"Conserve Battery","floor":32.0},{"not_picked":["Rainbow","All For One"],"picked":"Seek","floor":33.0},{"not_picked":["Blizzard","Go for the Eyes"],"picked":"Barrage","floor":34.0},{"not_picked":["Gash+1","Leap+1","Go for the Eyes"],"picked":"SKIP","floor":35.0},{"not_picked":["Sweeping Beam+1","Turbo"],"picked":"Capacitor","floor":41.0},{"not_picked":["HandOfGreed","Blind"],"picked":"Flash of Steel","floor":42.0},{"not_picked":["Conserve Battery+1","Coolheaded"],"picked":"Chill+1","floor":45.0},{"not_picked":["Lockon","Hello World","Sweeping Beam"],"picked":"SKIP","floor":47.0},{"not_picked":["Streamline","Storm","Hologram"],"picked":"SKIP","floor":48.0}],"player_experience":325950,"relics_obtained":[{"floor":7.0,"key":"Art of War"},{"floor":9.0,"key":"Dream Catcher"},{"floor":10.0,"key":"Bag of Preparation"},{"floor":26.0,"key":"Pantograph"},{"floor":31.0,"key":"Letter Opener"},{"floor":43.0,"key":"Blue Candle"}],"event_choices":[{"cards_removed":["Strike_B"],"damage_healed":0.0,"max_hp_gain":0.0,"max_hp_loss":0.0,"gold_gain":0.0,"event_name":"Wheel of Change","player_choice":"Card Removal","floor":12.0,"gold_loss":0.0,"damage_taken":0.0},{"damage_healed":0.0,"max_hp_gain":0.0,"max_hp_loss":0.0,"gold_gain":0.0,"cards_transformed":["Aggregate","Dualcast"],"event_name":"Drug Dealer","player_choice":"Became Test Subject","floor":21.0,"gold_loss":0.0,"damage_taken":0.0,"cards_obtained":["Lockon","Buffer"]},{"cards_removed":["Lockon"],"damage_healed":0.0,"max_hp_gain":0.0,"max_hp_loss":0.0,"gold_gain":0.0,"event_name":"Back to Basics","player_choice":"Elegance","floor":29.0,"gold_loss":0.0,"damage_taken":0.0},{"cards_removed":["Turbo"],"damage_healed":0.0,"max_hp_gain":0.0,"max_hp_loss":0.0,"gold_gain":0.0,"event_name":"Falling","player_choice":"Removed Skill","floor":37.0,"gold_loss":0.0,"damage_taken":0.0},{"damage_healed":0.0,"max_hp_gain":0.0,"max_hp_loss":0.0,"gold_gain":0.0,"event_name":"Mysterious Sphere","player_choice":"Ignored","floor":38.0,"gold_loss":0.0,"damage_taken":0.0},{"damage_healed":0.0,"max_hp_gain":0.0,"max_hp_loss":0.0,"gold_gain":0.0,"event_name":"SensoryStone","player_choice":"Memory 1","floor":42.0,"gold_loss":0.0,"damage_taken":0.0}],"is_beta":false,"boss_relics":[{"not_picked":["FrozenCore","Sozu"],"picked":"Pandora\u0027s Box"},{"not_picked":["Astrolabe","Snecko Eye"],"picked":"Tiny House"}],"items_purged_floors":[14,20],"is_endless":false,"potions_floor_spawned":[3,4,7,8,13,16,18,22,31,41,48],"killed_by":"Awakened One","ascension_level":12}}