{"host":"h1qktzcccqnez8tx","time":1612108421,"event":{"mods":["AchievementEnabler","BaseMod","Bestiary","Better Note","Block Reminder","Colored Map","Colored Powertips","Curses Come First","Downfall","Highlight Path","Infinite Spire","Minty Spire (QoL Compilation)","Permanent Neow","Quick Restart","Relic Stats","Replay The Spire","Say the Spire","StSLib","The Cursed","The Jungle","The Servant 0.9.4","UnlockEverythingMod"],"gold_per_floor":[113,132,132,152,152,152,26,38,64,88,105,124,151,171,171,276,276],"floor_reached":16,"language":"ENG","playtime":799,"items_purged":[],"score":162,"play_id":"b9c60738-bff1-46bb-a52a-a01b8a4e6333","local_time":"20210131165341","is_ascension_mode":true,"campfire_choices":[{"data":"TheCursedMod:RavingStaff","floor":6,"key":"SMITH"},{"data":"TheCursedMod:ManaBullet","floor":15,"key":"SMITH"}],"circlet_count":0,"master_deck":["TheCursedMod:CursedWand","TheCursedMod:CleanUpWorkshop","TheCursedMod:CursedShiv","TheCursedMod:Wield","TheCursedMod:ManaBullet+1","TheCursedMod:CircleOfFlame","TheCursedMod:CircleOfWindfury","TheCursedMod:CircleOfCorruption+1","TheCursedMod:CircleOfAbyss","Finesse","TheCursedMod:SmokeScreen","TheCursedMod:CircleOfFlame","TheCursedMod:RavingStaff+1","infinitespire:Gouge","TheCursedMod:CursedSpellbook","TheCursedMod:HellsGateOpen","TheCursedMod:ManaBullet+1","TheCursedMod:CursedShiv","TheCursedMod:CircleOfFlame","TheCursedMod:SurpriseAttack","TheCursedMod:CursedShiv","TheCursedMod:CollectTribute"],"relics":["TheCursedMod:MagicCandle","Regal Pillow","Bronze Scales","Slimebound:StickyStick"],"acts_visited":["Exordium"],"potions_floor_usage":[],"damage_taken":[{"damage":0,"enemies":"Small Slimes","floor":1,"turns":1},{"damage":0,"enemies":"2 Louse","floor":2,"turns":1},{"damage":0,"enemies":"Jaw Worm","floor":4,"turns":2},{"damage":5,"enemies":"3 Louse","floor":8,"turns":2},{"damage":0,"enemies":"Red Slaver","floor":11,"turns":2},{"damage":0,"enemies":"Large Slime","floor":12,"turns":2},{"damage":7,"enemies":"3 Sentries","floor":13,"turns":3},{"damage":0,"enemies":"Blue Slaver","floor":14,"turns":1},{"damage":7,"enemies":"Fading Forest","floor":16,"turns":11}],"seed_played":"4346008999149369266","potions_obtained":[{"floor":4,"key":"Elixir"},{"floor":8,"key":"LiquidBronze"},{"floor":14,"key":"bronze:BurnAndBuffPotion"},{"floor":16,"key":"FairyPotion"}],"is_trial":false,"path_per_floor":["M","M","?","M","?","R","$","M","T","T","M","M","E","M","R","B"],"character_chosen":"THE_CURSED","items_purchased":["TheCursedMod:HellsGateOpen","TheCursedMod:ManaBullet+1"],"campfire_rested":0,"item_purchase_floors":[7,7],"current_hp_per_floor":[75,75,56,56,56,56,56,51,51,51,51,51,44,44,44,47,47],"gold":276,"neow_bonus":"THREE_CARDS","is_daily":false,"chose_seed":false,"campfire_upgraded":2,"win_rate":0.0,"timestamp":1612108421,"path_taken":["M","M","?","M","?","R","$","M","T","?","M","M","E","M","R","BOSS"],"items_purchased_type":["Card","Card"],"build_version":"2020-12-22","purchased_purges":0,"victory":false,"max_hp_per_floor":[75,75,75,75,75,75,75,75,75,75,75,75,75,75,75,75,75],"relic_stats":{"Regal Pillow":0,"counters":[9,25],"Bronze Scales":[24],"obtain_stats":[{"Regal Pillow":9,"Slimebound:StickyStick":13,"Bronze Scales":10,"TheCursedMod:MagicCandle":0},{"Regal Pillow":4,"Slimebound:StickyStick":7,"Bronze Scales":4,"TheCursedMod:MagicCandle":0},{"Regal Pillow":6,"Slimebound:StickyStick":13,"Bronze Scales":6,"TheCursedMod:MagicCandle":0}]},"card_choices":[{"not_picked":["TheCursedMod:VitalStrike","TheCursedMod:AshesToAshes"],"picked":"TheCursedMod:SmokeScreen","floor":0},{"not_picked":["TheCursedMod:LuckyCharm","TheCursedMod:SpitefulStrike"],"picked":"TheCursedMod:CircleOfFlame","floor":1},{"not_picked":["TheCursedMod:WearCloak","TheCursedMod:VoidForm"],"picked":"TheCursedMod:RavingStaff","floor":2},{"not_picked":["infinitespire:Execution","infinitespire:Punishment"],"picked":"infinitespire:Gouge","floor":3},{"not_picked":["TheCursedMod:VitalStrike","TheCursedMod:BlessingInDisguise"],"picked":"TheCursedMod:CursedSpellbook","floor":4},{"not_picked":["TheCursedMod:CircleOfFlame","TheCursedMod:CircleOfCorruption"],"picked":"TheCursedMod:CursedShiv","floor":8},{"not_picked":["TheCursedMod:SpitefulStrike","TheCursedMod:TacticalStrike"],"picked":"TheCursedMod:CircleOfFlame","floor":11},{"not_picked":["TheCursedMod:RapidMovement","TheCursedMod:DarkBarrier"],"picked":"TheCursedMod:SurpriseAttack","floor":12},{"not_picked":["TheCursedMod:SoulReap","TheCursedMod:CursedArmor"],"picked":"TheCursedMod:CursedShiv","floor":13},{"not_picked":["TheCursedMod:SoulReap","TheCursedMod:SpitefulStrike","TheCursedMod:VitalStrike"],"picked":"SKIP","floor":14},{"not_picked":["TheCursedMod:AntiAging","TheCursedMod:CursedRelics"],"picked":"TheCursedMod:CollectTribute","floor":16}],"player_experience":348788,"relics_obtained":[{"floor":9,"key":"Regal Pillow"},{"floor":10,"key":"Bronze Scales"},{"floor":13,"key":"Slimebound:StickyStick"}],"event_choices":[],"is_beta":false,"boss_relics":[],"items_purged_floors":[],"is_endless":false,"potions_floor_spawned":[4,8,14,16],"killed_by":"Fading Forest","ascension_level":1}}