{"host":"ow66nzv2xecjoor3","time":1612129865,"event":{"mods":["BaseMod","Bestiary","Block Reminder","Colored Powertips","Curses Come First","Highlight Path","Keyboard Shortcuts","Minty Spire (QoL Compilation)","Permanent Neow","Relic Stats","StSLib","UnlockEverythingMod"],"gold_per_floor":[110,130,130,143,143,143,160,160,160,190,201,227,61,74,74,151,151,161,171,186,101,119,119,154,154,206,540,554,554,581,631,631,710,710,727,727,745,757,476,511,511,524,524,541,576,576,587,2,2,2,2],"floor_reached":50,"language":"ENG","playtime":4278,"items_purged":["Strike_B","Strike_B"],"score":1598,"play_id":"b8f1828c-403c-4adb-a2a8-d6f41f871940","local_time":"20210131155105","is_ascension_mode":true,"campfire_choices":[{"data":"Seek","floor":6.0,"key":"SMITH"},{"data":"Ball Lightning","floor":8.0,"key":"SMITH"},{"data":"Electrodynamics","floor":15.0,"key":"SMITH"},{"data":"Chill","floor":23.0,"key":"SMITH"},{"floor":25.0,"key":"REST"},{"data":"Creative AI","floor":29.0,"key":"SMITH"},{"floor":32.0,"key":"REST"},{"data":"Undo","floor":46.0,"key":"SMITH"},{"floor":49,"key":"RECALL"}],"circlet_count":0,"master_deck":["AscendersBane","Strike_B+1","Defend_B","Defend_B","Defend_B","Defend_B","Zap","Dualcast","Rainbow+1","Undo+1","Ball Lightning+1","Seek+1","White Noise","Compile Driver+1","White Noise","Auto Shields","Electrodynamics+1","Undo","Creative AI+1","Chill+1","Conserve Battery","Amplify","Coolheaded","Coolheaded+1","Undo","Biased Cognition","Doom and Gloom","Hologram+1","Coolheaded","Stack","Coolheaded","Coolheaded","Coolheaded","Hologram"],"relics":["Cracked Core","FossilizedHelix","Meat on the Bone","Philosopher\u0027s Stone","Oddly Smooth Stone","Boot","Bronze Scales","Old Coin","The Courier","Busted Crown","Lee\u0027s Waffle","Smiling Mask","Whetstone","Art of War","Runic Capacitor","Bag of Preparation"],"acts_visited":["Exordium","TheCity","TheBeyond"],"potions_floor_usage":[50,50],"damage_taken":[{"damage":7.0,"enemies":"Jaw Worm","floor":1.0,"turns":5.0},{"damage":2.0,"enemies":"Small Slimes","floor":2.0,"turns":5.0},{"damage":0.0,"enemies":"2 Louse","floor":4.0,"turns":2.0},{"damage":0.0,"enemies":"Exordium Thugs","floor":7.0,"turns":4.0},{"damage":18.0,"enemies":"3 Sentries","floor":10.0,"turns":6.0},{"damage":1.0,"enemies":"Exordium Wildlife","floor":11.0,"turns":4.0},{"damage":0.0,"enemies":"Gremlin Nob","floor":12.0,"turns":4.0},{"damage":0.0,"enemies":"Lots of Slimes","floor":14.0,"turns":2.0},{"damage":0.0,"enemies":"Slime Boss","floor":16.0,"turns":5.0},{"damage":12.0,"enemies":"Spheric Guardian","floor":18.0,"turns":4.0},{"damage":2.0,"enemies":"Shell Parasite","floor":19.0,"turns":6.0},{"damage":6.0,"enemies":"Snecko","floor":20.0,"turns":7.0},{"damage":22.0,"enemies":"Snake Plant","floor":22.0,"turns":5.0},{"damage":12.0,"enemies":"Book of Stabbing","floor":24.0,"turns":5.0},{"damage":0.0,"enemies":"Slavers","floor":27.0,"turns":2.0},{"damage":0.0,"enemies":"Sentry and Sphere","floor":28.0,"turns":4.0},{"damage":34.0,"enemies":"Gremlin Leader","floor":30.0,"turns":6.0},{"damage":0.0,"enemies":"Champ","floor":33.0,"turns":14.0},{"damage":0.0,"enemies":"Orb Walker","floor":35.0,"turns":2.0},{"damage":0.0,"enemies":"3 Darklings","floor":37.0,"turns":1.0},{"damage":0.0,"enemies":"Jaw Worm Horde","floor":38.0,"turns":1.0},{"damage":10.0,"enemies":"Giant Head","floor":40.0,"turns":11.0},{"damage":37.0,"enemies":"Maw","floor":42.0,"turns":9.0},{"damage":0.0,"enemies":"4 Shapes","floor":44.0,"turns":2.0},{"damage":0.0,"enemies":"Nemesis","floor":45.0,"turns":11.0},{"damage":17.0,"enemies":"Transient","floor":47.0,"turns":6.0},{"damage":62,"enemies":"Awakened One","floor":50,"turns":17}],"seed_played":"-4432953084915460610","potions_obtained":[{"floor":1.0,"key":"Block Potion"},{"floor":10.0,"key":"PowerPotion"},{"floor":12.0,"key":"Strength Potion"},{"floor":14.0,"key":"LiquidBronze"},{"floor":19.0,"key":"FocusPotion"},{"floor":24.0,"key":"ColorlessPotion"},{"floor":27.0,"key":"Swift Potion"},{"floor":35.0,"key":"Fire Potion"},{"floor":42.0,"key":"Swift Potion"},{"floor":45.0,"key":"FearPotion"},{"floor":47.0,"key":"SneckoOil"}],"is_trial":false,"path_per_floor":["M","M","?","M","?","R","M","R","T","E","M","E","$","M","R","B",null,"M","M","M","?","M","R","E","R","T","E","M","R","E","?","R","B",null,"M","?","M","M","$","E","?","M","T","M","E","R","M","$","R","B"],"character_chosen":"DEFECT","items_purchased":["Electrodynamics","Coolheaded","Lee\u0027s Waffle","GamblersBrew","Runic Capacitor","Bag of Preparation","Stack","Coolheaded","Coolheaded","Coolheaded","Hologram","Regen Potion"],"campfire_rested":2,"item_purchase_floors":[13,39,39,39,48,48,48,48,48,48,48,48],"current_hp_per_floor":[39,37,60,60,60,60,60,60,60,42,41,41,41,41,41,41,64,52,50,44,44,34,34,34,55,55,55,55,55,33,33,54,54,67,67,67,67,67,78,68,68,43,43,43,43,43,38,38,38,0,0],"gold":2,"neow_bonus":"THREE_RARE_CARDS","is_daily":false,"chose_seed":false,"campfire_upgraded":6,"win_rate":0.0,"timestamp":1612129865,"path_taken":["M","M","?","M","?","R","M","R","T","E","M","E","?","M","R","BOSS","M","M","M","?","M","R","E","R","T","E","M","R","E","?","R","BOSS","M","?","M","M","$","E","?","?","T","M","E","R","M","$","R","BOSS"],"items_purchased_type":["Card","Card","Relic","Potion","Relic","Relic","Card","Card","Card","Card","Card","Potion"],"build_version":"2020-12-22","purchased_purges":2,"victory":false,"max_hp_per_floor":[71,71,71,71,71,71,71,71,71,71,71,71,71,71,71,71,71,71,71,71,71,71,71,71,71,71,71,71,71,71,71,71,71,71,71,71,71,71,78,78,74,74,74,74,74,74,74,74,74,74,74],"relic_stats":{"Lee\u0027s Waffle":11,"Busted Crown":16,"counters":[27,150],"Bronze Scales":[260],"Art of War":[12],"Bag of Preparation":[2],"Whetstone":["Compile Driver","Strike_B"],"Boot":[8],"Smiling Mask":30,"obtain_stats":[{"Lee\u0027s Waffle":39,"Oddly Smooth Stone":21,"The Courier":30,"Runic Capacitor":48,"Bag of Preparation":48,"Whetstone":43,"Boot":24,"Smiling Mask":40,"Old Coin":27,"Busted Crown":34,"Bronze Scales":26,"Philosopher\u0027s Stone":17,"Art of War":45,"Cracked Core":0,"FossilizedHelix":10,"Meat on the Bone":12},{"Lee\u0027s Waffle":21,"Oddly Smooth Stone":12,"The Courier":17,"Runic Capacitor":26,"Bag of Preparation":26,"Whetstone":23,"Boot":14,"Smiling Mask":22,"Old Coin":15,"Busted Crown":18,"Bronze Scales":14,"Philosopher\u0027s Stone":9,"Art of War":25,"Cracked Core":0,"FossilizedHelix":5,"Meat on the Bone":7},{"Lee\u0027s Waffle":94,"Oddly Smooth Stone":54,"The Courier":76,"Runic Capacitor":133,"Bag of Preparation":133,"Whetstone":114,"Boot":64,"Smiling Mask":105,"Old Coin":66,"Busted Crown":90,"Bronze Scales":64,"Philosopher\u0027s Stone":37,"Art of War":127,"Cracked Core":0,"FossilizedHelix":22,"Meat on the Bone":30}],"Meat on the Bone":60},"card_choices":[{"not_picked":["Thunder Strike","Echo Form"],"picked":"Rainbow","floor":0.0},{"not_picked":["Hologram","Go for the Eyes"],"picked":"Undo","floor":1.0},{"not_picked":["Chaos","Stack"],"picked":"Ball Lightning","floor":2.0},{"not_picked":["Beam Cell","Go for the Eyes"],"picked":"Seek","floor":4.0},{"not_picked":["Leap","Go for the Eyes"],"picked":"White Noise","floor":7.0},{"not_picked":["Sweeping Beam","Static Discharge"],"picked":"Compile Driver","floor":10.0},{"not_picked":["Tempest","BootSequence"],"picked":"White Noise","floor":11.0},{"not_picked":["Reinforced Body","Sweeping Beam"],"picked":"Auto Shields","floor":12.0},{"not_picked":["Blizzard","Scrape"],"picked":"Undo","floor":14.0},{"not_picked":["Rainbow","Reboot"],"picked":"Creative AI","floor":16.0},{"not_picked":["Barrage+1","Sunder+1"],"picked":"Chill","floor":18.0},{"not_picked":["Redo","Gash"],"picked":"Conserve Battery","floor":19.0},{"not_picked":["BootSequence","Auto Shields","Consume"],"picked":"SKIP","floor":20.0},{"not_picked":["Ball Lightning","Auto Shields"],"picked":"Amplify","floor":22.0},{"not_picked":["Cold Snap","Rebound"],"picked":"Coolheaded","floor":24.0},{"not_picked":["Melter","Chill"],"picked":"Coolheaded+1","floor":27.0},{"not_picked":["Ball Lightning","Fusion","Hologram"],"picked":"SKIP","floor":28.0},{"not_picked":["Chaos","Skim"],"picked":"Undo","floor":30.0},{"not_picked":["Multi-Cast","All For One"],"picked":"Biased Cognition","floor":33.0},{"not_picked":["Reprogram"],"picked":"SKIP","floor":35.0},{"not_picked":[],"picked":"Doom and Gloom","floor":37.0},{"not_picked":[],"picked":"Hologram+1","floor":38.0},{"not_picked":["Skim+1"],"picked":"SKIP","floor":40.0},{"not_picked":["Go for the Eyes"],"picked":"SKIP","floor":42.0},{"not_picked":["Turbo"],"picked":"SKIP","floor":44.0},{"not_picked":["Blizzard+1"],"picked":"SKIP","floor":45.0},{"not_picked":["Darkness"],"picked":"SKIP","floor":47.0}],"player_experience":2793833,"relics_obtained":[{"floor":10.0,"key":"FossilizedHelix"},{"floor":12.0,"key":"Meat on the Bone"},{"floor":24.0,"key":"Boot"},{"floor":26.0,"key":"Bronze Scales"},{"floor":27.0,"key":"Old Coin"},{"floor":30.0,"key":"The Courier"},{"floor":40.0,"key":"Smiling Mask"},{"floor":43.0,"key":"Whetstone"},{"floor":45.0,"key":"Art of War"}],"event_choices":[{"damage_healed":23.0,"max_hp_gain":0.0,"max_hp_loss":0.0,"gold_gain":0.0,"event_name":"Big Fish","player_choice":"Banana","floor":3.0,"gold_loss":0.0,"damage_taken":0.0},{"damage_healed":0.0,"max_hp_gain":0.0,"max_hp_loss":0.0,"gold_gain":0.0,"event_name":"Living Wall","player_choice":"Grow","floor":5.0,"gold_loss":0.0,"damage_taken":0.0,"cards_upgraded":["Rainbow"]},{"damage_healed":0.0,"max_hp_gain":0.0,"max_hp_loss":0.0,"gold_gain":0.0,"event_name":"Addict","player_choice":"Obtained Relic","floor":21.0,"gold_loss":85.0,"damage_taken":0.0,"relics_obtained":["Oddly Smooth Stone"]},{"damage_healed":0.0,"max_hp_gain":0.0,"max_hp_loss":0.0,"gold_gain":100.0,"event_name":"The Joust","player_choice":"Bet on Murderer","floor":31.0,"gold_loss":50.0,"damage_taken":0.0},{"cards_removed":["Strike_B"],"damage_healed":0.0,"max_hp_gain":0.0,"max_hp_loss":0.0,"gold_gain":0.0,"event_name":"Falling","player_choice":"Removed Attack","floor":36.0,"gold_loss":0.0,"damage_taken":0.0},{"damage_healed":0.0,"max_hp_gain":0.0,"max_hp_loss":4.0,"gold_gain":0.0,"event_name":"Winding Halls","player_choice":"Max HP","floor":41.0,"gold_loss":0.0,"damage_taken":0.0}],"is_beta":false,"boss_relics":[{"not_picked":["Nuclear Battery","Velvet Choker"],"picked":"Philosopher\u0027s Stone"},{"not_picked":["Snecko Eye","Runic Dome"],"picked":"Busted Crown"}],"items_purged_floors":[39,48],"is_endless":false,"potions_floor_spawned":[1,10,12,14,19,24,27,35,42,45,47],"killed_by":"Awakened One","ascension_level":20}}