{"host":"f0gpob8hq9vgebej","time":1612095095,"event":{"mods":["AchievementEnabler","BaseMod","Minty Spire (QoL Compilation)","Quick Restart","SuperFastMode"],"gold_per_floor":[12,23,34,50,20,20,36,1,1,1,1,1,28,28,28,28,28],"floor_reached":0,"language":"KOR","playtime":0,"items_purged":[],"score":0,"play_id":"f8e95247-d8a0-403e-9c36-acc3f25eaeb1","local_time":"20210131211135","is_ascension_mode":true,"campfire_choices":[{"data":"Defragment","floor":6,"key":"SMITH"},{"data":"Zap","floor":10,"key":"SMITH"},{"data":"Consume","floor":12,"key":"SMITH"},{"floor":15,"key":"REST"}],"circlet_count":0,"master_deck":["AscendersBane","Strike_B","Strike_B","Strike_B","Defend_B","Defend_B","Defend_B","Defend_B","Zap+1","Dualcast","Consume+1","Auto Shields","Defragment+1","Turbo","Barrage","Storm","Heatsinks"],"relics":["Cracked Core","CaptainsWheel","Bottled Flame","White Beast Statue","Bottled Lightning"],"acts_visited":["Exordium"],"potions_floor_usage":[16,16],"damage_taken":[{"damage":1.0,"enemies":"Cultist","floor":1.0,"turns":3.0},{"damage":7.0,"enemies":"2 Louse","floor":2.0,"turns":2.0},{"damage":5.0,"enemies":"Small Slimes","floor":3.0,"turns":3.0},{"damage":13.0,"enemies":"Exordium Thugs","floor":4.0,"turns":4.0},{"damage":6,"enemies":"Looter","floor":5,"turns":4},{"damage":0,"enemies":"Red Slaver","floor":7,"turns":4},{"damage":39,"enemies":"3 Sentries","floor":13,"turns":8},{"damage":16,"enemies":"The Guardian","floor":16,"turns":9}],"seed_played":"43999942752060309","potions_obtained":[{"floor":1.0,"key":"SpeedPotion"},{"floor":7,"key":"Dexterity Potion"}],"is_trial":false,"path_per_floor":["M","M","M","M","M","R","M","?","T","R","?","R","E","?","R","B"],"character_chosen":"DEFECT","items_purchased":[],"campfire_rested":1,"item_purchase_floors":[],"current_hp_per_floor":[67,60,55,42,36,36,36,54,54,54,47,47,8,1,23,7,7],"gold":28,"neow_bonus":"ONE_RARE_RELIC","is_daily":false,"chose_seed":false,"campfire_upgraded":3,"win_rate":0.0,"timestamp":1612095095,"path_taken":["M","M","M","M","M","R","M","?","T","R","?","R","E","?","R","BOSS"],"items_purchased_type":[],"build_version":"2020-12-22","purchased_purges":0,"victory":false,"max_hp_per_floor":[75,75,75,75,75,75,75,75,75,75,75,75,75,75,75,75,75],"card_choices":[{"not_picked":["Gash","Stack"],"picked":"Consume","floor":1.0},{"not_picked":["Streamline","Rebound"],"picked":"Auto Shields","floor":2.0},{"not_picked":["Rebound","Compile Driver"],"picked":"Defragment","floor":3.0},{"not_picked":["Hello World","Redo"],"picked":"Turbo","floor":4.0},{"not_picked":["Compile Driver","Go for the Eyes"],"picked":"Barrage","floor":5},{"not_picked":["Barrage","Genetic Algorithm"],"picked":"Storm","floor":7},{"not_picked":["Barrage","Coolheaded"],"picked":"Heatsinks","floor":13}],"player_experience":325950,"relics_obtained":[{"floor":9,"key":"Bottled Flame"},{"floor":13,"key":"Bottled Lightning"}],"event_choices":[{"damage_healed":18,"gold_gain":0,"player_choice":"Healed","damage_taken":0,"max_hp_gain":0,"max_hp_loss":0,"event_name":"The Cleric","floor":8,"gold_loss":35},{"damage_healed":0,"gold_gain":0,"player_choice":"Success","damage_taken":7,"relics_obtained":["White Beast Statue"],"max_hp_gain":0,"max_hp_loss":0,"event_name":"Scrap Ooze","floor":11,"gold_loss":0},{"cards_removed":["Strike_B"],"damage_healed":0,"gold_gain":0,"player_choice":"Card Removal","damage_taken":7,"max_hp_gain":0,"max_hp_loss":0,"event_name":"Golden Wing","floor":14,"gold_loss":0}],"is_beta":false,"boss_relics":[],"items_purged_floors":[],"is_endless":false,"potions_floor_spawned":[1,7,13],"killed_by":"The Guardian","ascension_level":12}}