{"host":"r9v0g0iwbsx9dzwu","time":1612089726,"event":{"mods":["100% Spire Juice","ATMod(阿瑾Mod)","Aspiration","BaseMod","Minty Spire (QoL Compilation)","MostiFishMod","Reliquary","Replay The Spire","RumiaBox-露米娅的神秘盒子","StSLib","TestMod","[IsaacMod]以撒尖塔","【功能Mod】聪明的最终Boss","【遗物卡牌】REMEMod"],"gold_per_floor":[110,129,136,136,136,136,161,161,161,161,161,186,186,199,199,276,276,297,315,323,77,97,97,129,141,141,170,189,209,209,159,159,231,231,250,263,263,263],"floor_reached":37,"language":"ZHS","playtime":1060,"items_purged":["Steam","Strike_P","MostiFishMod:Moonprays","FlyingSleeves+1"],"score":1982,"play_id":"06e1550b-66a9-422f-b303-b97d8aceb9d6","local_time":"20210131184206","is_ascension_mode":true,"campfire_choices":[{"data":"Eruption","floor":6.0,"key":"SMITH"},{"data":"Seek","floor":8.0,"key":"SMITH"},{"data":"ForeignInfluence","floor":11.0,"key":"SMITH"},{"data":"Fasting2","floor":13,"key":"SMITH"},{"floor":15,"key":"RECALL"},{"data":"AT_ChampionKick","floor":23,"key":"SMITH"},{"data":"FlyingSleeves","floor":32,"key":"SMITH"}],"circlet_count":0,"master_deck":["AscendersBane","Eruption+1","Vigilance","Seek+1","MostiFishMod:Adaptation","ForeignInfluence+1","AT_ChampionKick+1","Fasting2+1","Crescendo","Scrawl+1","WheelKick+1"],"relics":["PureWater","AT_ATBox","DaveBox","testmod-TestBox","HushsDoor","REME_ComplimentaryCards","NeowsBlessing","GuppysPaw","testmod-TimeTraveler","EGODaCapo","Baka2","Replay:PocketPolymizer","testmod-Hope","Counterbalance","Akabeko","Busted Crown","SatanicBible","DeathBook","Mango","Vajra","Oddly Smooth Stone","AT_SilvercatRing","Smiling Mask","Mango","GodSword5","ChewingGum","Damocles","GuppysHairball","Pondfish Scales","Mango","Bag of Preparation"],"acts_visited":["Exordium","TheCity","TheBeyond"],"potions_floor_usage":[12,20,29],"damage_taken":[{"damage":0.0,"enemies":"Jaw Worm","floor":1.0,"turns":1.0},{"damage":0.0,"enemies":"2 Louse","floor":2.0,"turns":1.0},{"damage":0.0,"enemies":"Small Slimes","floor":3.0,"turns":1.0},{"damage":0.0,"enemies":"3 Sentries","floor":7.0,"turns":4.0},{"damage":0,"enemies":"Lagavulin","floor":12,"turns":4},{"damage":0,"enemies":"Blue Slaver","floor":14,"turns":2},{"damage":2,"enemies":"Hexaghost","floor":16,"turns":3},{"damage":9,"enemies":"2 Thieves","floor":18,"turns":3},{"damage":0,"enemies":"Chosen","floor":19,"turns":1},{"damage":0,"enemies":"Snecko","floor":20,"turns":3},{"damage":0,"enemies":"Snake Plant","floor":22,"turns":1},{"damage":0,"enemies":"Replay:Snechameleon","floor":24,"turns":2},{"damage":0,"enemies":"Centurion and Healer","floor":25,"turns":2},{"damage":0,"enemies":"Book of Stabbing","floor":27,"turns":1},{"damage":0,"enemies":"3 Cultists","floor":28,"turns":2},{"damage":0,"enemies":"Snake Plant","floor":29,"turns":1},{"damage":0,"enemies":"Replay:Snechameleon","floor":30,"turns":2},{"damage":0,"enemies":"Pondfish","floor":33,"turns":3},{"damage":0,"enemies":"Orb Walker","floor":35,"turns":1},{"damage":0,"enemies":"3 Darklings","floor":36,"turns":1},{"damage":11,"enemies":"Spire Growth","floor":37,"turns":2}],"seed_played":"-1095931947793292165","potions_obtained":[{"floor":1.0,"key":"testmod-SpacePotion"},{"floor":14,"key":"LiquidBronze"},{"floor":20,"key":"REME_GoldPotion"},{"floor":27,"key":"BlessingOfTheForge"},{"floor":29,"key":"Toxic Potion"},{"floor":35,"key":"EntropicBrew"}],"is_trial":false,"path_per_floor":["M","M","M","?","T","R","E","R","T","?","R","E","R","M","R","B",null,"M","M","M","$","M","R","E","M","T","E","M","M","E","$","R","B",null,"M","M","M"],"character_chosen":"WATCHER","items_purchased":["SatanicBible","DeathBook","Vajra","Damocles","GuppysHairball"],"campfire_rested":0,"item_purchase_floors":[17,17,21,34,34],"current_hp_per_floor":[61,61,61,61,61,61,61,61,61,61,61,61,61,61,61,46,49,40,40,64,64,64,64,64,64,64,64,64,78,78,78,78,78,51,51,65,0,0],"gold":263,"neow_bonus":"THREE_ENEMY_KILL","is_daily":false,"chose_seed":false,"campfire_upgraded":6,"win_rate":0.0,"timestamp":1612089726,"path_taken":["M","M","M","?","?","R","E","R","T","?","R","E","R","M","R","BOSS","M","M","M","$","M","R","E","?","T","E","M","M","E","$","R","BOSS","M","M","M"],"items_purchased_type":["Relic","Relic","Relic","Relic","Relic"],"build_version":"2020-12-22","purchased_purges":4,"victory":false,"max_hp_per_floor":[68,68,68,68,68,68,68,68,68,68,68,68,68,68,68,75,50,50,50,64,64,64,64,64,64,64,64,64,78,78,78,78,78,51,51,65,65,65],"card_choices":[{"not_picked":[],"picked":"ChaosCard","floor":0.0},{"not_picked":["ThirdEye","EmptyFist","SashWhip"],"picked":"SKIP","floor":1.0},{"not_picked":["ClearTheMind","MostiFishMod:FlowState","Replay:Anticipation"],"picked":"SKIP","floor":2.0},{"not_picked":["Replay:Anticipation","ThirdEye","CutThroughFate"],"picked":"SKIP","floor":3.0},{"not_picked":["Worship","Crescendo"],"picked":"MostiFishMod:Adaptation","floor":7.0},{"not_picked":["EmptyFist","JustLucky","Vengeance"],"picked":"SKIP","floor":12},{"not_picked":["Halt","Replay:Vibes","PathToVictory"],"picked":"SKIP","floor":14},{"not_picked":["Devotion","MostiFishMod:StarOceanP"],"picked":"Scrawl","floor":16},{"not_picked":["Halt"],"picked":"SKIP","floor":18},{"not_picked":["Conclude"],"picked":"SKIP","floor":19},{"not_picked":["Conclude"],"picked":"SKIP","floor":20},{"not_picked":["Conclude"],"picked":"SKIP","floor":20},{"not_picked":[],"picked":"WheelKick","floor":22},{"not_picked":["WindmillStrike+1"],"picked":"SKIP","floor":24},{"not_picked":["Evaluate+1"],"picked":"SKIP","floor":25},{"not_picked":["MostiFishMod:Adaptation"],"picked":"SKIP","floor":27},{"not_picked":["Crescendo"],"picked":"SKIP","floor":28},{"not_picked":["Protect"],"picked":"SKIP","floor":29},{"not_picked":["MostiFishMod:LegendTransform"],"picked":"SKIP","floor":30},{"not_picked":["DeceiveReality"],"picked":"SKIP","floor":35},{"not_picked":["Weave"],"picked":"SKIP","floor":36}],"player_experience":37751,"relics_obtained":[{"floor":1.0,"key":"Baka"},{"floor":2.0,"key":"Baka2"},{"floor":5.0,"key":"Replay:PocketPolymizer"},{"floor":7.0,"key":"testmod-Hope"},{"floor":12,"key":"Counterbalance"},{"floor":12,"key":"Akabeko"},{"floor":20,"key":"Mango"},{"floor":24,"key":"Oddly Smooth Stone"},{"floor":26,"key":"AT_SilvercatRing"},{"floor":27,"key":"Smiling Mask"},{"floor":29,"key":"Mango"},{"floor":30,"key":"GodSword5"},{"floor":35,"key":"Pondfish Scales"},{"floor":36,"key":"Mango"},{"floor":36,"key":"Bag of Preparation"}],"event_choices":[{"damage_healed":0.0,"max_hp_gain":0.0,"max_hp_loss":0.0,"gold_gain":0.0,"event_name":"Liars Game","player_choice":"Ignored","floor":4.0,"gold_loss":0.0,"damage_taken":0.0}],"is_beta":false,"boss_relics":[{"not_picked":["REME_DuelDisc","FixedStarFall"],"picked":"Busted Crown"},{"not_picked":[]},{"not_picked":["BloodWine","Jackal-EndForJourney"],"picked":"ChewingGum"},{"not_picked":[]}],"items_purged_floors":[17,21,31,34],"is_endless":false,"potions_floor_spawned":[1,7,14,19,20,27,29,35],"killed_by":"Spire Growth","ascension_level":20}}