{"host":"jx3f6ezc0g3s9edc","time":1612063739,"event":{"mods":["AchievementEnabler","BaseMod","Bestiary","Colored Map","Highlight Path","Minty Spire (QoL Compilation)","StSLib"],"gold_per_floor":[119,119,130,55,75,103,103,123,123,155,171,171,171,205,205,308,308,321,98,110,124,124,124,141,172,172,172,187,200,200,229,229,325,325,345,345,345,345,92,123,123,151,151,151,167,267,286,63,63,63],"floor_reached":51,"language":"ENG","playtime":4952,"items_purged":["Strike_R","Strike_R","Strike_R","Strike_R"],"score":1301,"play_id":"0014da19-8ed3-49bd-8144-ad95d6033de1","local_time":"20210130222859","is_ascension_mode":true,"campfire_choices":[{"data":"Body Slam","floor":7.0,"key":"SMITH"},{"floor":13.0,"key":"REST"},{"data":"Limit Break","floor":15.0,"key":"SMITH"},{"data":"Inflame","floor":23.0,"key":"SMITH"},{"floor":27.0,"key":"REST"},{"data":"True Grit","floor":30.0,"key":"SMITH"},{"floor":32.0,"key":"REST"},{"floor":41.0,"key":"RECALL"},{"floor":44.0,"key":"REST"},{"floor":49.0,"key":"REST"}],"circlet_count":0,"master_deck":["AscendersBane","Strike_R","Defend_R+1","Defend_R","Defend_R","Defend_R","Bash","Limit Break+1","Pommel Strike","Impervious","Shrug It Off","PanicButton","Body Slam+1","Pummel","Inflame+1","Shrug It Off+1","Metallicize","Barricade","Body Slam","Metallicize","Shrug It Off","True Grit+1","Sword Boomerang","Evolve","Heavy Blade","Shockwave","Body Slam","Seeing Red+1","Bludgeon"],"relics":["Burning Blood","Akabeko","Omamori","Mummified Hand","War Paint","Snecko Eye","HornCleat","Tiny Chest","Toy Ornithopter","Fusion Hammer","Pen Nib","Membership Card","Centennial Puzzle","Vajra","Ornamental Fan","Medical Kit"],"acts_visited":["Exordium","TheCity","TheBeyond"],"potions_floor_usage":[50,50],"damage_taken":[{"damage":8.0,"enemies":"2 Louse","floor":1.0,"turns":4.0},{"damage":18.0,"enemies":"Cultist","floor":3.0,"turns":6.0},{"damage":4.0,"enemies":"Small Slimes","floor":5.0,"turns":4.0},{"damage":36.0,"enemies":"3 Sentries","floor":6.0,"turns":14.0},{"damage":4.0,"enemies":"3 Louse","floor":8.0,"turns":3.0},{"damage":17.0,"enemies":"Lagavulin","floor":10.0,"turns":6.0},{"damage":5.0,"enemies":"Gremlin Gang","floor":11.0,"turns":6.0},{"damage":20.0,"enemies":"3 Sentries","floor":14.0,"turns":8.0},{"damage":0.0,"enemies":"Slime Boss","floor":16.0,"turns":9.0},{"damage":0.0,"enemies":"Shell Parasite","floor":18.0,"turns":2.0},{"damage":0.0,"enemies":"3 Byrds","floor":20.0,"turns":5.0},{"damage":9.0,"enemies":"Centurion and Healer","floor":21.0,"turns":6.0},{"damage":18.0,"enemies":"Cultist and Chosen","floor":24.0,"turns":7.0},{"damage":26.0,"enemies":"Book of Stabbing","floor":25.0,"turns":6.0},{"damage":0.0,"enemies":"Snake Plant","floor":28.0,"turns":4.0},{"damage":0.0,"enemies":"Centurion and Healer","floor":29.0,"turns":7.0},{"damage":32.0,"enemies":"Gremlin Leader","floor":31.0,"turns":9.0},{"damage":32.0,"enemies":"Collector","floor":33.0,"turns":12.0},{"damage":0.0,"enemies":"3 Darklings","floor":35.0,"turns":5.0},{"damage":0.0,"enemies":"Nemesis","floor":40.0,"turns":7.0},{"damage":5.0,"enemies":"Reptomancer","floor":42.0,"turns":7.0},{"damage":15.0,"enemies":"3 Shapes","floor":45.0,"turns":3.0},{"damage":5.0,"enemies":"Spire Growth","floor":47.0,"turns":4.0},{"damage":48,"enemies":"Donu and Deca","floor":50,"turns":9}],"seed_played":"-6020782351486872892","potions_obtained":[{"floor":5.0,"key":"Block Potion"},{"floor":6.0,"key":"Explosive Potion"},{"floor":8.0,"key":"LiquidBronze"},{"floor":21.0,"key":"FearPotion"},{"floor":31.0,"key":"SmokeBomb"},{"floor":33.0,"key":"Regen Potion"},{"floor":40.0,"key":"FearPotion"},{"floor":42.0,"key":"DuplicationPotion"}],"is_trial":false,"path_per_floor":["M","?","M","$","M","E","R","M","T","E","M","?","R","E","R","B",null,"M","$","M","M","?","R","M","E","T","R","M","M","R","E","R","B",null,"M","?","?","T","$","E","R","E","T","R","M","?","M","$","R","B",null],"character_chosen":"IRONCLAD","items_purchased":["Metallicize","Shrug It Off","Membership Card","Shockwave","Body Slam","Bludgeon","Medical Kit"],"campfire_rested":5,"item_purchase_floors":[19,19,39,39,39,48,48],"current_hp_per_floor":[70,70,58,58,60,30,30,32,32,21,22,22,43,29,29,35,63,69,69,72,69,69,69,57,37,37,58,64,70,70,44,65,39,64,70,70,70,70,70,72,72,72,72,72,63,63,64,64,72,54],"gold":63,"neow_bonus":"THREE_RARE_CARDS","is_daily":false,"chose_seed":false,"campfire_upgraded":4,"win_rate":0.0,"timestamp":1612063739,"path_taken":["M","?","M","$","M","E","R","M","T","E","?","?","R","E","R","BOSS","M","?","M","?","?","R","M","E","T","R","?","M","R","E","R","BOSS","M","?","?","?","$","E","R","E","T","R","?","?","M","$","R","BOSS"],"items_purchased_type":["Card","Card","Relic","Card","Card","Card","Relic"],"build_version":"2020-12-22","purchased_purges":4,"victory":true,"max_hp_per_floor":[72,72,72,72,72,72,72,72,72,72,72,72,72,72,72,72,72,72,72,72,72,72,72,72,72,72,72,72,72,72,72,72,72,72,72,72,72,72,72,72,72,72,72,72,72,72,72,72,72,72],"card_choices":[{"not_picked":["Demon Form","Brutality"],"picked":"Limit Break","floor":0.0},{"not_picked":["Armaments","Sever Soul"],"picked":"Pommel Strike","floor":1.0},{"not_picked":["Wild Strike","Rage","Disarm"],"picked":"SKIP","floor":3.0},{"not_picked":["Intimidate","Armaments"],"picked":"Body Slam","floor":5.0},{"not_picked":["Anger","Armaments"],"picked":"Pummel","floor":6.0},{"not_picked":["Pommel Strike","Clothesline"],"picked":"Inflame","floor":8.0},{"not_picked":["Body Slam","Limit Break"],"picked":"Shrug It Off","floor":10.0},{"not_picked":["Flame Barrier","Thunderclap","Clash"],"picked":"SKIP","floor":11.0},{"not_picked":["Rupture","True Grit"],"picked":"Metallicize","floor":14.0},{"not_picked":["Immolate","Reaper"],"picked":"Barricade","floor":16.0},{"not_picked":["Uppercut","Bloodletting"],"picked":"Body Slam","floor":18.0},{"not_picked":["Infernal Blade","Reckless Charge+1"],"picked":"True Grit","floor":20.0},{"not_picked":["Shrug It Off","Flame Barrier"],"picked":"Sword Boomerang","floor":21.0},{"not_picked":["Twin Strike+1","Thunderclap","Flex"],"picked":"SKIP","floor":24.0},{"not_picked":["Intimidate","Second Wind+1","Sword Boomerang"],"picked":"SKIP","floor":25.0},{"not_picked":["Clash+1","Blood for Blood","Ghostly Armor"],"picked":"SKIP","floor":28.0},{"not_picked":["Hemokinesis","Perfected Strike+1","Searing Blow"],"picked":"SKIP","floor":29.0},{"not_picked":["Pommel Strike","True Grit"],"picked":"Evolve","floor":31.0},{"not_picked":["Clothesline+1","Clash"],"picked":"Heavy Blade","floor":35.0},{"not_picked":["Cleave","Dark Embrace"],"picked":"Seeing Red+1","floor":40.0},{"not_picked":["Intimidate","Uppercut+1","True Grit"],"picked":"SKIP","floor":42.0},{"not_picked":["Flame Barrier+1","Body Slam","Iron Wave"],"picked":"SKIP","floor":45.0},{"not_picked":["Evolve+1","Body Slam","Iron Wave"],"picked":"SKIP","floor":47.0}],"player_experience":795967,"relics_obtained":[{"floor":6.0,"key":"Akabeko"},{"floor":9.0,"key":"Omamori"},{"floor":10.0,"key":"Mummified Hand"},{"floor":14.0,"key":"War Paint"},{"floor":25.0,"key":"HornCleat"},{"floor":26.0,"key":"Tiny Chest"},{"floor":31.0,"key":"Toy Ornithopter"},{"floor":38.0,"key":"Pen Nib"},{"floor":40.0,"key":"Centennial Puzzle"},{"floor":42.0,"key":"Vajra"},{"floor":43.0,"key":"Ornamental Fan"}],"event_choices":[{"damage_healed":0.0,"max_hp_gain":0.0,"max_hp_loss":0.0,"gold_gain":0.0,"event_name":"Match and Keep!","player_choice":"3 cards matched","floor":2.0,"gold_loss":0.0,"damage_taken":0.0,"cards_obtained":["Impervious","Shrug It Off","PanicButton"]},{"damage_healed":0.0,"max_hp_gain":0.0,"max_hp_loss":0.0,"gold_gain":0.0,"event_name":"Match and Keep!","player_choice":"3 cards matched","floor":2.0,"gold_loss":0.0,"damage_taken":0.0,"cards_obtained":["Impervious","Shrug It Off","PanicButton"]},{"damage_healed":0.0,"max_hp_gain":0.0,"max_hp_loss":0.0,"gold_gain":0.0,"event_name":"The Woman in Blue","player_choice":"Bought 0 Potions","floor":12.0,"gold_loss":0.0,"damage_taken":0.0},{"damage_healed":0.0,"max_hp_gain":0.0,"max_hp_loss":0.0,"gold_gain":0.0,"event_name":"Match and Keep!","player_choice":"0 cards matched","floor":22.0,"gold_loss":0.0,"damage_taken":0.0,"cards_obtained":[]},{"damage_healed":0.0,"max_hp_gain":0.0,"max_hp_loss":0.0,"gold_gain":0.0,"event_name":"Tomb of Lord Red Mask","player_choice":"Ignored","floor":36.0,"gold_loss":0.0,"damage_taken":0.0},{"damage_healed":0.0,"max_hp_gain":0.0,"max_hp_loss":0.0,"gold_gain":0.0,"event_name":"Mysterious Sphere","player_choice":"Ignored","floor":37.0,"gold_loss":0.0,"damage_taken":0.0},{"damage_healed":0.0,"max_hp_gain":0.0,"max_hp_loss":0.0,"gold_gain":100.0,"event_name":"Golden Shrine","player_choice":"Pray","floor":46.0,"gold_loss":0.0,"damage_taken":0.0}],"is_beta":false,"boss_relics":[{"not_picked":["Cursed Key","Runic Pyramid"],"picked":"Snecko Eye"},{"not_picked":["SacredBark","Tiny House"],"picked":"Fusion Hammer"}],"items_purged_floors":[4,19,39,48],"is_endless":false,"potions_floor_spawned":[5,6,8,10,21,31,33,40,42],"ascension_level":12}}