{"host":"iittsup1ixgwip8e","time":1612077565,"event":{"mods":["A Magickal Journey","Aspiration","BaseMod","Challenge The Spire","Clockwork Mod","Colored Powertips","Conspire","Downfall","Energized Spire","Exacting","GifTheSpireLib","Halation","Hermit","Hubris","Infinite Spire","Mari Mod (Legacy)","Mari\u0027s V1 Patch","Marisa????????","Mimic Mod","Minty Spire (QoL Compilation)","Quick Restart","READ ME - Guardian Mod","Reliquary","Replay The Spire","Shop Mod","Spikes Relics","Spire Arcade","StSLib","Stuff the Spire","The Animator","The Cursed","The Disciple","The Jungle","The Marked","The Runesmith","The Servant 0.9.4","The Valiant","The Vixen"],"gold_per_floor":[133,133,167,178,143,176,176,204,237,237,270,270,270,282,282,378,378,405,416,466,129,79,129,159,206,261,54,80,100,100,131,131,233,233,279,0,14,14,47,47,63,63,95,155,190,190,204,221,221,221,221],"floor_reached":50,"language":"ENG","playtime":5167,"items_purged":[],"score":626,"play_id":"2f9dd1b0-91a7-4c34-a9a6-cc5cb703acc0","local_time":"20210131021925","is_ascension_mode":false,"campfire_choices":[{"floor":10,"key":"REST"},{"floor":13,"key":"REST"},{"floor":15,"key":"RECALL"},{"floor":23,"key":"REST"},{"floor":30,"key":"REST"},{"floor":40,"key":"REST"},{"floor":46,"key":"REST"},{"floor":49,"key":"REST"}],"circlet_count":0,"master_deck":["Strike_R+1","Strike_R","Strike_R","Strike_R","Strike_R","Defend_R","Defend_R","Defend_R","Defend_R","Bash","Reaper","Cleave+1","infinitespire:OneForAll","Headbutt","Cleave","Fire Breathing","Pain","Twin Strike","Flex","Anger","conspire:HitWhereItHurts","StuffTheSpire:RagingBull","Anger","Demon Form","Anger","Thunderclap","CurseOfTheBell","Double Tap+1","Offering","Dual Wield","Inflame","hubris:SharpeningStone+1","Anger","Thunderclap","Flex+1","hubris:StunningStrike","StuffTheSpire:Incineration+1","Clothesline","Twin Strike+1","Whirlwind+1","Intimidate+1","Cleave","Double Tap","Thunderclap","Cleave+1","Cleave+1","Cleave+1","StuffTheSpire:Slingshot+1","Cleave"],"relics":["Burning Blood","Regal Pillow","WarpedTongs","Dream Catcher","ReplayTheSpireMod:Spearhead","conspire:SpecialSausage","hubris:MobiusCoin","Calling Bell","StuffTheSpire:Barrel","aspiration:FrozenJewel","StuffTheSpire:Expresso","MiniBlackHole","InkBottle","Bottled Flame","Oddly Smooth Stone","Red Mask","conspire:GlowingRock","hubris:SphereOfDissonance"],"acts_visited":["Exordium","Exordium","TheBeyond"],"potions_floor_usage":[3,4,12,16,19,19,24,29,33,33,39,45,48,48],"damage_taken":[{"damage":2,"enemies":"Small Slimes","floor":1,"turns":3},{"damage":17,"enemies":"Jaw Worm","floor":3,"turns":2},{"damage":7,"enemies":"2 Louse","floor":4,"turns":2},{"damage":36,"enemies":"Replay:BlueRogue","floor":6,"turns":6},{"damage":9,"enemies":"Gremlin Gang","floor":8,"turns":2},{"damage":6,"enemies":"Red Slaver","floor":9,"turns":6},{"damage":27,"enemies":"Gremlin Nob","floor":11,"turns":4},{"damage":1,"enemies":"Red Slaver","floor":12,"turns":1},{"damage":8,"enemies":"Lots of Slimes","floor":14,"turns":2},{"damage":15,"enemies":"Slime Boss","floor":16,"turns":8},{"damage":16,"enemies":"theJungle:GiantWrat","floor":18,"turns":3},{"damage":0,"enemies":"Shell Parasite","floor":19,"turns":1},{"damage":3,"enemies":"theJungle:Snecko_Cultist_And_Trap","floor":24,"turns":4},{"damage":39,"enemies":"theJungle:Cassacara","floor":25,"turns":5},{"damage":17,"enemies":"theJungle:2_Snecko_Cultists","floor":28,"turns":3},{"damage":4,"enemies":"theJungle:JungleHuntersEncounter","floor":29,"turns":2},{"damage":16,"enemies":"theJungle:MamaSnecko","floor":31,"turns":4},{"damage":75,"enemies":"theJungle:FunGuy","floor":33,"turns":9},{"damage":32,"enemies":"3 Darklings","floor":35,"turns":6},{"damage":41,"enemies":"3 Shapes","floor":37,"turns":4},{"damage":10,"enemies":"3 Darklings","floor":39,"turns":3},{"damage":9,"enemies":"Maw","floor":41,"turns":4},{"damage":29,"enemies":"4 Shapes","floor":43,"turns":5},{"damage":37,"enemies":"4 Shapes","floor":44,"turns":3},{"damage":24,"enemies":"Nemesis","floor":45,"turns":7},{"damage":0,"enemies":"Transient","floor":47,"turns":5},{"damage":2,"enemies":"Jaw Worm Horde","floor":48,"turns":1},{"damage":85,"enemies":"Donu and Deca","floor":50,"turns":4}],"seed_played":"-7323746057730197923","potions_obtained":[{"floor":1,"key":"Explosive Potion"},{"floor":3,"key":"SteroidPotion"},{"floor":8,"key":"SmokeBomb"},{"floor":11,"key":"BlessingOfTheForge"},{"floor":16,"key":"sneckomod:MuddlingPotion"},{"floor":18,"key":"PowerPotion"},{"floor":28,"key":"champ:CounterPotion"},{"floor":29,"key":"BloodPotion"},{"floor":32,"key":"Guardian:BlockOnCardUsePotion"},{"floor":32,"key":"Milkshake"},{"floor":37,"key":"BlessingOfTheForge"},{"floor":45,"key":"Energy Potion"},{"floor":47,"key":"Adrenaline Potion"}],"is_trial":false,"path_per_floor":["M","?","M","M","?","E","?","M","MIM","R","E","M","R","M","R","B",null,"M","M","AVR","$","?","R","M","E","T","$","M","M","R","E","R","B",null,"M","?","M","?","M","R","M","?","MIM","M","E","R","M","M","R","B"],"character_chosen":"IRONCLAD","items_purchased":["PowerPotion","Double Tap","MiniBlackHole","Bottled Flame"],"campfire_rested":7,"item_purchase_floors":[21,21,21,27],"current_hp_per_floor":[80,64,53,70,80,62,62,59,59,80,59,64,80,82,82,82,82,72,78,78,78,78,82,82,49,49,49,38,48,82,72,72,32,82,56,56,41,41,45,82,82,82,59,58,41,80,82,82,82,0,0],"gold":221,"neow_bonus":"ONE_RANDOM_RARE_CARD","is_daily":false,"chose_seed":false,"campfire_upgraded":0,"win_rate":0.0,"timestamp":1612077565,"path_taken":["M","?","M","M","?","E","?","?","MIM","R","E","M","R","M","R","BOSS","M","M","AVR","?","?","R","M","E","T","$","M","M","R","E","R","BOSS","M","?","M","?","M","R","M","?","MIM","M","E","R","?","M","R","BOSS"],"items_purchased_type":["Potion","Card","Relic","Relic"],"build_version":"2020-12-22","purchased_purges":0,"victory":false,"max_hp_per_floor":[80,80,80,80,80,80,80,80,80,80,80,80,80,82,82,82,82,82,82,82,82,82,82,82,82,82,82,82,82,82,82,82,82,82,82,82,82,82,82,82,82,82,82,82,82,82,82,82,82,82,82],"card_choices":[{"not_picked":["Run Through","Pommel Strike"],"picked":"Cleave","floor":1},{"not_picked":["Intimidate","Armaments"],"picked":"infinitespire:OneForAll","floor":1},{"not_picked":["Abandon","Intimidate"],"picked":"Headbutt","floor":3},{"not_picked":["Replay:Undeath\u0027s Touch","Clothesline"],"picked":"Cleave","floor":4},{"not_picked":["Impervious","Headbutt"],"picked":"Fire Breathing","floor":6},{"not_picked":["StuffTheSpire:RockThrow","Sword Boomerang"],"picked":"Twin Strike","floor":8},{"not_picked":["Body Slam","Rupture"],"picked":"Flex","floor":9},{"not_picked":["Dark Embrace","Sword Boomerang"],"picked":"Anger","floor":10},{"not_picked":["Pummel","Havoc"],"picked":"conspire:HitWhereItHurts","floor":11},{"not_picked":["Flex","Iron Wave"],"picked":"StuffTheSpire:RagingBull","floor":13},{"not_picked":["Searing Blow","Feel No Pain"],"picked":"Anger","floor":14},{"not_picked":["hubris:StunningStrike","Juggernaut"],"picked":"Demon Form","floor":16},{"not_picked":["Iron Wave","hubris:CleavingFinish+1"],"picked":"Anger","floor":18},{"not_picked":["Sword Boomerang","Blood for Blood"],"picked":"Thunderclap","floor":19},{"not_picked":["Body Slam","Warcry"],"picked":"Offering","floor":23},{"not_picked":["StuffTheSpire:BloodClot","ReplayTheSpireMod:LeadingStrike+1"],"picked":"Dual Wield","floor":24},{"not_picked":["Iron Wave","StuffTheSpire:RockThrow"],"picked":"Inflame","floor":25},{"not_picked":["Dark Embrace","Ghostly Armor"],"picked":"hubris:SharpeningStone+1","floor":28},{"not_picked":["Headbutt","Twin Strike"],"picked":"Anger","floor":29},{"not_picked":["Iron Wave","Disarm"],"picked":"Thunderclap","floor":30},{"not_picked":["Hemogenesis","Perfected Strike+1"],"picked":"Flex+1","floor":31},{"not_picked":["Offering","Replay:Many Hands"],"picked":"hubris:StunningStrike","floor":33},{"not_picked":["Headbutt","Reckless Charge"],"picked":"StuffTheSpire:Incineration+1","floor":35},{"not_picked":["Metallicize+1","Body Slam"],"picked":"Clothesline","floor":35},{"not_picked":["Body Slam","True Grit+1"],"picked":"Twin Strike+1","floor":37},{"not_picked":["Twin Strike","Body Slam+1"],"picked":"Whirlwind+1","floor":39},{"not_picked":["Twin Strike+1","StuffTheSpire:BloodClot"],"picked":"Intimidate+1","floor":40},{"not_picked":["StuffTheSpire:RockThrow","Pummel+1"],"picked":"Cleave","floor":41},{"not_picked":["Sword Boomerang","Carnage+1"],"picked":"Double Tap","floor":43},{"not_picked":["Havoc+1","Warcry"],"picked":"Thunderclap","floor":44},{"not_picked":["BarbarianYell+1","Feel No Pain+1"],"picked":"Cleave+1","floor":45},{"not_picked":["Replay:Undeath\u0027s Touch+1","ReplayTheSpireMod:Corrosion Curse"],"picked":"Cleave+1","floor":46},{"not_picked":["Wild Strike+1","StuffTheSpire:RockThrow"],"picked":"Cleave+1","floor":47},{"not_picked":["ReplayTheSpireMod:Corrosion Curse+1","Blood for Blood+1"],"picked":"StuffTheSpire:Slingshot+1","floor":48},{"not_picked":["Rupture","Pummel"],"picked":"Cleave","floor":49}],"player_experience":132715,"relics_obtained":[{"floor":6,"key":"Regal Pillow"},{"floor":9,"key":"Dream Catcher"},{"floor":11,"key":"ReplayTheSpireMod:Spearhead"},{"floor":20,"key":"StuffTheSpire:Barrel"},{"floor":20,"key":"aspiration:FrozenJewel"},{"floor":20,"key":"StuffTheSpire:Expresso"},{"floor":25,"key":"InkBottle"},{"floor":31,"key":"Oddly Smooth Stone"},{"floor":43,"key":"conspire:GlowingRock"},{"floor":45,"key":"hubris:SphereOfDissonance"}],"event_choices":[{"damage_healed":0,"gold_gain":0,"player_choice":"Entered Light","damage_taken":16,"max_hp_gain":0,"max_hp_loss":0,"event_name":"Shining Light","floor":2,"gold_loss":0,"cards_upgraded":["Strike_R","Cleave"]},{"damage_healed":20,"gold_gain":0,"player_choice":"Healed","damage_taken":0,"max_hp_gain":0,"max_hp_loss":0,"event_name":"The Cleric","floor":5,"gold_loss":35},{"damage_healed":0,"gold_gain":0,"player_choice":"Rummage","damage_taken":0,"relics_obtained":["WarpedTongs"],"max_hp_gain":0,"max_hp_loss":0,"event_name":"Accursed Blacksmith","floor":7,"gold_loss":0,"cards_obtained":["Pain"]},{"damage_healed":0,"gold_gain":0,"player_choice":"Paid","damage_taken":0,"relics_obtained":["Red Mask"],"max_hp_gain":0,"max_hp_loss":0,"event_name":"Tomb of Lord Red Mask","floor":36,"gold_loss":279}],"is_beta":false,"boss_relics":[{"not_picked":["halation:Yufonium","Ring of Chaos"],"picked":"conspire:SpecialSausage"},{"not_picked":["Cursed Key","hubris:GrandSneckoEye","energizedSpire:TabascoSauce"]}],"items_purged_floors":[],"is_endless":false,"potions_floor_spawned":[1,3,8,11,12,16,18,28,29,37,45,47],"killed_by":"Donu and Deca","ascension_level":0}}