{"host":"axuns55dzq466eei","time":1612085659,"event":{"mods":["BaseMod","Colored Map","Keyboard Shortcuts","Minty Spire (QoL Compilation)","StSLib","SuperFastMode"],"gold_per_floor":[116,26,26,44,44,79,79,94,94,113,113,113,38,49,49,49,49],"floor_reached":16,"language":"KOR","playtime":276,"items_purged":["Strike_R"],"score":250,"play_id":"c6fe3459-8a5a-4d83-9251-8eed47fd451b","local_time":"20210131183419","is_ascension_mode":true,"campfire_choices":[{"data":"True Grit","floor":7,"key":"SMITH"},{"floor":11,"key":"REST"},{"data":"Bash","floor":15,"key":"SMITH"}],"circlet_count":0,"master_deck":["AscendersBane","Strike_R","Strike_R","Strike_R","Strike_R","Defend_R","Defend_R","Defend_R","Bash+1","Power Through","Dark Embrace","Feel No Pain","True Grit+1","Entrench","Shrug It Off"],"relics":["Burning Blood","NeowsBlessing","White Beast Statue","MealTicket","Eternal Feather"],"acts_visited":["Exordium"],"potions_floor_usage":[10,16,16],"damage_taken":[{"damage":0,"enemies":"Cultist","floor":1,"turns":1},{"damage":0,"enemies":"Small Slimes","floor":4,"turns":1},{"damage":0,"enemies":"Gremlin Nob","floor":6,"turns":1},{"damage":27,"enemies":"Jaw Worm","floor":8,"turns":7},{"damage":28,"enemies":"Large Slime","floor":10,"turns":14},{"damage":31,"enemies":"2 Fungi Beasts","floor":14,"turns":8},{"damage":40,"enemies":"Hexaghost","floor":16,"turns":9}],"seed_played":"-1484679771963750166","potions_obtained":[{"floor":1,"key":"DistilledChaos"},{"floor":6,"key":"BlessingOfTheForge"},{"floor":8,"key":"Block Potion"},{"floor":10,"key":"Energy Potion"}],"is_trial":false,"path_per_floor":["M","$","?","M","?","E","R","M","T","M","R","?","$","M","R","B"],"character_chosen":"IRONCLAD","items_purchased":["Dark Embrace"],"campfire_rested":1,"item_purchase_floors":[2],"current_hp_per_floor":[74,74,67,73,47,53,53,32,32,10,41,41,56,31,40,0,0],"gold":49,"neow_bonus":"THREE_ENEMY_KILL","is_daily":false,"chose_seed":false,"campfire_upgraded":2,"win_rate":0.0,"timestamp":1612085659,"path_taken":["M","$","?","M","?","E","R","?","T","M","R","?","$","M","R","BOSS"],"items_purchased_type":["Card"],"build_version":"2020-12-22","purchased_purges":1,"victory":false,"max_hp_per_floor":[75,75,75,75,75,75,75,75,75,75,75,75,75,75,75,75,75],"card_choices":[{"not_picked":["Combust","Headbutt"],"picked":"Power Through","floor":1},{"not_picked":["Anger","Shockwave"],"picked":"Feel No Pain","floor":4},{"not_picked":["Bludgeon","Infernal Blade"],"picked":"True Grit","floor":6},{"not_picked":["Flex","Reckless Charge"],"picked":"Entrench","floor":8},{"not_picked":["True Grit","Heavy Blade","Clothesline"],"picked":"SKIP","floor":10},{"not_picked":["Rage","Sword Boomerang"],"picked":"Shrug It Off","floor":14}],"player_experience":1100306,"relics_obtained":[{"floor":6,"key":"MealTicket"},{"floor":9,"key":"Eternal Feather"}],"event_choices":[{"cards_removed":["Defend_R"],"damage_healed":0,"gold_gain":0,"player_choice":"Card Removal","damage_taken":7,"max_hp_gain":0,"max_hp_loss":0,"event_name":"Golden Wing","floor":3,"gold_loss":0},{"damage_healed":0,"gold_gain":0,"player_choice":"Success","damage_taken":26,"relics_obtained":["White Beast Statue"],"max_hp_gain":0,"max_hp_loss":0,"event_name":"Scrap Ooze","floor":5,"gold_loss":0},{"damage_healed":0,"gold_gain":0,"player_choice":"Ignored","damage_taken":0,"max_hp_gain":0,"max_hp_loss":0,"event_name":"Golden Idol","floor":12,"gold_loss":0}],"is_beta":false,"boss_relics":[],"items_purged_floors":[13],"is_endless":false,"potions_floor_spawned":[1,6,8,10,14],"killed_by":"Hexaghost","ascension_level":20}}