{"host":"f1ywytio1xmbwkwz","time":1612079386,"event":{"mods":["BaseMod","Downfall","Minty Spire (QoL Compilation)","Relic Stats","StSLib"],"gold_per_floor":[99,109,129,146,146,46,46,46,76,87,117,117,117,142,159,263,263,263,273,273,11,24,24,24,24,24,58,71,83,101,134,147,246,246,146,157,177,177,227,260,260,291,11,11,50,50,5,5,30,30,30,30],"floor_reached":50,"language":"ENG","playtime":2506,"items_purged":[],"score":803,"play_id":"b45cb35b-f9e4-4ed5-acc0-be0b9dbff0b2","local_time":"20210131004946","is_ascension_mode":false,"campfire_choices":[{"floor":1,"key":"RECALL"},{"data":"Guardian:TwinSlam","floor":6,"key":"SMITH"},{"data":"Guardian:TemporalStrike","floor":13,"key":"SMITH"},{"data":"Guardian:TimeSifter","floor":18,"key":"SMITH"},{"data":"Guardian:SpikerProtocol","floor":23,"key":"SMITH"},{"floor":35,"key":"REST"},{"floor":44,"key":"REST"},{"floor":46,"key":"REST"}],"circlet_count":0,"master_deck":["Guardian:Strike_Guardian+1","Guardian:Strike_Guardian","Guardian:Strike_Guardian","Guardian:Strike_Guardian+1","Guardian:Defend_Guardian","Guardian:Defend_Guardian","Guardian:Defend_Guardian","Guardian:Defend_Guardian","Guardian:CurlUp","Guardian:TwinSlam+1","Guardian:RollAttack","Guardian:TemporalStrike+1","Guardian:ArmoredProtocol","Guardian:ChargeCore+1","Guardian:BronzeOrb+1","Guardian:TwinSlam+1","Guardian:BronzeOrb","Guardian:TimeSifter+1","Guardian:SpikerProtocol+1","Dramatic Entrance","Guardian:DonusPower+1","Guardian:Reroute+1","Guardian:RollAttack","Guardian:SentryBeam","Guardian:ChargeCore","Guardian:TimeSifter","Guardian:DonusPower+1","Guardian:TimeCapacitor+1","Guardian:TemporalShield","expansioncontent:Hexaburn","Guardian:SphericShield","Guardian:ShieldSpikes+1","Guardian:BodySlam","expansioncontent:Hexaburn","Guardian:BronzeOrb+1"],"relics":["Guardian:ModeShifterPlus","Orichalcum","downfall:HeartBlessingRed","Tiny Chest","Smiling Mask","Peace Pipe","MealTicket","Whetstone","Letter Opener","Strawberry","Bag of Marbles","Bronze Scales","Fusion Hammer","downfall:HeartBlessingGreen","Dead Branch","Shuriken","Akabeko","CeramicFish","White Beast Statue","Pantograph","Prayer Wheel"],"acts_visited":["Exordium","TheCity","TheBeyond"],"potions_floor_usage":[9,11,11,16,16,31,33,33,33,43,50,50,50],"damage_taken":[{"damage":0,"enemies":"Small Slimes","floor":2,"turns":5},{"damage":6,"enemies":"Jaw Worm","floor":3,"turns":4},{"damage":0,"enemies":"Cultist","floor":4,"turns":4},{"damage":13,"enemies":"Lagavulin","floor":9,"turns":7},{"damage":7,"enemies":"3 Louse","floor":10,"turns":3},{"damage":0,"enemies":"Gremlin Nob","floor":11,"turns":4},{"damage":8,"enemies":"Red Slaver","floor":15,"turns":2},{"damage":18,"enemies":"WA_ARCHETYPE_RETAIN","floor":16,"turns":6},{"damage":0,"enemies":"Shell Parasite","floor":19,"turns":4},{"damage":0,"enemies":"downfall:FleeingMerchant","floor":21,"turns":4},{"damage":0,"enemies":"Cultist and Chosen","floor":22,"turns":6},{"damage":0,"enemies":"Gremlin Leader","floor":27,"turns":4},{"damage":0,"enemies":"Centurion and Healer","floor":28,"turns":4},{"damage":0,"enemies":"3 Cultists","floor":29,"turns":4},{"damage":0,"enemies":"Shelled Parasite and Fungi","floor":30,"turns":3},{"damage":0,"enemies":"Slavers","floor":31,"turns":2},{"damage":0,"enemies":"Cultist and Chosen","floor":32,"turns":4},{"damage":13,"enemies":"DF_ARCHETYPE_CLAW","floor":33,"turns":7},{"damage":3,"enemies":"3 Darklings","floor":36,"turns":2},{"damage":0,"enemies":"Orb Walker","floor":37,"turns":3},{"damage":6,"enemies":"Orb Walker","floor":39,"turns":6},{"damage":0,"enemies":"Nemesis","floor":40,"turns":7},{"damage":39,"enemies":"Giant Head","floor":42,"turns":8},{"damage":0,"enemies":"downfall:FleeingMerchant","floor":43,"turns":4},{"damage":0,"enemies":"Reptomancer","floor":45,"turns":4},{"damage":0,"enemies":"downfall:FleeingMerchant","floor":47,"turns":2},{"damage":0,"enemies":"Writhing Mass","floor":49,"turns":3},{"damage":131,"enemies":"SI_POISON_ARCHETYPE","floor":50,"turns":5}],"seed_played":"2736628919718978755","potions_obtained":[{"floor":2,"key":"LiquidBronze"},{"floor":8,"key":"Energy Potion"},{"floor":8,"key":"Guardian:BlockOnCardUsePotion"},{"floor":9,"key":"DuplicationPotion"},{"floor":10,"key":"Regen Potion"},{"floor":15,"key":"Strength Potion"},{"floor":19,"key":"LiquidMemories"},{"floor":27,"key":"Dexterity Potion"},{"floor":28,"key":"Weak Potion"},{"floor":31,"key":"PowerPotion"},{"floor":37,"key":"Ancient Potion"},{"floor":40,"key":"AttackPotion"},{"floor":47,"key":"sneckomod:MuddlingPotion"},{"floor":49,"key":"Block Potion"}],"is_trial":false,"path_per_floor":["R","M","M","M","?","R","T","?","E","M","E","?","R","T","M","B",null,"R","M","?","$","M","R","T","?","T","E","M","M","M","E","M","B",null,"R","M","M","?","?","E","T","E","$","R","E","R","$","T","M","B"],"character_chosen":"GUARDIAN","items_purchased":["Whetstone","Dramatic Entrance","expansioncontent:Hexaburn","ColorlessPotion","Guardian:SphericShield","Guardian:BodySlam","expansioncontent:Hexaburn","Pantograph"],"campfire_rested":3,"item_purchase_floors":[21,21,43,43,43,47,47,47],"current_hp_per_floor":[88,88,82,82,82,82,82,82,69,62,74,74,74,74,66,48,88,88,88,80,88,88,88,88,88,95,95,95,95,95,95,95,82,95,95,92,92,92,86,86,86,47,62,90,90,95,95,95,95,0,0,0],"gold":30,"neow_bonus":"TEN_PERCENT_HP_BONUS","is_daily":false,"chose_seed":false,"campfire_upgraded":4,"win_rate":0.0,"timestamp":1612079386,"path_taken":["R","M","M","M","?","R","T","?","E","?","E","?","R","?","M","BOSS","R","M","?","$","?","R","T","?","?","E","M","M","M","E","M","BOSS","R","M","M","?","?","E","T","E","$","R","E","R","?","?","M","BOSS"],"items_purchased_type":["Relic","Card","Card","Potion","Card","Card","Card","Relic"],"build_version":"2020-12-22","purchased_purges":0,"victory":false,"max_hp_per_floor":[88,88,88,88,88,88,88,88,88,88,88,88,88,88,88,88,88,88,88,88,88,88,88,88,88,95,95,95,95,95,95,95,95,95,95,95,95,95,95,95,95,95,95,95,95,95,95,95,95,95,95,95],"relic_stats":{"counters":[28,121],"Dead Branch":[65],"CeramicFish":72,"Whetstone":["Guardian:Strike_Guardian","Guardian:Strike_Guardian"],"Letter Opener":[41],"Orichalcum":[36],"Smiling Mask":0,"Peace Pipe":1,"Shuriken":[18],"Bronze Scales":[149],"Pantograph":0,"Tiny Chest":3,"MealTicket":23,"Prayer Wheel":1,"obtain_stats":[{"downfall:HeartBlessingRed":6,"Guardian:ModeShifterPlus":17,"Dead Branch":39,"CeramicFish":42,"Guardian:ModeShifter":0,"downfall:HeartBlessingGreen":35,"Whetstone":21,"Letter Opener":24,"Orichalcum":5,"Smiling Mask":9,"Akabeko":41,"White Beast Statue":45,"Peace Pipe":11,"Shuriken":40,"Strawberry":26,"Bronze Scales":31,"Pantograph":47,"Tiny Chest":7,"MealTicket":14,"Prayer Wheel":48,"Fusion Hammer":34,"Bag of Marbles":27},{"downfall:HeartBlessingRed":3,"Guardian:ModeShifterPlus":8,"Dead Branch":21,"CeramicFish":23,"Guardian:ModeShifter":0,"downfall:HeartBlessingGreen":18,"Whetstone":10,"Letter Opener":11,"Orichalcum":3,"Smiling Mask":4,"Akabeko":22,"White Beast Statue":25,"Peace Pipe":6,"Shuriken":22,"Strawberry":11,"Bronze Scales":16,"Pantograph":26,"Tiny Chest":3,"MealTicket":6,"Prayer Wheel":26,"Fusion Hammer":18,"Bag of Marbles":12},{"downfall:HeartBlessingRed":13,"Guardian:ModeShifterPlus":35,"Dead Branch":88,"CeramicFish":103,"Guardian:ModeShifter":0,"downfall:HeartBlessingGreen":77,"Whetstone":43,"Letter Opener":49,"Orichalcum":13,"Smiling Mask":20,"Akabeko":95,"White Beast Statue":111,"Peace Pipe":27,"Shuriken":95,"Strawberry":49,"Bronze Scales":66,"Pantograph":113,"Tiny Chest":13,"MealTicket":27,"Prayer Wheel":113,"Fusion Hammer":77,"Bag of Marbles":53}]},"card_choices":[{"not_picked":["Guardian:TemporalStrike","Guardian:Suspension"],"picked":"Guardian:RollAttack","floor":2},{"not_picked":["Guardian:CrystalBeam","Guardian:RefractedBeam"],"picked":"Guardian:TemporalStrike","floor":3},{"not_picked":["Guardian:PrimingBeam","Guardian:BronzeArmor"],"picked":"Guardian:Gem_Red","floor":4},{"not_picked":["Guardian:MultiBeam","Guardian:RollAttack"],"picked":"Guardian:ArmoredProtocol","floor":9},{"not_picked":["Guardian:EvasiveProtocol","Guardian:SentryBeam"],"picked":"Guardian:ChargeCore","floor":10},{"not_picked":["Guardian:ExploitGems","Guardian:Emergency"],"picked":"Guardian:BronzeOrb","floor":11},{"not_picked":["Guardian:Suspension","Guardian:CrystalBeam"],"picked":"Guardian:BronzeOrb","floor":15},{"not_picked":["Guardian:ExploitGems","Guardian:StasisStrike"],"picked":"Guardian:TimeSifter","floor":16},{"not_picked":["Guardian:PrimingBeam","Guardian:Gem_Crimson"],"picked":"Guardian:Gem_Red","floor":19},{"not_picked":["Guardian:FloatingOrbs","Guardian:VentSteam+1"],"picked":"Guardian:SpikerProtocol","floor":21},{"not_picked":["Guardian:Clone","Guardian:ChargeCore"],"picked":"Guardian:DonusPower+1","floor":22},{"not_picked":["Guardian:PrimingBeam","Guardian:PrismaticBarrier"],"picked":"Guardian:Reroute+1","floor":27},{"not_picked":["Guardian:Gem_Lightblue","Guardian:ChargeCore"],"picked":"Guardian:Gem_Fragmented","floor":28},{"not_picked":["Guardian:StasisField","Guardian:DecasProtection"],"picked":"Guardian:Gem_Red","floor":29},{"not_picked":["Guardian:Clone","Guardian:CrystalBeam"],"picked":"Guardian:RollAttack","floor":30},{"not_picked":["Guardian:Gem_Yellow","Guardian:TemporalShield"],"picked":"Guardian:SentryBeam","floor":31},{"not_picked":["Guardian:BronzeArmor+1","Guardian:Repulse"],"picked":"Guardian:ChargeCore","floor":32},{"not_picked":["Guardian:BaubleBeam","Guardian:SphericShield"],"picked":"Guardian:TimeSifter","floor":33},{"not_picked":["Guardian:Repulse+1","Guardian:RollAttack+1"],"picked":"Guardian:DonusPower+1","floor":36},{"not_picked":["Guardian:TemporalStrike","Guardian:ChargeCore"],"picked":"Guardian:Gem_Green","floor":37},{"not_picked":["Guardian:ChargeCore+1","Guardian:VentSteam"],"picked":"Guardian:TimeCapacitor+1","floor":39},{"not_picked":["Guardian:Incinerate","Guardian:Recover+1"],"picked":"Guardian:TemporalShield","floor":40},{"not_picked":["Guardian:EvasiveProtocol","Guardian:Repulse+1","Guardian:MultiBeam"],"picked":"SKIP","floor":42},{"not_picked":["Guardian:MultiBeam+1","Guardian:ChargeCore+1"],"picked":"Guardian:Gem_Blue","floor":43},{"not_picked":["Guardian:Incinerate","Guardian:Suspension"],"picked":"Guardian:Gem_Red","floor":45},{"not_picked":["Guardian:Gem_Lightblue","Guardian:ChargeCore"],"picked":"Guardian:ShieldSpikes+1","floor":47},{"not_picked":["Guardian:Planning","Guardian:BodySlam"],"picked":"Guardian:BronzeOrb+1","floor":49},{"not_picked":["Guardian:EvasiveProtocol","Guardian:Clone","Guardian:Gem_Blue"],"picked":"SKIP","floor":49}],"player_experience":301444,"relics_obtained":[{"floor":7,"key":"Tiny Chest"},{"floor":9,"key":"Smiling Mask"},{"floor":11,"key":"Peace Pipe"},{"floor":14,"key":"MealTicket"},{"floor":24,"key":"Letter Opener"},{"floor":26,"key":"Strawberry"},{"floor":27,"key":"Bag of Marbles"},{"floor":31,"key":"Bronze Scales"},{"floor":39,"key":"Dead Branch"},{"floor":40,"key":"Shuriken"},{"floor":41,"key":"Akabeko"},{"floor":42,"key":"CeramicFish"},{"floor":45,"key":"White Beast Statue"},{"floor":48,"key":"Prayer Wheel"}],"event_choices":[{"damage_healed":0,"gold_gain":0,"player_choice":"Got Potions","damage_taken":0,"max_hp_gain":0,"max_hp_loss":0,"event_name":"Lab","floor":8,"gold_loss":0}],"is_beta":false,"boss_relics":[{"not_picked":["Empty Cage","Astrolabe"],"picked":"Guardian:ModeShifterPlus"},{"not_picked":["Pandora\u0027s Box","Runic Pyramid"],"picked":"Fusion Hammer"}],"items_purged_floors":[],"is_endless":false,"potions_floor_spawned":[2,9,10,15,19,27,28,31,37,40,47,49],"killed_by":"SI_POISON_ARCHETYPE","ascension_level":0}}