{"host":"d5i1qeb9dejicw1z","time":1612123909,"event":{"mods":["AchievementEnabler","BaseMod","Better Note","BetterRewards","Evolution","Gold Saver","Minty Spire (QoL Compilation)","Permanent Neow","Relic Filter Mod","Reliquary","StSLib"],"gold_per_floor":[767,767,781,546,546,571,404,436,463,493,493,140,153,216,216,290,340,359,369,369,387,139,139,154,154,154,154,171,3,21,53,53,124,124,138,138,13,13,30,30,30,40,67,67,85,85,32,47,47,47],"floor_reached":51,"language":"ENG","playtime":1617,"items_purged":["Defend_B","Compile Driver","Compile Driver"],"score":1565,"play_id":"a3fbe655-abc2-4791-878a-ea82a320fefe","local_time":"20210131121149","is_ascension_mode":true,"campfire_choices":[{"data":"Electrodynamics","floor":11,"key":"SMITH"},{"data":"Capacitor","floor":15,"key":"SMITH"},{"floor":23,"key":"REST"},{"data":"Echo Form","floor":25,"key":"SMITH"},{"floor":32,"key":"REST"},{"floor":40,"key":"REST"},{"floor":44,"key":"REST"},{"data":"Defragment","floor":46,"key":"SMITH"},{"floor":49,"key":"REST"}],"circlet_count":0,"master_deck":["AscendersBane","Compile Driver","Conserve Battery+1","Conserve Battery","Defend_B+1","Zap+1","Dualcast+1","Loop","Electrodynamics+1","Capacitor+1","Conserve Battery","Leap","Echo Form+1","Loop+1","Defragment+1","Leap","Ball Lightning+1","Seek+1","Chill"],"relics":["Cracked Core","EVO:Axolotl","NeowsBlessing","War Paint","reliquary:ExpiredCoupon","ClockworkSouvenir","reliquary:Aerogel","Lantern","Meat on the Bone","Torii","Tiny House","Singing Bowl","FaceOfCleric","Orrery","reliquary:RedPaperclip","reliquary:Conveyor"],"acts_visited":["Exordium","TheCity","TheBeyond"],"potions_floor_usage":[8,14,14,16,16,18,19,19,28,31,33,48,50],"damage_taken":[{"damage":0,"enemies":"Jaw Worm","floor":1,"turns":1},{"damage":0,"enemies":"Cultist","floor":3,"turns":1},{"damage":0,"enemies":"3 Sentries","floor":6,"turns":1},{"damage":4,"enemies":"Gremlin Nob","floor":8,"turns":3},{"damage":0,"enemies":"3 Sentries","floor":10,"turns":2},{"damage":0,"enemies":"2 Louse","floor":13,"turns":1},{"damage":0,"enemies":"3 Sentries","floor":14,"turns":1},{"damage":0,"enemies":"Slime Boss","floor":16,"turns":5},{"damage":21,"enemies":"Shell Parasite","floor":18,"turns":4},{"damage":0,"enemies":"3 Byrds","floor":19,"turns":2},{"damage":33,"enemies":"Snake Plant","floor":21,"turns":3},{"damage":1,"enemies":"3 Cultists","floor":24,"turns":3},{"damage":0,"enemies":"Cultist and Chosen","floor":28,"turns":3},{"damage":23,"enemies":"Snake Plant","floor":30,"turns":4},{"damage":0,"enemies":"Slavers","floor":31,"turns":2},{"damage":14,"enemies":"Collector","floor":33,"turns":7},{"damage":21,"enemies":"3 Shapes","floor":35,"turns":4},{"damage":33,"enemies":"3 Darklings","floor":39,"turns":3},{"damage":19,"enemies":"4 Shapes","floor":42,"turns":2},{"damage":8,"enemies":"Maw","floor":45,"turns":6},{"damage":15,"enemies":"Transient","floor":48,"turns":6},{"damage":54,"enemies":"Donu and Deca","floor":50,"turns":6}],"seed_played":"-4830836009317083708","potions_obtained":[{"floor":3,"key":"BlessingOfTheForge"},{"floor":8,"key":"FearPotion"},{"floor":13,"key":"Swift Potion"},{"floor":14,"key":"EntropicBrew"},{"floor":17,"key":"PowerPotion"},{"floor":18,"key":"EntropicBrew"},{"floor":24,"key":"Weak Potion"},{"floor":30,"key":"DistilledChaos"},{"floor":35,"key":"Swift Potion"},{"floor":48,"key":"Fire Potion"}],"is_trial":false,"path_per_floor":["M","?","M","$","?","E","$","E","T","E","R","$","M","?","R","B",null,"M","M","?","M","$","R","M","R","T","?","M","$","M","E","R","B",null,"M","?","$","?","M","R","?","M","T","R","M","R","$","M","R","B",null],"character_chosen":"DEFECT","items_purchased":["War Paint","ClockworkSouvenir","Torii","Capacitor","Defragment","Ball Lightning","Orrery","Energy Potion"],"campfire_rested":5,"item_purchase_floors":[4,7,12,12,22,22,29,47],"current_hp_per_floor":[64,64,64,64,69,69,69,65,65,65,65,65,65,65,65,65,78,57,57,57,36,36,60,59,59,59,59,62,70,50,51,79,66,89,69,69,69,69,51,81,81,65,65,94,89,89,89,77,105,64],"gold":47,"neow_bonus":"THREE_ENEMY_KILL","is_daily":false,"chose_seed":false,"campfire_upgraded":4,"win_rate":0.0,"timestamp":1612123909,"path_taken":["M","?","?","$","?","E","$","E","T","E","R","?","?","?","R","BOSS","M","M","?","M","$","R","M","R","T","?","?","?","?","E","R","BOSS","M","?","$","?","?","R","?","M","T","R","M","R","?","M","R","BOSS"],"items_purchased_type":["Relic","Relic","Relic","Card","Card","Card","Relic","Potion"],"build_version":"2020-12-22","purchased_purges":3,"victory":true,"max_hp_per_floor":[71,71,71,71,76,76,76,76,76,76,76,76,76,76,76,76,81,81,81,81,81,81,81,81,81,81,81,84,92,95,96,96,97,97,98,98,98,98,101,101,96,99,99,99,102,102,102,105,105,106],"card_choices":[{"not_picked":["Leap","Hello World"],"picked":"Loop","floor":1},{"not_picked":["Compile Driver","Barrage","Go for the Eyes"],"picked":"SKIP","floor":3},{"not_picked":["Skim","Undo","Compile Driver"],"picked":"SKIP","floor":6},{"not_picked":["Conserve Battery","Defragment"],"picked":"Electrodynamics","floor":8},{"not_picked":["Streamline","Doom and Gloom","Recycle"],"picked":"SKIP","floor":10},{"not_picked":["Stack","Chaos"],"picked":"Conserve Battery","floor":13},{"not_picked":["Redo","Cold Snap"],"picked":"Leap","floor":14},{"not_picked":["Creative AI","All For One"],"picked":"Echo Form","floor":16},{"not_picked":["Rebound","Redo","Gash"],"picked":"SKIP","floor":18},{"not_picked":["Go for the Eyes","Stack","Doom and Gloom"],"picked":"SKIP","floor":19},{"not_picked":["Blizzard+1","Coolheaded"],"picked":"Loop+1","floor":21},{"not_picked":["Steam","Barrage+1","Beam Cell+1"],"picked":"SKIP","floor":24},{"not_picked":["Turbo","Coolheaded","Sweeping Beam"],"picked":"Singing Bowl","floor":28},{"not_picked":["Go for the Eyes","Blizzard"],"picked":"Leap","floor":29},{"not_picked":["Storm","Steam","Rip and Tear"],"picked":"Singing Bowl","floor":29},{"not_picked":["Turbo","Multi-Cast","Compile Driver"],"picked":"Singing Bowl","floor":29},{"not_picked":["Multi-Cast","Steam Power","Compile Driver"],"picked":"Singing Bowl","floor":29},{"not_picked":["Heatsinks","BootSequence","White Noise"],"picked":"Singing Bowl","floor":29},{"not_picked":["Rebound","Aggregate","Go for the Eyes"],"picked":"Singing Bowl","floor":30},{"not_picked":["Rip and Tear","Streamline"],"picked":"Ball Lightning+1","floor":31},{"not_picked":["Electrodynamics","Rainbow+1"],"picked":"Seek+1","floor":33},{"not_picked":["Coolheaded","Redo"],"picked":"Chill","floor":35},{"not_picked":["Stack","Streamline+1","Gash"],"picked":"Singing Bowl","floor":39},{"not_picked":["Go for the Eyes","Steam Power","Consume"],"picked":"Singing Bowl","floor":42},{"not_picked":["Beam Cell","Steam","Recycle"],"picked":"Singing Bowl","floor":45},{"not_picked":["Steam+1","Conserve Battery","Redo+1"],"picked":"Singing Bowl","floor":48}],"player_experience":1198966,"relics_obtained":[{"floor":6,"key":"reliquary:ExpiredCoupon"},{"floor":8,"key":"reliquary:Aerogel"},{"floor":9,"key":"Lantern"},{"floor":10,"key":"Meat on the Bone"},{"floor":14,"key":"StrikeDummy"},{"floor":26,"key":"Singing Bowl"},{"floor":31,"key":"Toxic Egg 2"},{"floor":43,"key":"reliquary:FerryPass"},{"floor":45,"key":"reliquary:Conveyor"}],"event_choices":[{"damage_healed":0,"gold_gain":0,"player_choice":"Upgraded","damage_taken":0,"max_hp_gain":0,"max_hp_loss":0,"event_name":"Upgrade Shrine","floor":2,"gold_loss":0,"cards_upgraded":["Zap"]},{"damage_healed":0,"gold_gain":0,"player_choice":"Donut","damage_taken":0,"max_hp_gain":5,"max_hp_loss":0,"event_name":"Big Fish","floor":5,"gold_loss":0},{"damage_healed":0,"gold_gain":0,"player_choice":"Searched \u00272\u0027 times","damage_taken":0,"max_hp_gain":0,"max_hp_loss":0,"event_name":"Dead Adventurer","floor":14,"gold_loss":0},{"cards_removed":["Compile Driver"],"damage_healed":0,"gold_gain":0,"player_choice":"Card Removal","damage_taken":0,"max_hp_gain":0,"max_hp_loss":0,"event_name":"Wheel of Change","floor":20,"gold_loss":0},{"damage_healed":0,"gold_gain":0,"player_choice":"Trade","damage_taken":0,"relics_obtained":["FaceOfCleric"],"max_hp_gain":0,"max_hp_loss":0,"event_name":"FaceTrader","floor":27,"gold_loss":0},{"cards_removed":["Ball Lightning"],"damage_healed":0,"gold_gain":0,"player_choice":"Removed Attack","damage_taken":0,"max_hp_gain":0,"max_hp_loss":0,"event_name":"Falling","floor":36,"gold_loss":0},{"cards_removed":["Electrodynamics"],"damage_healed":0,"gold_gain":0,"player_choice":"Give","damage_taken":0,"max_hp_gain":0,"max_hp_loss":0,"event_name":"betterNote:BetterNote","floor":38,"gold_loss":0,"cards_obtained":["None"]},{"damage_healed":0,"gold_gain":0,"player_choice":"Max HP","damage_taken":0,"max_hp_gain":0,"max_hp_loss":5,"event_name":"Winding Halls","floor":41,"gold_loss":0}],"is_beta":false,"boss_relics":[{"not_picked":["Empty Cage","Inserter"],"picked":"Tiny House"},{"not_picked":["SacredBark","Philosopher\u0027s Stone"],"picked":"reliquary:RedPaperclip"}],"items_purged_floors":[4,22,37],"is_endless":false,"potions_floor_spawned":[3,8,13,14,18,24,30,35,48],"ascension_level":18}}