{"host":"3498uni0c31c9bdm","time":1612125176,"event":{"mods":["BaseMod","Better Third Choice","Minty Spire (QoL Compilation)","Replay The Spire","StSLib"],"gold_per_floor":[116,176,30,30,50,82,97,110,134,134,174,209,195,222,222,232,232],"floor_reached":16,"language":"ENG","playtime":409,"items_purged":[],"score":212,"play_id":"8bff006b-d18f-4238-85f3-16a7cc264d92","local_time":"20210201073256","is_ascension_mode":true,"campfire_choices":[],"circlet_count":0,"master_deck":["AscendersBane","Strike_P","Strike_P","Strike_P","Strike_P","Defend_P","Defend_P","Defend_P","Defend_P","Eruption","Vigilance","BowlingBash","ReplayTheSpireMod:Splinters","Prostrate","BowlingBash","Spreading Infection","Consecrate","SpiritShield","Protect","SashWhip","Omniscience","PathToVictory","CutThroughFate+1","Collect"],"relics":["PureWater","NeowsBlessing","Blue Doll","ReplayTheSpireMod:CursedCoin","PreservedInsect","Replay:Baseball","Replay:Accelerometer","Replay:Rubber Ducky","Replay:Bandana","Frozen Egg 2"],"acts_visited":["Exordium"],"potions_floor_usage":[11,16,16],"damage_taken":[{"damage":0,"enemies":"Small Slimes","floor":1,"turns":1},{"damage":0,"enemies":"2 Louse","floor":5,"turns":1},{"damage":0,"enemies":"Gremlin Nob","floor":6,"turns":1},{"damage":2,"enemies":"Cultist","floor":7,"turns":2},{"damage":3,"enemies":"Red Slaver","floor":8,"turns":6},{"damage":2,"enemies":"Lagavulin","floor":11,"turns":3},{"damage":6,"enemies":"Exordium Thugs","floor":12,"turns":5},{"damage":7,"enemies":"Blue Slaver","floor":14,"turns":5},{"damage":66,"enemies":"The Guardian","floor":16,"turns":11}],"seed_played":"-2067667028623265863","potions_obtained":[{"floor":2,"key":"AttackPotion"},{"floor":7,"key":"Dexterity Potion"},{"floor":12,"key":"PowerPotion"}],"is_trial":false,"path_per_floor":["M","?","$","T","M","E","M","M","T","$","E","M","$","M","R","B"],"character_chosen":"WATCHER","items_purchased":["ReplayTheSpireMod:CursedCoin","PreservedInsect","Replay:Baseball","CutThroughFate"],"campfire_rested":0,"item_purchase_floors":[3,3,3,13],"current_hp_per_floor":[65,65,65,65,65,65,63,60,60,60,58,52,52,45,66,0,0],"gold":232,"neow_bonus":"THREE_ENEMY_KILL","is_daily":false,"chose_seed":false,"campfire_upgraded":0,"win_rate":0.0,"timestamp":1612125176,"path_taken":["M","?","$","?","?","E","M","M","T","?","E","M","$","M","R","BOSS"],"items_purchased_type":["Relic","Relic","Relic","Card"],"build_version":"2020-12-22","purchased_purges":0,"victory":false,"max_hp_per_floor":[72,72,72,72,72,72,72,72,72,72,72,72,72,72,72,72,72],"card_choices":[{"not_picked":["Replay:BluntJabs","EmptyBody"],"picked":"BowlingBash","floor":1},{"not_picked":["EmptyBody","Conclude"],"picked":"Prostrate","floor":2},{"not_picked":["Halt","Replay:ManipulateFuture"],"picked":"BowlingBash","floor":2},{"not_picked":["Study","Evaluate"],"picked":"Consecrate","floor":5},{"not_picked":["ClearTheMind","Replay:BluntJabs"],"picked":"SpiritShield","floor":6},{"not_picked":["Study","Consecrate"],"picked":"Protect","floor":7},{"not_picked":["SignatureMove","InnerPeace"],"picked":"SashWhip","floor":8},{"not_picked":["Protect","Replay:Cycle"],"picked":"Omniscience","floor":11},{"not_picked":["Perseverance","SashWhip"],"picked":"PathToVictory","floor":12},{"not_picked":["ClearTheMind","Worship"],"picked":"Collect","floor":14}],"player_experience":782337,"relics_obtained":[{"floor":2,"key":"Blue Doll"},{"floor":4,"key":"Replay:Accelerometer"},{"floor":6,"key":"Replay:Rubber Ducky"},{"floor":9,"key":"Replay:Bandana"},{"floor":11,"key":"Frozen Egg 2"}],"event_choices":[],"is_beta":false,"boss_relics":[],"items_purged_floors":[],"is_endless":false,"potions_floor_spawned":[7,8,12],"killed_by":"The Guardian","ascension_level":11}}