{"host":"mx2pw5pd864r4y2b","time":1612115131,"event":{"mods":["BaseMod","BetterRewards","Duelist Mod","GifTheSpireLib","Minty Spire (QoL Compilation)","Shop Mod","StSLib","The Mystic","Waifu the Spire"],"gold_per_floor":[117,135,210,229,249,278,278,295,295,295,295,306,306,324,324,427,427,447,466,483,79,89,123,123,136,136,136,136,136,170,1,1,102,102,114,164,176,176,190,217,234,234,234,254,273,306,28,0,0,0],"floor_reached":51,"language":"ENG","playtime":3070,"items_purged":["Strike_B","Strike_B","Strike_B"],"score":761,"play_id":"d6346ecc-bff0-4455-98be-e0672d55712b","local_time":"20210131124531","is_ascension_mode":true,"campfire_choices":[{"floor":7,"key":"REST"},{"floor":11,"key":"REST"},{"data":"Electrodynamics","floor":15,"key":"SMITH"},{"floor":24,"key":"REST"},{"data":"Storm","floor":29,"key":"SMITH"},{"data":"White Noise","floor":32,"key":"SMITH"},{"data":"Creative AI","floor":42,"key":"SMITH"},{"data":"Static Discharge","floor":49,"key":"SMITH"}],"circlet_count":0,"master_deck":["Defend_B","Defend_B","Defend_B","Defend_B","Zap","Dualcast","Electrodynamics+1","Genetic Algorithm","White Noise+1","White Noise","Biased Cognition","Storm+1","Defragment","Heatsinks","Capacitor","Self Repair+1","Hello World","Creative AI+1","White Noise+1","Static Discharge+1"],"relics":["Cracked Core","DataDisk","Pear","Incense Burner","Eternal Feather","Black Star","Question Card","Lizard Tail","MealTicket","Emotion Chip","MutagenicStrength","Letter Opener","WingedGreaves","Inserter","Unceasing Top","Ginger","Happy Flower","White Beast Statue","Anchor","Toxic Egg 2","PreservedInsect","Red Mask"],"acts_visited":["Exordium","TheCity","TheBeyond"],"potions_floor_usage":[6,16,20,23,30,50,50,50,50],"damage_taken":[{"damage":1,"enemies":"Jaw Worm","floor":1,"turns":3},{"damage":0,"enemies":"2 Louse","floor":2,"turns":2},{"damage":0,"enemies":"Small Slimes","floor":4,"turns":2},{"damage":14,"enemies":"3 Louse","floor":5,"turns":2},{"damage":37,"enemies":"Lagavulin","floor":6,"turns":7},{"damage":2,"enemies":"Blue Slaver","floor":8,"turns":4},{"damage":5,"enemies":"Looter","floor":12,"turns":3},{"damage":3,"enemies":"Red Slaver","floor":14,"turns":4},{"damage":31,"enemies":"Hexaghost","floor":16,"turns":9},{"damage":0,"enemies":"3 Byrds","floor":18,"turns":1},{"damage":0,"enemies":"Spheric Guardian","floor":19,"turns":3},{"damage":0,"enemies":"Centurion and Healer","floor":20,"turns":3},{"damage":23,"enemies":"Snake Plant","floor":22,"turns":3},{"damage":49,"enemies":"Book of Stabbing","floor":23,"turns":5},{"damage":5,"enemies":"Sentry and Sphere","floor":25,"turns":3},{"damage":22,"enemies":"Slavers","floor":30,"turns":2},{"damage":40,"enemies":"Champ","floor":33,"turns":8},{"damage":1,"enemies":"3 Shapes","floor":35,"turns":2},{"damage":1,"enemies":"Mind Bloom Boss Battle","floor":36,"turns":5},{"damage":23,"enemies":"3 Darklings","floor":37,"turns":5},{"damage":3,"enemies":"Maw","floor":39,"turns":5},{"damage":36,"enemies":"Nemesis","floor":40,"turns":6},{"damage":0,"enemies":"Transient","floor":41,"turns":5},{"damage":5,"enemies":"Writhing Mass","floor":44,"turns":3},{"damage":0,"enemies":"Jaw Worm Horde","floor":45,"turns":2},{"damage":45,"enemies":"Reptomancer","floor":46,"turns":3},{"damage":69,"enemies":"Awakened One","floor":50,"turns":5}],"seed_played":"7363984380907717040","potions_obtained":[{"floor":4,"key":"SpeedPotion"},{"floor":8,"key":"GamblersBrew"},{"floor":12,"key":"SkillPotion"},{"floor":14,"key":"BlessingOfTheForge"},{"floor":23,"key":"GamblersBrew"},{"floor":25,"key":"PowerPotion"},{"floor":35,"key":"EntropicBrew"},{"floor":40,"key":"PowerPotion"},{"floor":41,"key":"SteroidPotion"},{"floor":44,"key":"Fire Potion"},{"floor":46,"key":"Swift Potion"}],"is_trial":false,"path_per_floor":["M","M","?","M","M","E","R","M","T","?","R","M","?","M","R","B",null,"M","M","M","$","M","E","R","M","T","?","?","R","E","$","R","B",null,"M","?","M","?","M","E","M","R","T","M","M","E","$","?","R","B",null],"character_chosen":"DEFECT","items_purchased":["Defragment","Question Card","Hello World","PreservedInsect"],"campfire_rested":3,"item_purchase_floors":[21,21,31,47],"current_hp_per_floor":[74,74,63,63,49,12,34,32,42,24,49,44,44,41,47,16,85,85,85,85,85,62,13,47,42,42,42,42,51,29,44,53,23,85,84,85,72,72,79,53,63,75,75,70,70,35,50,50,62,51],"gold":0,"neow_bonus":"ONE_RANDOM_RARE_CARD","is_daily":false,"chose_seed":false,"campfire_upgraded":5,"win_rate":0.0,"timestamp":1612115131,"path_taken":["M","M","?","M","M","E","R","M","T","?","R","M","?","M","R","BOSS","M","M","M","$","M","E","R","M","T","?","?","R","E","$","R","BOSS","M","?","M","?","M","E","M","R","T","?","?","E","$","?","R","BOSS"],"items_purchased_type":["Card","Relic","Card","Relic"],"build_version":"2020-12-22","purchased_purges":3,"victory":true,"max_hp_per_floor":[75,75,75,75,75,75,75,75,85,85,85,85,85,85,85,85,85,85,85,85,85,85,85,85,85,85,85,85,85,85,85,85,85,85,85,85,85,85,85,85,85,85,85,85,85,85,85,85,85,85],"card_choices":[{"not_picked":["Cold Snap","Rebound"],"picked":"Genetic Algorithm","floor":1},{"not_picked":["Glacier","Steam","Beam Cell"],"picked":"SKIP","floor":2},{"not_picked":["Darkness","Coolheaded"],"picked":"White Noise","floor":4},{"not_picked":["Sweeping Beam","Coolheaded","Conserve Battery"],"picked":"SKIP","floor":5},{"not_picked":["Steam","Compile Driver","Turbo"],"picked":"SKIP","floor":6},{"not_picked":["Tempest","Electrodynamics"],"picked":"White Noise","floor":8},{"not_picked":["Streamline","Ball Lightning","Hologram"],"picked":"SKIP","floor":12},{"not_picked":["Aggregate","Coolheaded","Compile Driver"],"picked":"SKIP","floor":14},{"not_picked":["Rainbow","Hyperbeam"],"picked":"Biased Cognition","floor":16},{"not_picked":["Leap","Beam Cell"],"picked":"Storm","floor":18},{"not_picked":["Sweeping Beam","Rebound","Cold Snap"],"picked":"SKIP","floor":19},{"not_picked":["Steam Power","Conserve Battery+1","Sweeping Beam"],"picked":"SKIP","floor":20},{"not_picked":["Lockon","Barrage","Compile Driver","Conserve Battery+1"],"picked":"SKIP","floor":22},{"not_picked":["Reprogram","Electrodynamics","Sweeping Beam+1"],"picked":"Heatsinks","floor":23},{"not_picked":["Heatsinks","Go for the Eyes","Sweeping Beam"],"picked":"Capacitor","floor":25},{"not_picked":["Redo+1","Seek","Aggregate+1"],"picked":"Self Repair+1","floor":30},{"not_picked":["Meteor Strike","Reboot","Hyperbeam"],"picked":"Creative AI","floor":33},{"not_picked":["Rebound","Streamline","Go for the Eyes+1"],"picked":"White Noise+1","floor":35},{"not_picked":["Steam Power+1","Capacitor","Conserve Battery","Cold Snap+1"],"picked":"SKIP","floor":37},{"not_picked":["Compile Driver","Stack","Fusion","Leap"],"picked":"SKIP","floor":39},{"not_picked":["Electrodynamics","Sweeping Beam","Undo+1","Stack"],"picked":"SKIP","floor":40},{"not_picked":["Lockon+1","Conserve Battery","Reinforced Body+1","FTL"],"picked":"SKIP","floor":41},{"not_picked":["Sweeping Beam+1","Rebound+1","Capacitor"],"picked":"Static Discharge","floor":44},{"not_picked":["Streamline","Sweeping Beam","Fusion","Undo"],"picked":"SKIP","floor":45},{"not_picked":["Sunder+1","Coolheaded+1","Tempest+1","Streamline+1"],"picked":"SKIP","floor":46}],"player_experience":131047,"relics_obtained":[{"floor":6,"key":"DataDisk"},{"floor":9,"key":"Pear"},{"floor":23,"key":"Lizard Tail"},{"floor":23,"key":"MealTicket"},{"floor":26,"key":"Emotion Chip"},{"floor":30,"key":"Letter Opener"},{"floor":30,"key":"WingedGreaves"},{"floor":36,"key":"Unceasing Top"},{"floor":40,"key":"Ginger"},{"floor":40,"key":"Happy Flower"},{"floor":43,"key":"White Beast Statue"},{"floor":46,"key":"Anchor"},{"floor":46,"key":"Toxic Egg 2"}],"event_choices":[{"damage_healed":0,"gold_gain":75,"player_choice":"Gather Gold","damage_taken":11,"max_hp_gain":0,"max_hp_loss":0,"event_name":"World of Goop","floor":3,"gold_loss":0},{"damage_healed":0,"gold_gain":0,"player_choice":"Success","damage_taken":18,"relics_obtained":["Incense Burner"],"max_hp_gain":0,"max_hp_loss":0,"event_name":"Scrap Ooze","floor":10,"gold_loss":0},{"damage_healed":0,"gold_gain":0,"player_choice":"Searched \u00272\u0027 times","damage_taken":0,"relics_obtained":["Eternal Feather"],"max_hp_gain":0,"max_hp_loss":0,"event_name":"Dead Adventurer","floor":13,"gold_loss":0},{"damage_healed":0,"gold_gain":0,"player_choice":"Ignored","damage_taken":0,"max_hp_gain":0,"max_hp_loss":0,"event_name":"Ghosts","floor":27,"gold_loss":0},{"damage_healed":0,"gold_gain":0,"player_choice":"Inject Mutagens","damage_taken":0,"relics_obtained":["MutagenicStrength"],"max_hp_gain":0,"max_hp_loss":0,"event_name":"Drug Dealer","floor":28,"gold_loss":0},{"damage_healed":0,"gold_gain":0,"player_choice":"Fight","damage_taken":0,"max_hp_gain":0,"max_hp_loss":0,"event_name":"MindBloom","floor":36,"gold_loss":0},{"cards_removed":["Strike_B"],"damage_healed":0,"gold_gain":0,"player_choice":"Purged","damage_taken":0,"max_hp_gain":0,"max_hp_loss":0,"event_name":"Purifier","floor":38,"gold_loss":0},{"damage_healed":0,"gold_gain":0,"player_choice":"Paid","damage_taken":0,"relics_obtained":["Red Mask"],"max_hp_gain":0,"max_hp_loss":0,"event_name":"Tomb of Lord Red Mask","floor":48,"gold_loss":28}],"is_beta":false,"boss_relics":[{"not_picked":["Empty Cage","Sozu"],"picked":"Black Star"},{"not_picked":["FrozenCore","Cursed Key"],"picked":"Inserter"}],"items_purged_floors":[21,31,47],"is_endless":false,"potions_floor_spawned":[4,8,12,14,23,25,35,40,41,44,45,46],"ascension_level":1}}