{"host":"lnlc1nvdult63vei","time":1612098439,"event":{"mods":["AchievementEnabler","Act Like it!","BaseMod","Better Altar","Better Note","BetterRewards","Block Reminder","Colored Map","Colored Powertips","DeckTracker","Hallownest","Hermit","Highlight Path","Minty Spire (QoL Compilation)","Quick Restart","Relic Stats","Shop Mod","StSLib","The Animator","The Jungle","The Servant 0.9.4","The Wild Card","Transform Curses"],"gold_per_floor":[113,113,123,123,123,123,155,155,180,180,196,231,251,271,271,368,368,386,746,765,725,736,736,770,770,796,825,825,875,334,344,344,344,344],"floor_reached":33,"language":"ENG","playtime":2791,"items_purged":[],"score":413,"play_id":"3a57b9c3-3c19-4784-a11e-b025311e2074","local_time":"20210131150719","is_ascension_mode":true,"campfire_choices":[{"floor":6,"key":"DIG"},{"floor":8,"key":"RECALL"},{"floor":10,"key":"DIG"},{"floor":15,"key":"REST"},{"floor":23,"key":"REST"},{"floor":25,"key":"REST"},{"floor":28,"key":"REST"},{"data":"Inflame","floor":32,"key":"SMITH"}],"circlet_count":0,"master_deck":["Strike_R","Strike_R","Strike_R+1","Strike_R","Strike_R","Defend_R","Defend_R","Defend_R","Bash","Armaments","Uppercut","Heavy Blade","Infernal Blade","Armaments","Searing Blow+1","Double Tap","Anger","Inflame","Perfected Strike","Perfected Strike+1","Inflame+1","Dual Wield","Heavy Blade","Ghostly Armor"],"relics":["Burning Blood","MerchantsRug","Bag of Preparation","Toolbox","Red Skull","Shovel","Dream Catcher","Happy Flower","Art of War","TungstenRod","Potion Belt","SlaversCollar","Singing Bowl","Toy Ornithopter","Lantern","MealTicket","StoneCalendar"],"acts_visited":["Exordium","TheCity"],"potions_floor_usage":[7,16,16,20,22],"damage_taken":[{"damage":1,"enemies":"Cultist","floor":1,"turns":3},{"damage":2,"enemies":"Small Slimes","floor":3,"turns":5},{"damage":23,"enemies":"Lagavulin","floor":7,"turns":7},{"damage":5,"enemies":"Jaw Worm","floor":11,"turns":3},{"damage":35,"enemies":"3 Sentries","floor":12,"turns":10},{"damage":14,"enemies":"3 Louse","floor":13,"turns":3},{"damage":0,"enemies":"Looter","floor":14,"turns":2},{"damage":15,"enemies":"Slime Boss","floor":16,"turns":9},{"damage":0,"enemies":"3 Byrds","floor":18,"turns":3},{"damage":18,"enemies":"2 Thieves","floor":20,"turns":5},{"damage":19,"enemies":"3 Cultists","floor":22,"turns":5},{"damage":12,"enemies":"Book of Stabbing","floor":24,"turns":3},{"damage":27,"enemies":"Gremlin Leader","floor":27,"turns":6},{"damage":9,"enemies":"Snecko","floor":31,"turns":3},{"damage":90,"enemies":"Collector","floor":33,"turns":7}],"seed_played":"6621997146840669607","potions_obtained":[{"floor":3,"key":"SkillPotion"},{"floor":11,"key":"SneckoOil"},{"floor":13,"key":"Dexterity Potion"},{"floor":18,"key":"Block Potion"},{"floor":20,"key":"Swift Potion"}],"is_trial":false,"path_per_floor":["M","T","M","?","?","R","E","R","T","R","M","E","M","M","R","B",null,"M","?","M","?","M","R","E","R","T","E","R","?","$","M","R","B"],"character_chosen":"IRONCLAD","items_purchased":["MerchantsRug","Bag of Preparation","Toolbox","Red Skull","MealTicket","StoneCalendar","Heavy Blade","Ghostly Armor"],"campfire_rested":4,"item_purchase_floors":[0,0,0,0,30,30,30,30],"current_hp_per_floor":[80,80,80,85,78,78,61,61,61,61,62,33,25,31,56,47,85,85,54,42,42,29,54,48,73,73,52,79,79,79,78,78,0,0],"gold":344,"neow_bonus":"","is_daily":false,"chose_seed":false,"campfire_upgraded":1,"win_rate":0.0,"timestamp":1612098439,"path_taken":["M","?","M","?","?","R","E","R","T","R","M","E","M","M","R","BOSS","M","?","?","?","M","R","E","R","T","E","R","?","$","M","R","BOSS"],"items_purchased_type":["Relic","Relic","Relic","Relic","Relic","Relic","Card","Card"],"build_version":"2020-12-22","purchased_purges":0,"victory":false,"max_hp_per_floor":[80,80,80,85,85,85,85,85,85,85,85,85,85,85,85,85,85,85,85,85,85,85,85,85,85,85,85,87,87,87,89,89,89,89],"relic_stats":{"Happy Flower":[19],"Singing Bowl":4,"counters":[22,106],"StoneCalendar":[131],"Bag of Preparation":[30],"Burning Blood":69,"Dream Catcher":5,"Shovel":2,"MealTicket":0,"Art of War":[7],"obtain_stats":[{"Lantern":27,"Singing Bowl":24,"StoneCalendar":30,"Hallownest:DreamNailRelic":2,"Bag of Preparation":0,"Lizard Tail":0,"Dream Catcher":8,"Shovel":0,"Toolbox":0,"MealTicket":30,"Toxic Egg 2":9,"Hallownest:TeacherSealRelic":13,"Red Skull":0,"Ring of the Snake":0,"Potion Belt":12,"MerchantsRug":0,"Happy Flower":7,"Blue Candle":6,"War Paint":0,"SlaversCollar":17,"Turnip":0,"Art of War":12,"Membership Card":0,"TungstenRod":10,"Toy Ornithopter":26},{"Lantern":20,"Singing Bowl":19,"StoneCalendar":20,"Hallownest:DreamNailRelic":1,"Bag of Preparation":7,"Lizard Tail":0,"Dream Catcher":4,"Shovel":7,"Toolbox":7,"MealTicket":20,"Toxic Egg 2":4,"Hallownest:TeacherSealRelic":6,"Red Skull":7,"Ring of the Snake":0,"Potion Belt":12,"MerchantsRug":0,"Happy Flower":10,"Blue Candle":3,"War Paint":0,"SlaversCollar":15,"Turnip":0,"Art of War":6,"Membership Card":0,"TungstenRod":10,"Toy Ornithopter":19},{"Lantern":96,"Singing Bowl":90,"StoneCalendar":96,"Hallownest:DreamNailRelic":3,"Bag of Preparation":32,"Lizard Tail":0,"Dream Catcher":20,"Shovel":32,"Toolbox":32,"MealTicket":96,"Toxic Egg 2":20,"Hallownest:TeacherSealRelic":25,"Red Skull":32,"Ring of the Snake":0,"Potion Belt":60,"MerchantsRug":0,"Happy Flower":47,"Blue Candle":15,"War Paint":0,"SlaversCollar":74,"Turnip":0,"Art of War":25,"Membership Card":0,"TungstenRod":47,"Toy Ornithopter":90}],"TungstenRod":55,"Toy Ornithopter":0},"card_choices":[{"not_picked":["Warcry","Hemokinesis","Headbutt"],"picked":"SKIP","floor":1},{"not_picked":["Sword Boomerang","Havoc"],"picked":"Armaments","floor":3},{"not_picked":["Clash","Twin Strike"],"picked":"Uppercut","floor":7},{"not_picked":["Offering","Headbutt"],"picked":"Heavy Blade","floor":11},{"not_picked":["Warcry","Rampage"],"picked":"Infernal Blade","floor":12},{"not_picked":["Pommel Strike","Twin Strike","Warcry"],"picked":"SKIP","floor":13},{"not_picked":["True Grit","Whirlwind"],"picked":"Armaments","floor":14},{"not_picked":["Thunderclap","Sever Soul"],"picked":"Searing Blow","floor":15},{"not_picked":["Exhume","Juggernaut"],"picked":"Double Tap","floor":16},{"not_picked":["Twin Strike","Shrug It Off"],"picked":"Anger","floor":18},{"not_picked":["Rampage","Sentinel"],"picked":"Inflame","floor":20},{"not_picked":["Wild Strike","Twin Strike","Rupture"],"picked":"SKIP","floor":22},{"not_picked":["Second Wind","Wild Strike"],"picked":"Perfected Strike","floor":23},{"not_picked":["Thunderclap+1","Ghostly Armor+1"],"picked":"Perfected Strike+1","floor":24},{"not_picked":["Dark Embrace+1","Second Wind"],"picked":"Inflame","floor":25},{"not_picked":["Shockwave","Bloodletting"],"picked":"Dual Wield","floor":27},{"not_picked":["Twin Strike","Body Slam","Flex+1"],"picked":"Singing Bowl","floor":28},{"not_picked":["Body Slam","Wild Strike","Shockwave"],"picked":"Singing Bowl","floor":31}],"player_experience":279384,"relics_obtained":[{"floor":6,"key":"Dream Catcher"},{"floor":7,"key":"Happy Flower"},{"floor":9,"key":"Art of War"},{"floor":10,"key":"TungstenRod"},{"floor":12,"key":"Potion Belt"},{"floor":24,"key":"Singing Bowl"},{"floor":26,"key":"Toy Ornithopter"},{"floor":27,"key":"Lantern"}],"event_choices":[{"damage_healed":0,"gold_gain":0,"player_choice":"Donut","damage_taken":0,"max_hp_gain":5,"max_hp_loss":0,"event_name":"Big Fish","floor":4,"gold_loss":0},{"cards_removed":["Defend_R"],"damage_healed":0,"gold_gain":0,"player_choice":"Card Removal","damage_taken":7,"max_hp_gain":0,"max_hp_loss":0,"event_name":"Golden Wing","floor":5,"gold_loss":0},{"damage_healed":0,"gold_gain":360,"player_choice":"GOLD GOLD GOLD GOLD ","damage_taken":36,"max_hp_gain":0,"max_hp_loss":0,"event_name":"Knowing Skull","floor":19,"potions_obtained":[],"gold_loss":0,"cards_obtained":[]},{"damage_healed":0,"gold_gain":0,"player_choice":"Upgraded Two","damage_taken":0,"max_hp_gain":0,"max_hp_loss":0,"event_name":"Designer","floor":21,"gold_loss":40,"cards_upgraded":["Strike_R","Searing Blow"]},{"damage_healed":0,"gold_gain":100,"player_choice":"Bet on Murderer","damage_taken":0,"max_hp_gain":0,"max_hp_loss":0,"event_name":"The Joust","floor":29,"gold_loss":50}],"is_beta":false,"boss_relics":[{"not_picked":["Pandora\u0027s Box","Coffee Dripper"],"picked":"SlaversCollar"}],"items_purged_floors":[],"is_endless":false,"potions_floor_spawned":[3,11,13,18,20],"killed_by":"Collector","ascension_level":1}}