{"host":"f0gpob8hq9vgebej","time":1612099325,"event":{"mods":["AchievementEnabler","BaseMod","Minty Spire (QoL Compilation)","Quick Restart","SuperFastMode"],"gold_per_floor":[117,128,148,162,172,172,172,172,197,212,212,238,270,282,294,411,423,453,465,460,472,472],"floor_reached":21,"language":"KOR","playtime":413,"items_purged":[],"score":293,"play_id":"76b3fc84-ffd1-4e04-a59e-ff2086c9e0a4","local_time":"20210131222205","is_ascension_mode":true,"campfire_choices":[{"data":"Zap","floor":6,"key":"SMITH"},{"data":"Consume","floor":8,"key":"SMITH"},{"floor":15,"key":"REST"}],"circlet_count":0,"master_deck":["AscendersBane","Strike_B","Strike_B","Strike_B","Defend_B+1","Defend_B","Defend_B+1","Defend_B+1","Zap+1","Dualcast","Consume+1","Hologram","Skim","White Noise+1","Conserve Battery","Capacitor","Hyperbeam","Jack Of All Trades"],"relics":["Cracked Core","War Paint","MawBank","Runic Pyramid"],"acts_visited":["Exordium","TheCity"],"potions_floor_usage":[5,16],"damage_taken":[{"damage":4.0,"enemies":"Small Slimes","floor":1.0,"turns":3.0},{"damage":6,"enemies":"2 Louse","floor":2,"turns":3},{"damage":2,"enemies":"Jaw Worm","floor":3,"turns":4},{"damage":1,"enemies":"Large Slime","floor":4,"turns":5},{"damage":0,"enemies":"3 Louse","floor":5,"turns":4},{"damage":7,"enemies":"Red Slaver","floor":10,"turns":4},{"damage":20,"enemies":"3 Sentries","floor":12,"turns":7},{"damage":1,"enemies":"Looter","floor":13,"turns":3},{"damage":16,"enemies":"The Guardian","floor":16,"turns":10},{"damage":24,"enemies":"Chosen","floor":18,"turns":6},{"damage":28,"enemies":"2 Thieves","floor":20,"turns":5}],"seed_played":"1508251356034857085","potions_obtained":[{"floor":1.0,"key":"Weak Potion"},{"floor":2,"key":"Fire Potion"}],"is_trial":false,"path_per_floor":["M","M","M","M","M","R","?","R","T","M","?","E","M","?","R","B",null,"M","?","M","$"],"character_chosen":"DEFECT","items_purchased":[],"campfire_rested":1,"item_purchase_floors":[],"current_hp_per_floor":[64,58,56,55,55,55,40,40,40,33,33,13,12,17,41,25,66,42,42,14,14,14],"gold":472,"neow_bonus":"REMOVE_CARD","is_daily":false,"chose_seed":false,"campfire_upgraded":2,"win_rate":0.0,"timestamp":1612099325,"path_taken":["M","M","M","M","M","R","?","R","T","M","?","E","?","?","R","BOSS","M","?","M","$"],"items_purchased_type":[],"build_version":"2020-12-22","purchased_purges":0,"victory":false,"max_hp_per_floor":[75,75,75,75,75,75,75,75,75,75,75,75,75,80,80,80,80,80,80,80,80,80],"card_choices":[{"not_picked":["Beam Cell","Go for the Eyes"],"picked":"Consume","floor":1.0},{"not_picked":["Reprogram","FTL"],"picked":"Hologram","floor":2},{"not_picked":["Gash","Rebound","Coolheaded"],"picked":"SKIP","floor":3},{"not_picked":["Stack","Hologram"],"picked":"Skim","floor":4},{"not_picked":["Hologram","Rebound"],"picked":"White Noise","floor":5},{"not_picked":["Steam","Darkness","Redo"],"picked":"SKIP","floor":10},{"not_picked":["Rebound","Go for the Eyes"],"picked":"Conserve Battery","floor":12},{"not_picked":["Redo","Rebound"],"picked":"Capacitor","floor":13},{"not_picked":["Thunder Strike","Reboot"],"picked":"Hyperbeam","floor":16},{"not_picked":["Undo","Aggregate+1","Conserve Battery"],"picked":"SKIP","floor":18},{"not_picked":["Compile Driver","Steam+1","Gash"],"picked":"SKIP","floor":20}],"player_experience":325950,"relics_obtained":[{"floor":9,"key":"War Paint"},{"floor":12,"key":"MawBank"}],"event_choices":[{"damage_healed":0,"gold_gain":0,"player_choice":"Entered Light","damage_taken":15,"max_hp_gain":0,"max_hp_loss":0,"event_name":"Shining Light","floor":7,"gold_loss":0,"cards_upgraded":["Defend_B","Defend_B"]},{"damage_healed":0,"gold_gain":0,"player_choice":"Ignored","damage_taken":0,"max_hp_gain":0,"max_hp_loss":0,"event_name":"Liars Game","floor":11,"gold_loss":0},{"damage_healed":0,"gold_gain":0,"player_choice":"Donut","damage_taken":0,"max_hp_gain":5,"max_hp_loss":0,"event_name":"Big Fish","floor":14,"gold_loss":0},{"damage_healed":0,"gold_gain":0,"player_choice":"1 cards matched","damage_taken":0,"max_hp_gain":0,"max_hp_loss":0,"event_name":"Match and Keep!","floor":19,"gold_loss":0,"cards_obtained":["Jack Of All Trades"]}],"is_beta":false,"boss_relics":[{"not_picked":["Runic Dome","Snecko Eye"],"picked":"Runic Pyramid"}],"items_purged_floors":[],"is_endless":false,"potions_floor_spawned":[1,2,4],"ascension_level":12}}