{"host":"1rf9pknejqhzkc4o","time":1612104558,"event":{"mods":["A Penny For Your Troubles","Bard","BaseMod","Better Altar","Better Match","Better Note","Better Sensory Stone","Better Silent Start","Better Skull","Better Third Choice","Clockwork Mod","Colored Map","Colored Powertips","Communication Mod","Curses Come First","Displayed Cursed Tome","JesterMod","Jorbs\u0027s Wanderer Trilogy","Minty Spire (QoL Compilation)","Quick Restart","RNG Fix","Rare Cards Sparkle","Relic Stats","Shade Mod","StSLib","The Construct","The Cursed","The Disciple","The Gatherer","The Hierophant","The Marked","The Mystic","The Runesmith","The Sage","The Servant 0.9.4","The Spell Scribe","The Witch"],"gold_per_floor":[110,121,121,121,121,131,131,131,131,240,253,272,290,315,315,315,315],"floor_reached":16,"language":"ENG","playtime":664,"items_purged":[],"score":102,"play_id":"c7fe2df3-a16d-4fca-b355-4577bfadac2c","local_time":"20210131174918","is_ascension_mode":false,"campfire_choices":[{"data":"bard:Riposte","floor":8.0,"key":"SMITH"},{"floor":15,"key":"REST"}],"circlet_count":0,"master_deck":["bard:Strike","bard:Strike+1","bard:Strike","bard:Strike","bard:Defend","bard:Defend","bard:Defend","bard:Defend","bard:Riposte+1","bard:Inspire+1","bard:HideousLaughter","bard:Sift+1","bard:Blink","bard:Heroism","bard:Rhapsody","bard:SongBolt","bard:Haste"],"relics":["bard:PitchPipe","bard:BagPipes","NeowsBlessing","Singing Bowl","Dream Catcher","Nunchaku","InkBottle"],"acts_visited":["Exordium"],"potions_floor_usage":[14,14],"damage_taken":[{"damage":0.0,"enemies":"Cultist","floor":1.0,"turns":1.0},{"damage":0.0,"enemies":"2 Louse","floor":2.0,"turns":1.0},{"damage":0.0,"enemies":"Small Slimes","floor":6.0,"turns":1.0},{"damage":5,"enemies":"Looter","floor":11,"turns":3},{"damage":0,"enemies":"3 Louse","floor":12,"turns":5},{"damage":5,"enemies":"Exordium Thugs","floor":13,"turns":7},{"damage":22,"enemies":"Lagavulin","floor":14,"turns":8},{"damage":47,"enemies":"The Guardian","floor":16,"turns":20}],"seed_played":"4567913509775556869","potions_obtained":[{"floor":1.0,"key":"Swift Potion"},{"floor":6.0,"key":"sagemod:Wine"},{"floor":11,"key":"ColorlessPotion"}],"is_trial":false,"path_per_floor":["M","M","$","?","?","M","T","R","T","?","M","M","M","E","R","B"],"character_chosen":"BARD","items_purchased":[],"campfire_rested":1,"item_purchase_floors":[],"current_hp_per_floor":[70,70,70,56,56,56,56,56,56,33,28,28,23,1,24,0,0],"gold":315,"neow_bonus":"THREE_ENEMY_KILL","is_daily":false,"chose_seed":false,"campfire_upgraded":1,"win_rate":0.0,"timestamp":1612104558,"path_taken":["M","M","$","?","?","?","?","R","T","?","M","M","M","E","R","BOSS"],"items_purchased_type":[],"build_version":"2020-12-22","purchased_purges":0,"victory":false,"max_hp_per_floor":[70,70,70,70,70,70,70,70,70,70,70,70,70,70,72,72,72],"relic_stats":{"Dream Catcher":1,"Nunchaku":[6],"Singing Bowl":2,"counters":[8,46],"obtain_stats":[{"bard:BagPipes":0,"Dream Catcher":9,"Nunchaku":10,"bard:PitchPipe":0,"NeowsBlessing":0,"Singing Bowl":7,"InkBottle":14},{"bard:BagPipes":0,"Dream Catcher":3,"Nunchaku":3,"bard:PitchPipe":0,"NeowsBlessing":0,"Singing Bowl":3,"InkBottle":7},{"bard:BagPipes":0,"Dream Catcher":3,"Nunchaku":3,"bard:PitchPipe":0,"NeowsBlessing":0,"Singing Bowl":3,"InkBottle":26}],"InkBottle":[7]},"card_choices":[{"not_picked":["bard:TinyHut","bard:InspiringSong"],"picked":"bard:HideousLaughter","floor":1.0},{"not_picked":["bard:QuickSong","bard:FeastOnFear"],"picked":"bard:Sift","floor":2.0},{"not_picked":["bard:GlyphOfWarding","bard:Fermata"],"picked":"bard:Blink","floor":6.0},{"not_picked":["bard:Flourish","bard:ThickOfTheFight"],"picked":"bard:Heroism","floor":11},{"not_picked":["bard:BucklerBash","bard:Parry"],"picked":"bard:Rhapsody","floor":12},{"not_picked":["bard:Fermata","bard:CuttingWords"],"picked":"bard:SongBolt","floor":13},{"not_picked":["bard:Shout","bard:StudiedStrike"],"picked":"bard:Haste","floor":14},{"not_picked":["bard:PhantasmalForce","bard:EchoEcho","bard:HideousLaughter"],"picked":"Singing Bowl","floor":15}],"player_experience":184089,"relics_obtained":[{"floor":7.0,"key":"Singing Bowl"},{"floor":9.0,"key":"Dream Catcher"},{"floor":14,"key":"InkBottle"}],"event_choices":[{"damage_healed":70.0,"max_hp_gain":0.0,"max_hp_loss":70.0,"gold_gain":0.0,"event_name":"betterThird:BetterShining","player_choice":"Upgrade","floor":4.0,"gold_loss":0.0,"damage_taken":14.0,"cards_upgraded":["bard:Sift","bard:Strike"]},{"damage_healed":0.0,"max_hp_gain":0.0,"max_hp_loss":0.0,"gold_gain":0.0,"event_name":"Living Wall","player_choice":"Grow","floor":5.0,"gold_loss":0.0,"damage_taken":0.0,"cards_upgraded":["bard:Inspire"]},{"damage_healed":0.0,"max_hp_gain":0.0,"max_hp_loss":0.0,"gold_gain":109.0,"event_name":"betterSkull:BetterSkull","player_choice":"GO RE ","floor":10.0,"gold_loss":0.0,"damage_taken":26.0,"cards_upgraded":[],"relics_obtained":["Nunchaku"]}],"is_beta":false,"boss_relics":[],"items_purged_floors":[],"is_endless":false,"potions_floor_spawned":[1,6,11,12],"killed_by":"The Guardian","ascension_level":0}}