{"host":"640uue19m79c7wbt","time":1612126694,"event":{"mods":["BaseMod","Colored Map","Googly Eyes","Highlight Path","Minty Spire (QoL Compilation)","Quick Restart","StSLib"],"gold_per_floor":[115,35,0,0,12,43,60,71,94,126,126,159,159,188,188,267,317,333,344,344,361,361,361,361,361],"floor_reached":24,"language":"ENG","playtime":873,"items_purged":[],"score":473,"play_id":"dd50a264-afc7-4482-af93-12de1a878383","local_time":"20210131155814","is_ascension_mode":true,"campfire_choices":[{"floor":11,"key":"REST"},{"floor":13,"key":"REST"},{"floor":15,"key":"REST"},{"floor":23,"key":"REST"}],"circlet_count":0,"master_deck":["AscendersBane","Strike_G+1","Strike_G","Strike_G","Strike_G+1","Defend_G","Defend_G","Defend_G","Defend_G","Defend_G","Survivor","Neutralize","Dash","Noxious Fumes+1","Blade Dance","Footwork","Dagger Spray","Die Die Die","Blade Dance","Leg Sweep","Phantasmal Killer","Footwork","Bullet Time","Calculated Gamble","Bane","PiercingWail+1","Adrenaline"],"relics":["Ring of the Snake","NeowsBlessing","Toy Ornithopter","Juzu Bracelet","Dream Catcher","Whetstone","Lantern","White Beast Statue","Tiny House"],"acts_visited":["Exordium","TheCity"],"potions_floor_usage":[8,10,16,18,19,19,21,24],"damage_taken":[{"damage":0,"enemies":"Small Slimes","floor":1,"turns":1},{"damage":0,"enemies":"Jaw Worm","floor":5,"turns":1},{"damage":0,"enemies":"Gremlin Nob","floor":6,"turns":1},{"damage":5,"enemies":"2 Louse","floor":7,"turns":3},{"damage":8,"enemies":"Blue Slaver","floor":8,"turns":3},{"damage":18,"enemies":"3 Sentries","floor":10,"turns":8},{"damage":37,"enemies":"Lagavulin","floor":12,"turns":6},{"damage":11,"enemies":"3 Sentries","floor":14,"turns":6},{"damage":28,"enemies":"Hexaghost","floor":16,"turns":11},{"damage":3,"enemies":"Chosen","floor":18,"turns":3},{"damage":21,"enemies":"Shell Parasite","floor":19,"turns":5},{"damage":16,"enemies":"Cultist and Chosen","floor":21,"turns":7},{"damage":57,"enemies":"Gremlin Leader","floor":24,"turns":6}],"seed_played":"7203387584451018854","potions_obtained":[{"floor":6,"key":"SneckoOil"},{"floor":8,"key":"ColorlessPotion"},{"floor":12,"key":"Weak Potion"},{"floor":16,"key":"SteroidPotion"},{"floor":17,"key":"CunningPotion"},{"floor":18,"key":"SkillPotion"},{"floor":19,"key":"Ancient Potion"},{"floor":21,"key":"Ancient Potion"}],"is_trial":false,"path_per_floor":["M","$","?","?","M","E","M","M","T","E","R","E","R","E","R","B",null,"M","M","?","M","?","R","E"],"character_chosen":"THE_SILENT","items_purchased":["Noxious Fumes"],"campfire_rested":4,"item_purchase_floors":[2],"current_hp_per_floor":[59,59,66,48,48,48,43,40,40,27,46,9,28,17,36,13,58,60,49,49,38,38,59,7,7],"gold":361,"neow_bonus":"THREE_ENEMY_KILL","is_daily":false,"chose_seed":false,"campfire_upgraded":0,"win_rate":0.0,"timestamp":1612126694,"path_taken":["M","$","?","?","?","E","M","M","T","E","R","E","R","E","R","BOSS","M","M","?","M","?","R","E"],"items_purchased_type":["Card"],"build_version":"2020-12-22","purchased_purges":0,"victory":false,"max_hp_per_floor":[66,66,66,66,66,66,66,66,66,66,66,66,66,66,66,66,71,71,71,71,71,71,71,71,71],"card_choices":[{"not_picked":["Outmaneuver","Sucker Punch"],"picked":"Dash","floor":1},{"not_picked":["Masterful Stab","Acrobatics"],"picked":"Blade Dance","floor":5},{"not_picked":["Poisoned Stab","Underhanded Strike"],"picked":"Footwork","floor":6},{"not_picked":["Sucker Punch","Predator"],"picked":"Dagger Spray","floor":7},{"not_picked":["Deflect","Flying Knee"],"picked":"Die Die Die","floor":8},{"not_picked":["Prepared","Quick Slash","Poisoned Stab"],"picked":"SKIP","floor":10},{"not_picked":["Sucker Punch","Quick Slash"],"picked":"Blade Dance","floor":11},{"not_picked":["Dagger Throw","Riddle With Holes"],"picked":"Leg Sweep","floor":12},{"not_picked":["Flying Knee","Dagger Spray"],"picked":"Phantasmal Killer","floor":13},{"not_picked":["Dash","Dodge and Roll"],"picked":"Footwork","floor":14},{"not_picked":["A Thousand Cuts","Unload"],"picked":"Bullet Time","floor":16},{"not_picked":["Underhanded Strike","Outmaneuver"],"picked":"Calculated Gamble","floor":17},{"not_picked":["Poisoned Stab","Outmaneuver"],"picked":"Bane","floor":18},{"not_picked":["Prepared+1","Backflip"],"picked":"PiercingWail+1","floor":19},{"not_picked":["Underhanded Strike","Finisher"],"picked":"Adrenaline","floor":21}],"player_experience":650531,"relics_obtained":[{"floor":6,"key":"Juzu Bracelet"},{"floor":9,"key":"Dream Catcher"},{"floor":10,"key":"Whetstone"},{"floor":12,"key":"Lantern"},{"floor":14,"key":"White Beast Statue"}],"event_choices":[{"damage_healed":16,"gold_gain":0,"player_choice":"Healed","damage_taken":0,"max_hp_gain":0,"max_hp_loss":0,"event_name":"The Cleric","floor":3,"gold_loss":35},{"damage_healed":0,"gold_gain":0,"player_choice":"Success","damage_taken":18,"relics_obtained":["Toy Ornithopter"],"max_hp_gain":0,"max_hp_loss":0,"event_name":"Scrap Ooze","floor":4,"gold_loss":0},{"cards_removed":["Strike_G"],"damage_healed":0,"gold_gain":0,"player_choice":"Elegance","damage_taken":0,"max_hp_gain":0,"max_hp_loss":0,"event_name":"Back to Basics","floor":20,"gold_loss":0},{"damage_healed":0,"gold_gain":0,"player_choice":"Ignored","damage_taken":0,"max_hp_gain":0,"max_hp_loss":0,"event_name":"Vampires","floor":22,"gold_loss":0}],"is_beta":false,"boss_relics":[{"not_picked":["Pandora\u0027s Box","HoveringKite"],"picked":"Tiny House"}],"items_purged_floors":[],"is_endless":false,"potions_floor_spawned":[6,8,12,16,18,19,21],"killed_by":"Gremlin Leader","ascension_level":18}}