{"host":"5dk97cf2ubw2v967","time":1612099780,"event":{"mods":["AlwaysNeverKeys","BaseMod","Better Altar","Better Vampires","Block Reminder","Card Filter","Colored Powertips","Downfall","Googly Eyes","Highlight Path","Minty Spire (QoL Compilation)","Permanent Neow","Potion Indicator Mod","Quick Restart","Relic Filter","Relic Stats","Say the Spire","Spicy Shops","StSLib","Waifu the Spire","everything is the same but u backflip on backflip"],"gold_per_floor":[99,117,27,38,138,155,182,182,82,94,94,114,142,155,172,172,172,172],"floor_reached":16,"language":"ENG","playtime":885,"items_purged":["Guardian:Strike_Guardian"],"score":177,"play_id":"daf2fb66-7c50-4325-a756-53e3b409cc22","local_time":"20210131132940","is_ascension_mode":true,"campfire_choices":[{"data":"Guardian:TwinSlam","floor":1,"key":"SMITH"},{"data":"Guardian:CompilePackage","floor":9,"key":"SMITH"}],"circlet_count":0,"master_deck":["AscendersBane","Guardian:Strike_Guardian","Guardian:Defend_Guardian+1","Guardian:Defend_Guardian+1","Guardian:Defend_Guardian+1","Guardian:Defend_Guardian","Guardian:CurlUp","Guardian:TwinSlam+1","Impatience","Guardian:SpikerProtocol","Guardian:TimeSifter","Guardian:TimeCapacitor","Guardian:CompilePackage+1","Guardian:BronzeOrb","Pain","Guardian:Recover","Guardian:Harden","Guardian:BronzeOrb"],"relics":["Guardian:ModeShifter","downfall:HeartBlessingBlue","WarpedTongs","War Paint"],"acts_visited":["Exordium"],"potions_floor_usage":[5,10,15,16],"damage_taken":[{"damage":1,"enemies":"Cultist","floor":2,"turns":3},{"damage":10,"enemies":"downfall:FleeingMerchant","floor":3,"turns":4},{"damage":0,"enemies":"Small Slimes","floor":4,"turns":3},{"damage":30,"enemies":"downfall:Heads","floor":5,"turns":6},{"damage":0,"enemies":"2 Louse","floor":6,"turns":4},{"damage":5,"enemies":"Gremlin Gang","floor":10,"turns":3},{"damage":1,"enemies":"2 Fungi Beasts","floor":12,"turns":2},{"damage":25,"enemies":"3 Sentries","floor":13,"turns":9},{"damage":14,"enemies":"Large Slime","floor":14,"turns":7},{"damage":6,"enemies":"Exordium Thugs","floor":15,"turns":7},{"damage":7,"enemies":"WA_ARCHETYPE_RETAIN","floor":16,"turns":9}],"seed_played":"-7823496977077387898","potions_obtained":[{"floor":4,"key":"champ:CounterPotion"},{"floor":5,"key":"Explosive Potion"},{"floor":6,"key":"Guardian:AcceleratePotion"},{"floor":10,"key":"Block Potion"},{"floor":13,"key":"Strength Potion"}],"is_trial":false,"path_per_floor":["R","M","$","M","?","M","T","?","R","M","?","M","E","M","M","B"],"character_chosen":"GUARDIAN","items_purchased":[],"campfire_rested":0,"item_purchase_floors":[],"current_hp_per_floor":[65,64,54,54,24,24,24,48,58,53,53,52,27,13,7,0,0,0],"gold":172,"neow_bonus":"RANDOM_COLORLESS","is_daily":false,"chose_seed":false,"campfire_upgraded":2,"win_rate":0.0,"timestamp":1612099780,"path_taken":["R","M","$","?","?","M","T","?","R","M","?","M","E","M","M","BOSS"],"items_purchased_type":[],"build_version":"2020-12-22","purchased_purges":1,"victory":false,"max_hp_per_floor":[72,72,72,72,72,72,72,72,82,82,82,82,82,82,82,82,82,82],"relic_stats":{"counters":[11,57],"War Paint":["Guardian:Defend_Guardian","Guardian:Defend_Guardian"],"obtain_stats":[{"downfall:HeartBlessingBlue":9,"Guardian:ModeShifter":0,"War Paint":13,"WarpedTongs":11},{"downfall:HeartBlessingBlue":5,"Guardian:ModeShifter":0,"War Paint":8,"WarpedTongs":6},{"downfall:HeartBlessingBlue":20,"Guardian:ModeShifter":0,"War Paint":34,"WarpedTongs":23}],"WarpedTongs":[33]},"card_choices":[{"not_picked":["Discovery","Mind Blast"],"picked":"Impatience","floor":0},{"not_picked":["Guardian:Gem_Green","Guardian:Gem_Red"],"picked":"Guardian:SpikerProtocol","floor":2},{"not_picked":["Guardian:RefractedBeam","Guardian:Gem_White"],"picked":"Guardian:TimeSifter","floor":3},{"not_picked":["Guardian:Reroute","Guardian:Gem_Green","Guardian:WalkerClaw"],"picked":"SKIP","floor":4},{"not_picked":["Guardian:Gem_Yellow","Guardian:PiercingHide"],"picked":"Guardian:Gem_Cyan","floor":5},{"not_picked":["Guardian:RollAttack","Guardian:TimeBomb"],"picked":"Guardian:CompilePackage","floor":6},{"not_picked":["Guardian:Gem_Red","Guardian:TemporalStrike"],"picked":"Guardian:BronzeOrb","floor":10},{"not_picked":["Guardian:Planning","Guardian:Gem_Crimson","Guardian:WalkerClaw"],"picked":"SKIP","floor":12},{"not_picked":["Guardian:MultiBeam","Guardian:RollAttack"],"picked":"Guardian:Recover","floor":13},{"not_picked":["Guardian:RevengeProtocol","Guardian:TimeBomb"],"picked":"Guardian:Harden","floor":14},{"not_picked":["Guardian:Recover","Guardian:TemporalShield"],"picked":"Guardian:BronzeOrb","floor":15}],"player_experience":1276891,"relics_obtained":[{"floor":13,"key":"War Paint"}],"event_choices":[{"damage_healed":24,"gold_gain":0,"player_choice":"Banana","damage_taken":0,"max_hp_gain":0,"max_hp_loss":0,"event_name":"Big Fish","floor":8,"gold_loss":0}],"is_beta":false,"boss_relics":[],"items_purged_floors":[3],"is_endless":false,"potions_floor_spawned":[4,5,6,10,13],"killed_by":"WA_ARCHETYPE_RETAIN","ascension_level":14}}