{"host":"98zq812qbocdqs0d","time":1612113074,"event":{"mods":["BaseMod","GifTheSpireLib","Minty Spire (QoL Compilation)","Replay The Spire","StSLib","The Cursed","The Hierophant"],"gold_per_floor":[369,369,201,226,226,261,280,280,280,304,304,342,96,111,111,111,111],"floor_reached":16,"language":"ITA","playtime":875,"items_purged":["Amnesia","Injury"],"score":138,"play_id":"348656ab-aaaa-4a80-8fc2-c1ade1eb373f","local_time":"20210131181114","is_ascension_mode":true,"campfire_choices":[{"floor":11,"key":"REST"},{"floor":15,"key":"REST"}],"circlet_count":0,"master_deck":["Strike_G","Strike_G","Strike_G","Strike_G","Strike_G","Defend_G","Defend_G","Defend_G","Defend_G","Survivor","Neutralize","Infinite Blades","Dramatic Entrance","Adrenaline","Terror","Fluid Movement"],"relics":["Ring of the Snake","Golden Idol","ReplayTheSpireMod:CursedCoin","Tiny Chest","Sundial","Boot","Regal Pillow","PreservedInsect"],"acts_visited":["Exordium"],"potions_floor_usage":[12,16],"damage_taken":[{"damage":0,"enemies":"Jaw Worm","floor":1,"turns":4},{"damage":0,"enemies":"2 Louse","floor":4,"turns":2},{"damage":35,"enemies":"3 Sentries","floor":6,"turns":10},{"damage":0,"enemies":"Cultist","floor":7,"turns":4},{"damage":1,"enemies":"Exordium Wildlife","floor":10,"turns":2},{"damage":7,"enemies":"Gremlin Nob","floor":12,"turns":3},{"damage":2,"enemies":"3 Louse","floor":14,"turns":2},{"damage":0,"enemies":"Fading Forest","floor":16,"turns":2}],"seed_played":"-8009551604803723384","potions_obtained":[{"floor":4,"key":"SneckoOil"},{"floor":12,"key":"SkillPotion"},{"floor":14,"key":"Milkshake"}],"is_trial":false,"path_per_floor":["M","?","$","M","?","E","M","?","T","M","R","E","$","M","R","B"],"character_chosen":"THE_SILENT","items_purchased":["ReplayTheSpireMod:CursedCoin","Tiny Chest","Dramatic Entrance","PreservedInsect"],"campfire_rested":2,"item_purchase_floors":[3,3,3,13],"current_hp_per_floor":[63,63,63,63,63,28,28,28,28,27,45,38,38,36,63,63,63],"gold":111,"neow_bonus":"TWO_FIFTY_GOLD","is_daily":false,"chose_seed":false,"campfire_upgraded":0,"win_rate":0.0,"timestamp":1612113074,"path_taken":["M","?","$","M","?","E","M","?","T","?","R","E","$","M","R","BOSS"],"items_purchased_type":["Relic","Relic","Card","Relic"],"build_version":"2020-12-22","purchased_purges":2,"victory":false,"max_hp_per_floor":[63,63,63,63,63,63,63,63,63,63,63,63,63,63,63,63,63],"card_choices":[{"not_picked":["Prepared","PiercingWail"],"picked":"Infinite Blades","floor":1},{"not_picked":["Footwork","Backflip","Dash"],"picked":"SKIP","floor":4},{"not_picked":["Envenom","ReplayTheSpireMod:The Works"],"picked":"Adrenaline","floor":6},{"not_picked":["Backflip","Masterful Stab"],"picked":"Terror","floor":7},{"not_picked":["Outmaneuver","Deadly Poison","Setup"],"picked":"SKIP","floor":10},{"not_picked":["Caltrops","Poison Darts","Flying Knee"],"picked":"SKIP","floor":12},{"not_picked":["Dagger Throw","Dagger Spray","Choke"],"picked":"SKIP","floor":14}],"player_experience":937065,"relics_obtained":[{"floor":6,"key":"Sundial"},{"floor":9,"key":"Boot"},{"floor":12,"key":"Regal Pillow"}],"event_choices":[{"damage_healed":0,"gold_gain":0,"player_choice":"Take Wound","damage_taken":0,"relics_obtained":["Golden Idol"],"max_hp_gain":0,"max_hp_loss":0,"event_name":"Golden Idol","floor":2,"gold_loss":0,"cards_obtained":["Injury"]},{"damage_healed":0,"gold_gain":0,"cards_transformed":["Defend_G"],"player_choice":"Transformed","damage_taken":0,"max_hp_gain":0,"max_hp_loss":0,"event_name":"Transmorgrifier","floor":8,"gold_loss":0,"cards_obtained":["Fluid Movement"]}],"is_beta":false,"boss_relics":[],"items_purged_floors":[3,13],"is_endless":false,"potions_floor_spawned":[4,12,14],"killed_by":"Fading Forest","ascension_level":5}}