{"host":"w3q5ijqu8eoknil3","time":1612101676,"event":{"mods":["AchievementEnabler","BaseMod","Block Reminder","Colored Map","Colored Powertips","Curses Come First","Dark Map","Minty Spire (QoL Compilation)","Quick Restart","Relic Stats","StSLib","ojb\u0027s Better Paths Mod","ojb\u0027s Info Mod","slay the spire mod where everything is the same but ironclad has a cowboy hat"],"gold_per_floor":[113,128,148,161,161,161,161,200,223,223,261,280,304,322,322,322,322],"floor_reached":16,"language":"ENG","playtime":806,"items_purged":[],"score":222,"play_id":"943ca942-6ee3-4a2d-ae3e-fa81aa39b275","local_time":"20210131140116","is_ascension_mode":true,"campfire_choices":[{"data":"Masterful Stab","floor":6,"key":"SMITH"},{"data":"Burst","floor":10,"key":"SMITH"},{"floor":15,"key":"REST"}],"circlet_count":0,"master_deck":["AscendersBane","Strike_G","Strike_G","Strike_G","Strike_G+1","Defend_G","Defend_G","Defend_G","Defend_G","Defend_G","Survivor","Neutralize+1","Burst+1","Masterful Stab+1","Quick Slash","PiercingWail","Bullet Time","Eviscerate","Deadly Poison","Blade Dance"],"relics":["Ring of the Snake","Golden Idol","Whetstone","Bag of Preparation","Snake Skull"],"acts_visited":["Exordium"],"potions_floor_usage":[4,11,11,16,16,16,16],"damage_taken":[{"damage":0,"enemies":"2 Louse","floor":1,"turns":4},{"damage":0,"enemies":"Small Slimes","floor":2,"turns":3},{"damage":0,"enemies":"Cultist","floor":3,"turns":4},{"damage":0,"enemies":"Exordium Thugs","floor":4,"turns":5},{"damage":23,"enemies":"3 Sentries","floor":8,"turns":17},{"damage":13,"enemies":"Gremlin Nob","floor":11,"turns":4},{"damage":4,"enemies":"Blue Slaver","floor":12,"turns":5},{"damage":0,"enemies":"Large Slime","floor":13,"turns":5},{"damage":6,"enemies":"Exordium Thugs","floor":14,"turns":6},{"damage":38,"enemies":"Slime Boss","floor":16,"turns":7}],"seed_played":"3062189137767127837","potions_obtained":[{"floor":1,"key":"DistilledChaos"},{"floor":3,"key":"ColorlessPotion"},{"floor":4,"key":"DuplicationPotion"},{"floor":12,"key":"Ancient Potion"},{"floor":14,"key":"EntropicBrew"}],"is_trial":false,"path_per_floor":["M","M","M","M","?","R","?","E","T","R","E","M","M","M","R","B"],"character_chosen":"THE_SILENT","items_purchased":[],"campfire_rested":1,"item_purchase_floors":[],"current_hp_per_floor":[59,59,59,59,59,59,64,41,41,41,28,24,24,18,37,0,0],"gold":322,"neow_bonus":"TRANSFORM_CARD","is_daily":false,"chose_seed":false,"campfire_upgraded":2,"win_rate":0.0,"timestamp":1612101676,"path_taken":["M","M","M","M","?","R","?","E","T","R","E","M","M","M","R","BOSS"],"items_purchased_type":[],"build_version":"2020-12-22","purchased_purges":0,"victory":false,"max_hp_per_floor":[66,66,66,66,60,60,65,65,65,65,65,65,65,65,65,65,65],"relic_stats":{"counters":[10,60],"Golden Idol":29,"Snake Skull":[1],"Bag of Preparation":[10],"Whetstone":["Strike_G","Neutralize"],"obtain_stats":[{"Golden Idol":5,"Snake Skull":11,"Bag of Preparation":9,"Whetstone":8,"Ring of the Snake":0},{"Golden Idol":4,"Snake Skull":6,"Bag of Preparation":5,"Whetstone":5,"Ring of the Snake":0},{"Golden Idol":16,"Snake Skull":37,"Bag of Preparation":33,"Whetstone":33,"Ring of the Snake":0}],"Ring of the Snake":[20]},"card_choices":[{"not_picked":["Acrobatics","Dagger Throw"],"picked":"Masterful Stab","floor":1},{"not_picked":["Cloak And Dagger","Prepared"],"picked":"Quick Slash","floor":2},{"not_picked":["Reflex","Deflect"],"picked":"PiercingWail","floor":3},{"not_picked":["Heel Hook","Terror","Prepared"],"picked":"SKIP","floor":4},{"not_picked":["Blade Dance","Flechettes"],"picked":"Bullet Time","floor":8},{"not_picked":["Caltrops","Dagger Throw","Tactician"],"picked":"SKIP","floor":11},{"not_picked":["Cloak And Dagger","Bane"],"picked":"Eviscerate","floor":12},{"not_picked":["Sucker Punch","Outmaneuver"],"picked":"Deadly Poison","floor":13},{"not_picked":["Dagger Throw","Dash"],"picked":"Blade Dance","floor":14}],"player_experience":1029626,"relics_obtained":[{"floor":8,"key":"Whetstone"},{"floor":9,"key":"Bag of Preparation"},{"floor":11,"key":"Snake Skull"}],"event_choices":[{"damage_healed":0,"gold_gain":0,"player_choice":"Lose Max HP","damage_taken":0,"relics_obtained":["Golden Idol"],"max_hp_gain":0,"max_hp_loss":6,"event_name":"Golden Idol","floor":5,"gold_loss":0},{"damage_healed":0,"gold_gain":0,"player_choice":"Donut","damage_taken":0,"max_hp_gain":5,"max_hp_loss":0,"event_name":"Big Fish","floor":7,"gold_loss":0}],"is_beta":false,"boss_relics":[],"items_purged_floors":[],"is_endless":false,"potions_floor_spawned":[1,3,4,12,14],"killed_by":"Slime Boss","ascension_level":19}}