{"host":"y7b1p9nkx4idorr2","time":1612080838,"event":{"mods":["AchievementEnabler","Act Like it!","BaseMod","Colored Map","Downfall","GifTheSpireLib","Googly Eyes","Highlight Path","Mimic Mod","Minty Spire (QoL Compilation)","Shop Mod","Spicy Shops","StSLib","Unceasing Turn Reminder"],"gold_per_floor":[99,110,20,38,53,79,104,120,152,168,178,17,17,2,20,115,115,15,27,42,27,47,64,64,75,86,86,86,115,115,127,146,146,146,146],"floor_reached":33,"language":"ENG","playtime":2282,"items_purged":["hexamod:Strike"],"score":414,"play_id":"5880546b-c610-43ef-9b2c-332051523b78","local_time":"20210131021358","is_ascension_mode":true,"campfire_choices":[{"data":"hexamod:Float","floor":1,"key":"SMITH"},{"data":"hexamod:FastForward","floor":18,"key":"SMITH"},{"floor":27,"key":"REST"},{"data":"hexamod:VolcanoVisage","floor":30,"key":"SMITH"}],"circlet_count":0,"master_deck":["hexamod:Strike","hexamod:Strike","hexamod:Defend","hexamod:Defend","hexamod:Defend","hexamod:Defend","hexamod:Sear","hexamod:Float+1","hexamod:PhantomFireball","hexamod:GhostflameBarrier","hexamod:Again","hexamod:BurningTouch","hexamod:HauntingEcho","hexamod:GhostShield","hexamod:ExtraCrispy","hexamod:HeatShield","hexamod:InspiringFlames","hexamod:HeatCrush","hexamod:FastForward+1","hexamod:ApocalypseNow","hexamod:VolcanoVisage+1","hexamod:ShieldOfDarkness+1","hexamod:PowerFromBeyond+1","hexamod:RainOfEmbers+1","hexamod:StepThrough","hexamod:GhostLash+1","downfall:Bewildered","hexamod:DynamicBlow","hexamod:FastForward","hexamod:VolcanoVisage","hexamod:FastForward","hexamod:TurnItUp"],"relics":["hexamod:SpiritBrand","hexamod:MatchstickCase","PreservedInsect","Ornamental Fan","Vajra","Cursed Key","downfall:HeartBlessingGreen","Lizard Tail","Nloth\u0027s Gift","Singing Bowl"],"acts_visited":["Exordium","TheCity"],"potions_floor_usage":[9,16,16],"damage_taken":[{"damage":0,"enemies":"Cultist","floor":2,"turns":3},{"damage":0,"enemies":"downfall:FleeingMerchant","floor":3,"turns":4},{"damage":0,"enemies":"Jaw Worm","floor":4,"turns":3},{"damage":2,"enemies":"Small Slimes","floor":5,"turns":2},{"damage":64,"enemies":"Gremlin Nob","floor":6,"turns":6},{"damage":0,"enemies":"Gremlin Gang","floor":8,"turns":4},{"damage":0,"enemies":"3 Sentries","floor":9,"turns":5},{"damage":0,"enemies":"Blue Slaver","floor":10,"turns":3},{"damage":0,"enemies":"Exordium Wildlife","floor":11,"turns":3},{"damage":0,"enemies":"downfall:FleeingMerchant","floor":12,"turns":4},{"damage":0,"enemies":"downfall:FleeingMerchant","floor":14,"turns":4},{"damage":3,"enemies":"3 Louse","floor":15,"turns":3},{"damage":0,"enemies":"IC_STATUS_ARCHETYPE","floor":16,"turns":7},{"damage":19,"enemies":"Chosen","floor":19,"turns":5},{"damage":18,"enemies":"Spheric Guardian","floor":20,"turns":6},{"damage":0,"enemies":"downfall:FleeingMerchant","floor":21,"turns":4},{"damage":2,"enemies":"Centurion and Healer","floor":22,"turns":6},{"damage":0,"enemies":"Snecko","floor":23,"turns":4},{"damage":9,"enemies":"Snake Plant","floor":25,"turns":5},{"damage":14,"enemies":"Shelled Parasite and Fungi","floor":26,"turns":4},{"damage":31,"enemies":"Gremlin Leader","floor":29,"turns":6},{"damage":4,"enemies":"Centurion and Healer","floor":31,"turns":5},{"damage":4,"enemies":"Snecko","floor":32,"turns":3},{"damage":29,"enemies":"SI_MIRROR_ARCHETYPE","floor":33,"turns":12}],"seed_played":"-5295845090746795932","potions_obtained":[{"floor":2,"key":"SkillPotion"},{"floor":9,"key":"Guardian:BlockOnCardUsePotion"},{"floor":11,"key":"DistilledChaos"},{"floor":15,"key":"hexamod:InfernoChargePotion"},{"floor":16,"key":"Guardian:BlockOnCardUsePotion"},{"floor":23,"key":"SpeedPotion"},{"floor":31,"key":"BlessingOfTheForge"}],"is_trial":false,"path_per_floor":["R","M","$","M","M","E","T","M","E","M","M","$","?","$","M","B",null,"R","M","M","$","M","M","T","M","M","R","?","E","R","M","M","B"],"character_chosen":"THE_SPIRIT","items_purchased":["Vajra"],"campfire_rested":1,"item_purchase_floors":[12],"current_hp_per_floor":[70,70,70,70,68,4,4,4,4,4,4,4,4,4,1,1,70,70,51,33,33,31,31,31,22,8,29,29,35,35,31,27,0,0,0],"gold":146,"neow_bonus":"RANDOM_COMMON_RELIC","is_daily":false,"chose_seed":false,"campfire_upgraded":3,"win_rate":0.0,"timestamp":1612080838,"path_taken":["R","M","$","M","M","E","T","M","E","?","M","$","?","?","M","BOSS","R","M","M","$","?","M","T","M","M","R","?","E","R","?","M","BOSS"],"items_purchased_type":["Relic"],"build_version":"2020-12-22","purchased_purges":1,"victory":false,"max_hp_per_floor":[70,70,70,70,70,70,70,70,70,70,70,70,70,70,70,70,70,70,70,70,70,70,70,70,70,70,70,70,70,70,70,70,70,70,70],"card_choices":[{"not_picked":["hexamod:SpectersWail","hexamod:Rewind"],"picked":"hexamod:PhantomFireball","floor":2},{"not_picked":["hexamod:HauntingEcho","hexamod:FirstSeal"],"picked":"hexamod:GhostflameBarrier","floor":3},{"not_picked":["hexamod:FirstSeal","hexamod:PhantomCloak"],"picked":"hexamod:Again","floor":4},{"not_picked":["hexamod:NightmareGuise","hexamod:InspiringFlames"],"picked":"hexamod:BurningTouch","floor":5},{"not_picked":["hexamod:GhostOfSpireFuture","hexamod:SuperheatedStrike"],"picked":"hexamod:HauntingEcho","floor":6},{"not_picked":["hexamod:BacktrackSmack","hexamod:GhostflameBarrier"],"picked":"hexamod:GhostShield","floor":8},{"not_picked":["hexamod:BurningTouch","hexamod:EtherealExpedition"],"picked":"hexamod:ExtraCrispy","floor":9},{"not_picked":["hexamod:FlamesFromBeyond","hexamod:BacktrackSmack"],"picked":"hexamod:HeatShield","floor":10},{"not_picked":["hexamod:Hexaguard","hexamod:PhantomCloak"],"picked":"hexamod:InspiringFlames","floor":11},{"not_picked":["hexamod:SuperheatedStrike","hexamod:GhostLash"],"picked":"hexamod:HeatCrush","floor":12},{"not_picked":["hexamod:BacktrackSmack","hexamod:ShieldOfDarkness"],"picked":"hexamod:FastForward","floor":14},{"not_picked":["hexamod:RetreatToShadows","hexamod:SpectersWail"],"picked":"hexamod:ApocalypseNow","floor":15},{"not_picked":["hexamod:TimeWarp","hexamod:ApocalypseNow"],"picked":"hexamod:VolcanoVisage","floor":16},{"not_picked":["hexamod:BacktrackSmack","hexamod:NightmareGuise+1"],"picked":"hexamod:ShieldOfDarkness+1","floor":19},{"not_picked":["hexamod:Again+1","hexamod:InspiringFlames"],"picked":"hexamod:PowerFromBeyond+1","floor":20},{"not_picked":["hexamod:HauntingEcho+1","hexamod:NightmareStrike"],"picked":"hexamod:RainOfEmbers+1","floor":21},{"not_picked":["hexamod:EmpoweredFlame","hexamod:SpectersWail"],"picked":"hexamod:StepThrough","floor":22},{"not_picked":["hexamod:HeatMetal","hexamod:NightmareGuise"],"picked":"hexamod:GhostLash+1","floor":23},{"not_picked":["hexamod:ShieldOfDarkness","hexamod:SpectersWail+1"],"picked":"hexamod:DynamicBlow","floor":25},{"not_picked":["hexamod:SkipABeat","hexamod:SpectralSpark"],"picked":"hexamod:FastForward","floor":26},{"not_picked":["hexamod:SkipABeat","hexamod:ApocalypseNow"],"picked":"hexamod:VolcanoVisage","floor":29},{"not_picked":["hexamod:GhostOfSpirePast","hexamod:GhostShield"],"picked":"hexamod:FastForward","floor":31},{"not_picked":["hexamod:ExtraCrispy","hexamod:AdvancingGuard"],"picked":"hexamod:TurnItUp","floor":32}],"player_experience":2243325,"relics_obtained":[{"floor":6,"key":"hexamod:MatchstickCase"},{"floor":7,"key":"PreservedInsect"},{"floor":9,"key":"Ornamental Fan"},{"floor":24,"key":"Lizard Tail"},{"floor":29,"key":"Singing Bowl"}],"event_choices":[],"is_beta":false,"boss_relics":[{"not_picked":["Runic Dome","Empty Cage"],"picked":"Cursed Key"}],"items_purged_floors":[3],"is_endless":false,"potions_floor_spawned":[2,9,11,15,16,23,25,31,32],"killed_by":"SI_MIRROR_ARCHETYPE","ascension_level":3}}