{"host":"6xsbn6ynqlzwllfm","time":1612100757,"event":{"mods":["2.2 Compatiblity","BaseMod","Bestiary","Colored Map","Colored Powertips","Curses Come First","Highlight Path","Keyboard Shortcuts","Minty Spire (QoL Compilation)","Relic Stats","Slay the Relics Exporter","StSLib","SuperFastMode"],"gold_per_floor":[114,114,114,129,129,159,159,219,294,384,384,444,489,114,114,239,239,304,204,269,334,349,349,729,729,729,809,809,839,839,839,839,889,889],"floor_reached":33,"language":"ENG","playtime":1140,"items_purged":["Pain","Strike_R"],"score":354,"play_id":"471b14e2-3a51-4486-b468-0731a781e8f7","local_time":"20210131084557","daily_mods":["Allstar","Diverse","Elite Swarm"],"is_ascension_mode":false,"campfire_choices":[{"floor":7.0,"key":"REST"},{"floor":11.0,"key":"REST"},{"floor":15.0,"key":"REST"},{"floor":23.0,"key":"REST"},{"data":"Discovery","floor":25,"key":"SMITH"},{"floor":32,"key":"REST"}],"circlet_count":0,"master_deck":["Strike_R","Strike_R+1","Strike_R+1","Strike_R","Defend_R","Defend_R","Defend_R","Defend_R","Bash","Discovery+1","Blind","Transmutation","Impatience","Panacea","CutThroughFate","Wish","Echo Form","Vault+1","Reprogram+1","SandsOfTime","Scrawl+1","Echo Form"],"relics":["Burning Blood","Incense Burner","WarpedTongs","Self Forming Clay","Bronze Scales","Paper Frog","Blood Vial","Toxic Egg 2","Chemical X","Happy Flower","Sozu","Old Coin","Potion Belt","Ornamental Fan","Bottled Tornado"],"acts_visited":["Exordium","TheCity"],"potions_floor_usage":[24],"damage_taken":[{"damage":0.0,"enemies":"Small Slimes","floor":1.0,"turns":3.0},{"damage":8.0,"enemies":"Jaw Worm","floor":4.0,"turns":3.0},{"damage":15.0,"enemies":"Lagavulin","floor":6.0,"turns":9.0},{"damage":21.0,"enemies":"3 Sentries","floor":8.0,"turns":4.0},{"damage":49.0,"enemies":"Gremlin Nob","floor":10.0,"turns":6.0},{"damage":21.0,"enemies":"Lagavulin","floor":12.0,"turns":6.0},{"damage":1.0,"enemies":"Cultist","floor":13.0,"turns":5.0},{"damage":1.0,"enemies":"Slime Boss","floor":16.0,"turns":7.0},{"damage":36.0,"enemies":"2 Thieves","floor":18.0,"turns":4.0},{"damage":10.0,"enemies":"Shell Parasite","floor":20.0,"turns":4.0},{"damage":19.0,"enemies":"Shelled Parasite and Fungi","floor":21.0,"turns":4.0},{"damage":12.0,"enemies":"Snecko","floor":22.0,"turns":5.0},{"damage":16,"enemies":"Gremlin Leader","floor":24,"turns":6},{"damage":34,"enemies":"Slavers","floor":27,"turns":8},{"damage":7,"enemies":"Book of Stabbing","floor":29,"turns":6},{"damage":38,"enemies":"Collector","floor":33,"turns":3}],"seed_played":"7510361231737359051","potions_obtained":[{"floor":4.0,"key":"BloodPotion"},{"floor":8.0,"key":"Dexterity Potion"},{"floor":16.0,"key":"Weak Potion"}],"is_trial":false,"path_per_floor":["M","?","?","M","?","E","R","E","T","E","R","E","M","$","R","B",null,"M","$","M","M","M","R","E","R","T","E","?","E","?","?","R","B"],"character_chosen":"IRONCLAD","items_purchased":["Chemical X","Happy Flower"],"campfire_rested":5,"item_purchase_floors":[14,14],"current_hp_per_floor":[80,62,46,44,44,35,59,44,44,17,41,28,35,35,59,66,80,50,50,48,37,33,57,49,49,49,23,8,9,9,9,34,0,0],"gold":889,"neow_bonus":"","is_daily":true,"chose_seed":false,"campfire_upgraded":1,"win_rate":0.0,"timestamp":1612100757,"path_taken":["M","?","?","M","?","E","R","E","T","E","R","E","M","$","R","BOSS","M","$","?","M","?","R","E","R","T","E","?","E","?","?","R","BOSS"],"items_purchased_type":["Relic","Relic"],"build_version":"2020-12-22","purchased_purges":2,"victory":false,"max_hp_per_floor":[80,80,80,80,80,80,80,80,80,80,80,80,80,80,80,80,80,80,80,80,80,80,80,80,80,80,80,85,85,85,85,85,85,85],"relic_stats":{"Blood Vial":20,"Sozu":3,"Happy Flower":[15],"counters":[16,83],"Self Forming Clay":[147],"Ornamental Fan":[8],"Bronze Scales":[191],"Chemical X":[13],"obtain_stats":[{"Potion Belt":26,"Happy Flower":14,"Self Forming Clay":6,"Incense Burner":2,"Bottled Tornado":29,"Burning Blood":0,"WarpedTongs":5,"Old Coin":24,"Blood Vial":10,"Sozu":17,"Ornamental Fan":27,"Bronze Scales":8,"Chemical X":14,"Toxic Egg 2":12,"Paper Frog":9},{"Potion Belt":13,"Happy Flower":7,"Self Forming Clay":3,"Incense Burner":1,"Bottled Tornado":15,"Burning Blood":0,"WarpedTongs":2,"Old Coin":13,"Blood Vial":5,"Sozu":8,"Ornamental Fan":14,"Bronze Scales":4,"Chemical X":7,"Toxic Egg 2":6,"Paper Frog":4},{"Potion Belt":66,"Happy Flower":36,"Self Forming Clay":15,"Incense Burner":3,"Bottled Tornado":80,"Burning Blood":0,"WarpedTongs":6,"Old Coin":66,"Blood Vial":25,"Sozu":43,"Ornamental Fan":74,"Bronze Scales":19,"Chemical X":36,"Toxic Egg 2":31,"Paper Frog":19}],"Burning Blood":84,"WarpedTongs":[77]},"card_choices":[{"not_picked":["Skewer","Pummel"],"picked":"CutThroughFate","floor":4.0},{"not_picked":["Envenom","Offering"],"picked":"Wish","floor":6.0},{"not_picked":["Grand Finale","Immolate"],"picked":"Echo Form","floor":8.0},{"not_picked":["Die Die Die","Burst+1"],"picked":"Vault+1","floor":12.0},{"not_picked":["Thunderclap","Crippling Poison+1"],"picked":"Reprogram+1","floor":13.0},{"not_picked":["Uppercut+1","Cleave"],"picked":"SandsOfTime","floor":20.0},{"not_picked":["Backstab+1","Shrug It Off+1","Halt+1"],"picked":"SKIP","floor":21.0},{"not_picked":["Storm of Steel+1","Judgement+1"],"picked":"Scrawl+1","floor":24},{"not_picked":["Brilliance","Doppelganger+1"],"picked":"Echo Form","floor":29}],"player_experience":1348178,"relics_obtained":[{"floor":6.0,"key":"Self Forming Clay"},{"floor":8.0,"key":"Bronze Scales"},{"floor":9.0,"key":"Paper Frog"},{"floor":10.0,"key":"Blood Vial"},{"floor":12.0,"key":"Toxic Egg 2"},{"floor":24,"key":"Old Coin"},{"floor":26,"key":"Potion Belt"},{"floor":27,"key":"Ornamental Fan"},{"floor":29,"key":"Bottled Tornado"}],"event_choices":[{"damage_healed":0.0,"max_hp_gain":0.0,"max_hp_loss":0.0,"gold_gain":0.0,"event_name":"Scrap Ooze","player_choice":"Success","floor":2.0,"gold_loss":0.0,"damage_taken":18.0,"relics_obtained":["Incense Burner"]},{"damage_healed":0.0,"max_hp_gain":0.0,"max_hp_loss":0.0,"gold_gain":0.0,"event_name":"Shining Light","player_choice":"Entered Light","floor":3.0,"gold_loss":0.0,"damage_taken":16.0,"cards_upgraded":["Strike_R","Strike_R"]},{"damage_healed":0.0,"max_hp_gain":0.0,"max_hp_loss":0.0,"gold_gain":0.0,"event_name":"Accursed Blacksmith","player_choice":"Rummage","floor":5.0,"gold_loss":0.0,"damage_taken":0.0,"relics_obtained":["WarpedTongs"],"cards_obtained":["Pain"]},{"damage_healed":0,"gold_gain":0,"player_choice":"Shed Blood","damage_taken":20,"max_hp_gain":5,"max_hp_loss":0,"event_name":"Forgotten Altar","floor":28,"gold_loss":0},{"damage_healed":0,"gold_gain":0,"player_choice":"Ignored","damage_taken":0,"max_hp_gain":0,"max_hp_loss":0,"event_name":"Cursed Tome","floor":30,"gold_loss":0},{"damage_healed":0,"gold_gain":0,"player_choice":"Ignored","damage_taken":0,"max_hp_gain":0,"max_hp_loss":0,"event_name":"Vampires","floor":31,"gold_loss":0}],"is_beta":false,"boss_relics":[{"not_picked":["Mark of Pain","SlaversCollar"],"picked":"Sozu"}],"items_purged_floors":[14,19],"is_endless":false,"potions_floor_spawned":[4,8,16,21,27,29],"killed_by":"Collector","ascension_level":0}}