{"host":"2ty4h143nj8vwezc","time":1612116672,"event":{"mods":["BaseMod","Colored Map","Googly Eyes","Highlight Path","Minty Spire (QoL Compilation)","Quick Restart","StSLib"],"gold_per_floor":[119,119,139,50,50,81,81,81,81,81,105,105,143,161,161,254,254,279,115,140,82,98,98,129,129,154,169,194,194,194,208,208,304,304,324,304,327,340,179,179,219,219,219,238,571,589,604,614,614,614],"floor_reached":51,"language":"ENG","playtime":6172,"items_purged":["Injury"],"score":1290,"play_id":"0a9a11fc-ead0-438c-94ce-f83d101dad1a","local_time":"20210131131112","is_ascension_mode":true,"campfire_choices":[{"floor":7.0,"key":"REST"},{"data":"After Image","floor":10.0,"key":"SMITH"},{"data":"Burst","floor":15.0,"key":"SMITH"},{"floor":23.0,"key":"REST"},{"floor":25.0,"key":"REST"},{"floor":29.0,"key":"REST"},{"floor":32.0,"key":"REST"},{"floor":40.0,"key":"REST"},{"floor":42.0,"key":"REST"},{"floor":49,"key":"REST"}],"circlet_count":0,"master_deck":["AscendersBane","Survivor+1","Neutralize","Doppelganger","Calculated Gamble","Burst+1","Skewer","Bullet Time","After Image+1","Night Terror","Crippling Poison","Blur+1","Dash","Crippling Poison","Corpse Explosion","CurseOfTheBell","Cloak And Dagger","Catalyst","Night Terror","Prepared","Blur","Catalyst","Backstab","Calculated Gamble+1","Venomology","Calculated Gamble+1","Wraith Form v2","Noxious Fumes+1","Escape Plan"],"relics":["Pandora\u0027s Box","Pear","Question Card","War Paint","Calling Bell","Ancient Tea Set","Ornamental Fan","Du-Vu Doll","Orichalcum","Boot","Snecko Eye","Strawberry","MealTicket","Shuriken"],"acts_visited":["Exordium","TheCity","TheBeyond"],"potions_floor_usage":[46,46,50,50,50],"damage_taken":[{"damage":9.0,"enemies":"Jaw Worm","floor":1.0,"turns":3.0},{"damage":3.0,"enemies":"Cultist","floor":3.0,"turns":4.0},{"damage":35.0,"enemies":"Gremlin Nob","floor":6.0,"turns":4.0},{"damage":4.0,"enemies":"2 Louse","floor":11.0,"turns":4.0},{"damage":4.0,"enemies":"3 Sentries","floor":13.0,"turns":11.0},{"damage":0.0,"enemies":"2 Fungi Beasts","floor":14.0,"turns":5.0},{"damage":16.0,"enemies":"Hexaghost","floor":16.0,"turns":10.0},{"damage":23.0,"enemies":"Spheric Guardian","floor":18.0,"turns":7.0},{"damage":8.0,"enemies":"Chosen","floor":20.0,"turns":6.0},{"damage":12.0,"enemies":"Centurion and Healer","floor":22.0,"turns":4.0},{"damage":28.0,"enemies":"Slavers","floor":24.0,"turns":6.0},{"damage":18.0,"enemies":"Snake Plant","floor":27.0,"turns":4.0},{"damage":10.0,"enemies":"Snecko","floor":28.0,"turns":5.0},{"damage":11.0,"enemies":"Centurion and Healer","floor":31.0,"turns":4.0},{"damage":12.0,"enemies":"Champ","floor":33.0,"turns":11.0},{"damage":30.0,"enemies":"3 Darklings","floor":35.0,"turns":4.0},{"damage":2.0,"enemies":"Orb Walker","floor":37.0,"turns":3.0},{"damage":2.0,"enemies":"Sphere and 2 Shapes","floor":38.0,"turns":4.0},{"damage":7.0,"enemies":"Reptomancer","floor":41.0,"turns":5.0},{"damage":0,"enemies":"Maw","floor":44,"turns":6},{"damage":11,"enemies":"4 Shapes","floor":46,"turns":5},{"damage":11,"enemies":"Transient","floor":47,"turns":3},{"damage":36,"enemies":"Spire Growth","floor":48,"turns":5},{"damage":3,"enemies":"Donu and Deca","floor":50,"turns":8}],"seed_played":"-6212707107280009367","potions_obtained":[{"floor":6.0,"key":"LiquidBronze"},{"floor":11.0,"key":"Energy Potion"},{"floor":14.0,"key":"SkillPotion"},{"floor":20.0,"key":"Energy Potion"},{"floor":27.0,"key":"CultistPotion"},{"floor":31.0,"key":"LiquidMemories"},{"floor":35.0,"key":"EssenceOfSteel"},{"floor":36.0,"key":"DuplicationPotion"},{"floor":41.0,"key":"SpeedPotion"},{"floor":44,"key":"DuplicationPotion"}],"is_trial":false,"path_per_floor":["M","?","M","$","?","E","R","?","T","R","M","?","E","M","R","B",null,"M","$","M","$","M","R","E","R","T","M","M","R","$","M","R","B",null,"M","?","M","M","$","R","E","R","T","M","?","M","M","M","R","B",null],"character_chosen":"THE_SILENT","items_purchased":["Blur","Catalyst","Prepared","Strawberry"],"campfire_rested":8,"item_purchase_floors":[4,19,21,39],"current_hp_per_floor":[50,66,63,63,63,38,60,60,60,60,56,56,52,52,52,36,66,43,43,35,35,23,45,17,39,39,21,11,33,33,22,44,32,65,35,35,33,31,38,62,55,79,79,79,79,68,57,21,45,42],"gold":614,"neow_bonus":"BOSS_RELIC","is_daily":false,"chose_seed":false,"campfire_upgraded":2,"win_rate":0.0,"timestamp":1612116672,"path_taken":["M","?","?","$","?","E","R","?","T","R","M","?","E","?","R","BOSS","M","$","M","$","M","R","E","R","T","?","M","R","?","M","R","BOSS","M","?","M","?","$","R","E","R","T","M","?","M","M","M","R","BOSS"],"items_purchased_type":["Card","Card","Card","Relic"],"build_version":"2020-12-22","purchased_purges":1,"victory":true,"max_hp_per_floor":[66,66,66,66,66,76,76,76,76,76,76,76,76,76,76,76,76,76,76,76,76,76,76,76,76,76,76,76,76,76,76,76,76,76,76,76,76,76,83,83,83,83,83,83,83,83,83,83,83,83],"card_choices":[{"not_picked":["Flying Knee","Dagger Throw","Poisoned Stab"],"picked":"SKIP","floor":1.0},{"not_picked":["Finisher","Blade Dance","Riddle With Holes"],"picked":"SKIP","floor":3.0},{"not_picked":["Skewer","Infinite Blades","Backflip"],"picked":"SKIP","floor":6.0},{"not_picked":["Poisoned Stab","Infinite Blades","Acrobatics"],"picked":"Dash","floor":11.0},{"not_picked":["Bullet Time","Backflip","Accuracy","Masterful Stab"],"picked":"SKIP","floor":13.0},{"not_picked":["Deflect","Setup","Cloak And Dagger","Sucker Punch"],"picked":"SKIP","floor":14.0},{"not_picked":["After Image","Night Terror","Storm of Steel"],"picked":"Corpse Explosion","floor":16.0},{"not_picked":["Blade Dance","Noxious Fumes","Deadly Poison+1"],"picked":"Cloak And Dagger","floor":18.0},{"not_picked":["PiercingWail","Prepared","Choke"],"picked":"Night Terror","floor":20.0},{"not_picked":["Tactician+1","Infinite Blades","Poisoned Stab"],"picked":"Blur","floor":22.0},{"not_picked":["Blade Dance","Choke","Quick Slash+1"],"picked":"Catalyst","floor":24.0},{"not_picked":["Catalyst","Leg Sweep","Cloak And Dagger"],"picked":"Backstab","floor":27.0},{"not_picked":["All Out Attack","Slice+1","Bane","Flechettes"],"picked":"SKIP","floor":28.0},{"not_picked":["Heel Hook","Dagger Throw","Leg Sweep"],"picked":"Calculated Gamble+1","floor":31.0},{"not_picked":["Envenom","Unload","Night Terror"],"picked":"Venomology","floor":33.0},{"not_picked":["Blade Dance","Backflip","Cloak And Dagger","Backstab"],"picked":"SKIP","floor":35.0},{"not_picked":["Backflip","Outmaneuver","Catalyst"],"picked":"Calculated Gamble+1","floor":37.0},{"not_picked":["Backflip","Dagger Spray","Phantasmal Killer","Slice"],"picked":"SKIP","floor":38.0},{"not_picked":["Sucker Punch+1","Terror","Heel Hook","Reflex"],"picked":"SKIP","floor":41.0},{"not_picked":["PiercingWail","Reflex","Poisoned Stab"],"picked":"Wraith Form v2","floor":44},{"not_picked":["Quick Slash+1","Dagger Throw","Backflip","Setup"],"picked":"SKIP","floor":46},{"not_picked":["Bane","Reflex","Heel Hook"],"picked":"Noxious Fumes+1","floor":47},{"not_picked":["Flying Knee+1","Backflip+1","Dagger Throw"],"picked":"Escape Plan","floor":48}],"player_experience":317557,"relics_obtained":[{"floor":6.0,"key":"Pear"},{"floor":9.0,"key":"Question Card"},{"floor":13.0,"key":"War Paint"},{"floor":17.0,"key":"Ancient Tea Set"},{"floor":17.0,"key":"Ornamental Fan"},{"floor":17.0,"key":"Du-Vu Doll"},{"floor":24.0,"key":"Orichalcum"},{"floor":26.0,"key":"Boot"},{"floor":41.0,"key":"MealTicket"},{"floor":43.0,"key":"Shuriken"}],"event_choices":[{"cards_removed":["Accuracy"],"damage_healed":16.0,"max_hp_gain":0.0,"max_hp_loss":0.0,"gold_gain":0.0,"event_name":"Bonfire Elementals","player_choice":"Offered Uncommon","floor":2.0,"gold_loss":0.0,"damage_taken":0.0},{"damage_healed":0.0,"max_hp_gain":0.0,"max_hp_loss":0.0,"gold_gain":0.0,"event_name":"Scrap Ooze","player_choice":"Fled","floor":5.0,"gold_loss":0.0,"damage_taken":0.0},{"damage_healed":0.0,"max_hp_gain":0.0,"max_hp_loss":0.0,"gold_gain":0.0,"event_name":"Golden Idol","player_choice":"Take Wound","floor":8.0,"gold_loss":0.0,"damage_taken":0.0,"relics_obtained":["Golden Idol"],"cards_obtained":["Injury"]},{"damage_healed":0.0,"max_hp_gain":0.0,"max_hp_loss":0.0,"gold_gain":0.0,"cards_transformed":["Deadly Poison"],"event_name":"Transmorgrifier","player_choice":"Transformed","floor":12.0,"gold_loss":0.0,"damage_taken":0.0,"cards_obtained":["Crippling Poison"]},{"damage_healed":0.0,"max_hp_gain":0.0,"max_hp_loss":0.0,"gold_gain":0.0,"event_name":"The Woman in Blue","player_choice":"Bought 1 Potion","floor":36.0,"gold_loss":0.0,"damage_taken":0.0},{"damage_healed":0,"gold_gain":333,"player_choice":"Gave Idol","damage_taken":0,"max_hp_gain":0,"max_hp_loss":0,"event_name":"The Moai Head","floor":45,"relics_lost":["Golden Idol"],"gold_loss":0}],"is_beta":false,"boss_relics":[{"not_picked":["Tiny House","Ectoplasm"],"picked":"Calling Bell"},{"not_picked":["Coffee Dripper","Runic Dome"],"picked":"Snecko Eye"}],"items_purged_floors":[19],"is_endless":false,"potions_floor_spawned":[6,11,14,20,27,31,35,41,44,48],"ascension_level":17}}