{"host":"59cc6k4ir9ghxqag","time":1612059708,"event":{"mods":["100% Spire Juice","Arknights The Spire","BaseMod","Colored Powertips","Downfall","Hermit","Lobotomy","Marisa£®ÏF”Í°°ƒß¿Ì…≥£©","Minty Spire (QoL Compilation)","Remilia£®¿Ÿ√◊¿Ú—«£©","Replay The Spire","Robot Space Explorer","Shop Mod","StSLib","The Bug Knight","The Cursed","The Dragon Tamer","°æ“≈ŒÔø®≈∆°øREMEMod"],"gold_per_floor":[109,184,237,247,247,274,274,299,324,324,354,34,59,89,89,89,89],"floor_reached":16,"language":"ZHS","playtime":588,"items_purged":[],"score":368,"play_id":"8edde68a-ef8a-4450-b950-2ac3a9fd7c34","local_time":"20210131102147","daily_mods":["SealedDeck","Diverse","Heirloom","Flight","Lethality"],"is_ascension_mode":true,"campfire_choices":[{"data":"Blade Dance","floor":7,"key":"SMITH"},{"data":"Streamline","floor":10,"key":"SMITH"},{"data":"Double Tap","floor":15,"key":"SMITH"}],"circlet_count":0,"master_deck":["AscendersBane","Dagger Throw","Halt","Hologram","hexamod:BacktrackSmack","hexamod:BacktrackSmack","Blade Dance+1","Quick Slash","ThirdEye","DoubleSpark","Double Tap+1","Conserve Battery","Streamline+1","WitchLeyline","WitchLeyline","DTMod:MagicField","bronze:DelayedSlice","sneckomod:DiceBoulder"],"relics":["Unceasing Top","replay:Trail_Library","REME_ComplimentaryCards","Incense Burner","Bag of Preparation","Juzu Bracelet","Mercury Hourglass","bronze:BronzeIdol","ReplayTheSpireMod:Spearhead","REME_IWantAll","REME_PuzzleBoxRelic","Replay:Towering Pillar of Hats"],"acts_visited":["Exordium"],"potions_floor_usage":[14,16],"damage_taken":[{"damage":0.0,"enemies":"Cultist","floor":1.0,"turns":2.0},{"damage":0.0,"enemies":"Jaw Worm","floor":4.0,"turns":1.0},{"damage":0,"enemies":"Lagavulin","floor":6,"turns":4},{"damage":7,"enemies":"3 Sentries","floor":8,"turns":3},{"damage":2,"enemies":"Lagavulin","floor":11,"turns":3},{"damage":4,"enemies":"Gremlin Nob","floor":13,"turns":2},{"damage":0,"enemies":"Lagavulin","floor":14,"turns":2},{"damage":50,"enemies":"The Guardian","floor":16,"turns":3}],"seed_played":"-5285133477559189951","potions_obtained":[{"floor":6,"key":"Fire Potion"},{"floor":11,"key":"FearPotion"}],"is_trial":true,"path_per_floor":["M","?","T","M","?","E","R","E","T","R","E","$","E","E","R","B"],"character_chosen":"IRONCLAD","items_purchased":["REME_IWantAll"],"campfire_rested":0,"item_purchase_floors":[12],"current_hp_per_floor":[68,57,57,57,57,57,57,50,50,50,48,48,47,47,47,0,0],"gold":89,"neow_bonus":"","is_daily":false,"chose_seed":false,"campfire_upgraded":3,"win_rate":0.0,"timestamp":1612059707,"path_taken":["M","?","?","?","?","E","R","E","T","R","E","$","E","E","R","BOSS"],"items_purchased_type":["Relic"],"build_version":"2020-12-22","purchased_purges":0,"victory":false,"max_hp_per_floor":[75,75,75,75,75,75,75,75,75,75,75,75,78,78,78,78,78],"card_choices":[{"not_picked":["champ:FocusedBerserking","Moonworks:RedAndBlue"],"picked":"Conserve Battery","floor":1.0},{"not_picked":["ReplayTheSpireMod:Repulse","Guardian:WalkerClaw","bronze:Invalidate"],"picked":"SKIP","floor":4},{"not_picked":["RobotSpaceExplorer:Ammunition","TheCursedMod:CircleOfCorruption","ReplayTheSpireMod:The Works"],"picked":"SKIP","floor":6},{"not_picked":["ats:Guardian Obelisk","Adaptation"],"picked":"Streamline","floor":8},{"not_picked":["ats:Rapid Magazine","TheCursedMod:WearCloak"],"picked":"WitchLeyline","floor":11},{"not_picked":["DTMod:MagicField","bronze:DelayedSlice","sneckomod:DiceBoulder"],"picked":"Singing Bowl","floor":13},{"not_picked":["Finisher","EmptyMind","ats:Fractured Body"],"picked":"SKIP","floor":14}],"player_experience":549281,"relics_obtained":[{"floor":3.0,"key":"Bag of Preparation"},{"floor":6,"key":"Juzu Bracelet"},{"floor":8,"key":"Mercury Hourglass"},{"floor":9,"key":"bronze:BronzeIdol"},{"floor":11,"key":"ReplayTheSpireMod:Spearhead"},{"floor":13,"key":"REME_PuzzleBoxRelic"},{"floor":14,"key":"Replay:Towering Pillar of Hats"}],"event_choices":[{"damage_healed":0.0,"max_hp_gain":0.0,"max_hp_loss":0.0,"gold_gain":75.0,"event_name":"World of Goop","player_choice":"Gather Gold","floor":2.0,"gold_loss":0.0,"damage_taken":11.0},{"cards_removed":["REME_Scribble"],"damage_healed":0,"gold_gain":0,"player_choice":"Purged","damage_taken":0,"max_hp_gain":0,"max_hp_loss":0,"event_name":"Purifier","floor":5,"gold_loss":0},{"cards_removed":["Outmaneuver"],"damage_healed":0,"gold_gain":0,"player_choice":"Purged","damage_taken":0,"max_hp_gain":0,"max_hp_loss":0,"event_name":"Purifier","floor":5,"gold_loss":0}],"is_beta":false,"boss_relics":[],"items_purged_floors":[],"is_endless":true,"potions_floor_spawned":[6,11],"killed_by":"The Guardian","ascension_level":20}}