{"host":"wghdsg8ym2wc7ov9","time":1612075922,"event":{"mods":["A Penny For Your Troubles","AchievementEnabler","Astrologer","BaseMod","Beaked The Cultist","Better Altar","Better Note","ChefMod","Colored Map","Evolution","Fox Events","Hermit","Highlight Path","Jorbs\u0027s Wanderer Trilogy","KinomotoSakuraMod(????)","Minty Spire (QoL Compilation)","Random Character Button","Relic Stats","SIMod","Shop Mod","StSLib","The Blackbeard","The Bladedancer","The Construct","The Cursed","The Death Knight","The Gatherer","The Hierophant","The Marked","The Mystic","The Necromancer","The Runesmith","The Senshi","The Servant 0.9.4","Weighted Paths"],"gold_per_floor":[119,119,139,314,86,86,120,120,174,214,227,227,227,248,248,378,378,403,328,349,362,377,377,421,442,491,616,616,5,5,5,5,124,124,145,166,18,0,56,56,92,92,115,136,169,169,169,184,184,188,188,188,29,62,62],"floor_reached":56,"language":"ENG","playtime":15316,"items_purged":[],"score":1354,"play_id":"5e414a29-9c7c-4cd1-b928-50799c68674c","local_time":"20210130225202","is_ascension_mode":true,"metric_token":2257,"campfire_choices":[{"data":"Gatherer:MiningStrike","floor":6.0,"key":"SMITH"},{"floor":8.0,"key":"REST"},{"data":"Gatherer:Centralize","floor":12.0,"key":"SMITH"},{"floor":15.0,"key":"REST"},{"floor":23.0,"key":"REST"},{"floor":28.0,"key":"REST"},{"floor":30.0,"key":"REST"},{"data":"Gatherer:UpgradeBag","floor":32.0,"key":"SMITH"},{"floor":40,"key":"RECALL"},{"floor":42,"key":"REST"},{"data":"Gatherer:ColorfulGarden","floor":47,"key":"SMITH"},{"data":"Gatherer:Light","floor":49,"key":"SMITH"},{"data":"Gatherer:Shadow","floor":52,"key":"SMITH"}],"circlet_count":0,"master_deck":["Gatherer:Strike_Gatherer","Gatherer:Strike_Gatherer","Gatherer:Strike_Gatherer+1","Gatherer:Strike_Gatherer","Gatherer:Strike_Gatherer","Gatherer:Defend_Gatherer","Gatherer:Defend_Gatherer","Gatherer:Defend_Gatherer","Gatherer:Defend_Gatherer","Gatherer:Defend_Gatherer","Gatherer:Centralize+1","Gatherer:FlowerWhip+1","Gatherer:SmartManeuver","Injury","Gatherer:Snatch","Gatherer:AlchemyTrial","Gatherer:MiningStrike+1","Gatherer:FlowerFalling","Gatherer:WoolGloves","Gatherer:GlowingPlant","Gatherer:Shadow+1","Gatherer:Light+1","Gatherer:BalancedGrowth","Gatherer:FinishingStrike","Gatherer:EnergyBasket","Gatherer:ColorfulGarden+1","Gatherer:TreeGrowth+1","Gatherer:UpgradeBag+1","Gatherer:MindSearch","Gatherer:DrugPower+1","Gatherer:FlowerShield","Gatherer:AromaProtection","Gatherer:Uplift+1","Gatherer:WitheringStrike","Gatherer:AcidicSpray+1","Gatherer:BlackTea","Gatherer:PotentialSlash+1","Gatherer:CollectorsShot","Gatherer:CarefulStrike+1","Gatherer:FragileHammer","Gatherer:CarefulStrike","Gatherer:UpgradeBag+1","Gatherer:BalancedGrowth","Gatherer:Convert+1","Gatherer:Frenzy","Gatherer:CarefulStrike+1"],"relics":["Gatherer:AlchemyBag","EVO:Axolotl","Golden Idol","Oddly Smooth Stone","Strawberry","Blue Candle","The Courier","construct:ClawGrip","Gremlin Horn","Peace Pipe","Gatherer:FlyingFruit","Dream Catcher","Dead Branch","Blood Vial","FaceOfCleric","Busted Crown","Whetstone","Red Mask","Turnip","PreservedInsect","Pen Nib","Art of War","Bronze Scales","Mango"],"acts_visited":["Exordium","TheCity","TheBeyond","TheEnding"],"potions_floor_usage":[39,48,50,50],"damage_taken":[{"damage":0.0,"enemies":"Cultist","floor":1.0,"turns":4.0},{"damage":0.0,"enemies":"2 Louse","floor":3.0,"turns":2.0},{"damage":49.0,"enemies":"3 Sentries","floor":7.0,"turns":13.0},{"damage":15.0,"enemies":"Gremlin Nob","floor":10.0,"turns":4.0},{"damage":0.0,"enemies":"Small Slimes","floor":11.0,"turns":4.0},{"damage":1.0,"enemies":"2 Fungi Beasts","floor":14.0,"turns":3.0},{"damage":19.0,"enemies":"The Guardian","floor":16.0,"turns":13.0},{"damage":13.0,"enemies":"3 Byrds","floor":18.0,"turns":6.0},{"damage":5.0,"enemies":"2 Thieves","floor":20.0,"turns":4.0},{"damage":21.0,"enemies":"Snake Plant","floor":21.0,"turns":4.0},{"damage":5.0,"enemies":"Centurion and Healer","floor":22.0,"turns":6.0},{"damage":31.0,"enemies":"Gremlin Leader","floor":24.0,"turns":10.0},{"damage":1.0,"enemies":"Sentry and Sphere","floor":25.0,"turns":7.0},{"damage":12.0,"enemies":"Colosseum Slavers","floor":27.0,"turns":5.0},{"damage":3.0,"enemies":"Colosseum Nobs","floor":27.0,"turns":5.0},{"damage":36.0,"enemies":"Collector","floor":33.0,"turns":11.0},{"damage":0.0,"enemies":"3 Darklings","floor":35.0,"turns":3.0},{"damage":0,"enemies":"Orb Walker","floor":36,"turns":4},{"damage":22,"enemies":"2 Orb Walkers","floor":39,"turns":4},{"damage":20,"enemies":"Nemesis","floor":41,"turns":6},{"damage":5,"enemies":"Jaw Worm Horde","floor":44,"turns":4},{"damage":0,"enemies":"Giant Head","floor":45,"turns":6},{"damage":0,"enemies":"Spire Growth","floor":48,"turns":4},{"damage":87,"enemies":"Awakened One","floor":50,"turns":13},{"damage":46,"enemies":"Shield and Spear","floor":54,"turns":5},{"damage":94,"enemies":"The Heart","floor":55,"turns":8}],"seed_played":"-1869081262654015956","potions_obtained":[{"floor":7.0,"key":"LiquidMemories"},{"floor":10.0,"key":"GamblersBrew"},{"floor":16.0,"key":"Strength Potion"},{"floor":18.0,"key":"EntropicBrew"},{"floor":27.0,"key":"DeathKnight:BottledBloodEchoes"},{"floor":33.0,"key":"Energy Potion"},{"floor":35,"key":"Energy Potion"},{"floor":36,"key":"EssenceOfSteel"},{"floor":41,"key":"Energy Potion"},{"floor":48,"key":"Weak Potion"}],"is_trial":false,"path_per_floor":["M","?","M","?","$","R","E","R","T","E","M","R","?","M","R","B",null,"M","?","M","M","M","R","E","M","T","?","R","$","R","?","R","B",null,"M","M","$","?","?","R","E","R","T","M","E","?","R","M","R","B",null,"R","$","E","B",null],"character_chosen":"THE_GATHERER","items_purchased":["Gatherer:AlchemyTrial","Gatherer:MiningStrike","Gatherer:FlowerFalling","Gatherer:WoolGloves","Dream Catcher","Dead Branch","Blood Vial","FairyPotion","Gatherer:WitheringStrike","Whetstone","Gatherer:CollectorsShot","Bronze Scales","Gatherer:Frenzy"],"campfire_rested":6,"item_purchase_floors":[5,5,5,5,29,29,29,29,29,37,37,53,53],"current_hp_per_floor":[79,79,79,79,79,79,30,53,60,45,45,45,42,41,66,47,86,73,73,68,47,42,67,36,35,35,20,45,45,70,70,70,45,95,100,101,101,101,80,80,63,93,93,91,94,94,94,97,97,17,111,111,111,80,26],"gold":62,"neow_bonus":"TEN_PERCENT_HP_BONUS","is_daily":false,"chose_seed":false,"campfire_upgraded":6,"win_rate":0.0,"timestamp":1612075922,"path_taken":["M","?","M","?","$","R","E","R","T","E","M","R","?","M","R","BOSS","M","?","M","M","M","R","E","M","T","?","R","$","R","?","R","BOSS","M","M","$","?","?","R","E","R","T","?","E","?","R","M","R","BOSS","R","$","E","BOSS"],"items_purchased_type":["Card","Card","Card","Card","Relic","Relic","Relic","Potion","Card","Relic","Card","Relic","Card"],"build_version":"2020-12-22","purchased_purges":0,"victory":true,"max_hp_per_floor":[79,79,79,79,79,79,79,79,86,86,86,86,86,86,86,86,86,86,86,86,86,86,86,86,86,86,86,86,86,86,86,86,95,95,100,101,101,101,102,102,103,103,103,104,105,105,105,106,106,111,111,111,111,126,127],"relic_stats":{"Gremlin Horn":[16,16],"counters":[26,158],"Golden Idol":206,"Blue Candle":[2],"Dead Branch":[38],"PreservedInsect":193,"Pen Nib":[9],"Whetstone":["Gatherer:Strike_Gatherer","Gatherer:FlowerWhip"],"Peace Pipe":0,"Blood Vial":14,"Dream Catcher":2,"Busted Crown":24,"FaceOfCleric":11,"Bronze Scales":[90],"Turnip":[2],"Art of War":[2],"obtain_stats":[{"construct:ClawGrip":17,"Gremlin Horn":24,"Golden Idol":2,"Blue Candle":10,"Dead Branch":29,"Oddly Smooth Stone":7,"Mango":54,"The Courier":13,"PreservedInsect":41,"Pen Nib":43,"EVO:Axolotl":0,"Whetstone":37,"Peace Pipe":27,"Blood Vial":29,"Gatherer:FlyingFruit":27,"Dream Catcher":29,"Busted Crown":34,"FaceOfCleric":31,"Strawberry":9,"Bronze Scales":53,"Turnip":39,"Red Mask":38,"Art of War":45,"Gatherer:AlchemyBag":0},{"construct:ClawGrip":7,"Gremlin Horn":12,"Golden Idol":1,"Blue Candle":4,"Dead Branch":15,"Oddly Smooth Stone":3,"Mango":25,"The Courier":5,"PreservedInsect":20,"Pen Nib":20,"EVO:Axolotl":0,"Whetstone":18,"Peace Pipe":15,"Blood Vial":15,"Gatherer:FlyingFruit":15,"Dream Catcher":15,"Busted Crown":16,"FaceOfCleric":15,"Strawberry":3,"Bronze Scales":24,"Turnip":19,"Red Mask":18,"Art of War":22,"Gatherer:AlchemyBag":0},{"construct:ClawGrip":43,"Gremlin Horn":73,"Golden Idol":4,"Blue Candle":23,"Dead Branch":90,"Oddly Smooth Stone":19,"Mango":150,"The Courier":27,"PreservedInsect":118,"Pen Nib":118,"EVO:Axolotl":0,"Whetstone":108,"Peace Pipe":90,"Blood Vial":90,"Gatherer:FlyingFruit":90,"Dream Catcher":90,"Busted Crown":101,"FaceOfCleric":90,"Strawberry":19,"Bronze Scales":145,"Turnip":112,"Red Mask":108,"Art of War":128,"Gatherer:AlchemyBag":0}]},"card_choices":[{"not_picked":["Gatherer:Convert","Gatherer:FragileHammer"],"picked":"Gatherer:SmartManeuver","floor":1.0},{"not_picked":["Gatherer:DrugPower","Gatherer:CollectorsShot"],"picked":"Gatherer:Snatch","floor":3.0},{"not_picked":["Gatherer:TreeGrowth","Gatherer:Pollute"],"picked":"Gatherer:GlowingPlant","floor":7.0},{"not_picked":["Gatherer:CollectorsShot","Gatherer:AromaProtection"],"picked":"Gatherer:BalancedGrowth","floor":10.0},{"not_picked":["Gatherer:FlowerBeam","Gatherer:VenomBarrier"],"picked":"Gatherer:FinishingStrike","floor":11.0},{"not_picked":["Gatherer:TacticalStrike","Gatherer:Snatch"],"picked":"Gatherer:EnergyBasket","floor":14.0},{"not_picked":["Gatherer:FlamingBottle","Gatherer:ScrollOfPurity"],"picked":"Gatherer:ColorfulGarden","floor":16.0},{"not_picked":["Gatherer:BalancedGrowth","Gatherer:EnergyBasket"],"picked":"Gatherer:TreeGrowth+1","floor":18.0},{"not_picked":["Gatherer:CarefulStrike","Gatherer:BambuSword"],"picked":"Gatherer:UpgradeBag","floor":20.0},{"not_picked":["Gatherer:QuickSynthesis","Gatherer:BigPouch+1"],"picked":"Gatherer:MindSearch","floor":21.0},{"not_picked":["Gatherer:Solidify","Gatherer:GatherMaterial+1"],"picked":"Gatherer:DrugPower+1","floor":22.0},{"not_picked":["Gatherer:Duality+1","Gatherer:SealedBomb"],"picked":"Gatherer:FlowerShield","floor":24.0},{"not_picked":["Gatherer:SealedBomb","Gatherer:SaveValuables"],"picked":"Gatherer:AromaProtection","floor":25.0},{"not_picked":["Gatherer:AromaProtection","Gatherer:FlowerPower"],"picked":"Gatherer:Uplift+1","floor":27.0},{"not_picked":["Gatherer:FlowerShield","Gatherer:TacticalStrike"],"picked":"Gatherer:AcidicSpray+1","floor":30.0},{"not_picked":["Gatherer:BomberForm","Gatherer:Photoscythe"],"picked":"Gatherer:BlackTea","floor":33.0},{"not_picked":[],"picked":"Gatherer:PotentialSlash+1","floor":35},{"not_picked":[],"picked":"Gatherer:FlowerBeam","floor":36},{"not_picked":[],"picked":"Gatherer:CarefulStrike+1","floor":39},{"not_picked":[],"picked":"Gatherer:FragileHammer","floor":41},{"not_picked":[],"picked":"Gatherer:CarefulStrike","floor":42},{"not_picked":[],"picked":"Gatherer:UpgradeBag+1","floor":44},{"not_picked":[],"picked":"Gatherer:BalancedGrowth","floor":45},{"not_picked":[],"picked":"Gatherer:Convert+1","floor":48},{"not_picked":[],"picked":"Gatherer:CarefulStrike+1","floor":54}],"player_experience":836998,"relics_obtained":[{"floor":7.0,"key":"Oddly Smooth Stone"},{"floor":9.0,"key":"Strawberry"},{"floor":10.0,"key":"Blue Candle"},{"floor":24.0,"key":"Gremlin Horn"},{"floor":27.0,"key":"Peace Pipe"},{"floor":27.0,"key":"Gatherer:FlyingFruit"},{"floor":39,"key":"Turnip"},{"floor":41,"key":"PreservedInsect"},{"floor":43,"key":"Pen Nib"},{"floor":45,"key":"Art of War"},{"floor":54,"key":"Mango"}],"event_choices":[{"damage_healed":0.0,"max_hp_gain":0.0,"max_hp_loss":0.0,"gold_gain":0.0,"event_name":"Golden Idol","player_choice":"Take Wound","floor":2.0,"gold_loss":0.0,"damage_taken":0.0,"relics_obtained":["Golden Idol"],"cards_obtained":["Injury"]},{"damage_healed":0.0,"max_hp_gain":0.0,"max_hp_loss":0.0,"gold_gain":175.0,"event_name":"Liars Game","player_choice":"AGREE","floor":4.0,"gold_loss":0.0,"damage_taken":0.0,"cards_obtained":["Doubt"]},{"damage_healed":0.0,"max_hp_gain":0.0,"max_hp_loss":0.0,"gold_gain":0.0,"event_name":"Scrap Ooze","player_choice":"Success","floor":13.0,"gold_loss":0.0,"damage_taken":3.0,"relics_obtained":["The Courier"]},{"cards_removed":["Doubt"],"damage_healed":0.0,"max_hp_gain":0.0,"max_hp_loss":0.0,"gold_gain":0.0,"event_name":"Beggar","player_choice":"Gave Gold","floor":19.0,"gold_loss":75.0,"damage_taken":0.0},{"damage_healed":0.0,"max_hp_gain":0.0,"max_hp_loss":0.0,"gold_gain":0.0,"event_name":"Colosseum","player_choice":"Fight","floor":27.0,"gold_loss":0.0,"damage_taken":0.0},{"damage_healed":0.0,"max_hp_gain":0.0,"max_hp_loss":0.0,"gold_gain":0.0,"event_name":"Colosseum","player_choice":"Fought Nobs","floor":27.0,"gold_loss":0.0,"damage_taken":0.0},{"damage_healed":0.0,"max_hp_gain":0.0,"max_hp_loss":0.0,"gold_gain":0.0,"event_name":"FaceTrader","player_choice":"Trade","floor":31.0,"gold_loss":0.0,"damage_taken":0.0,"relics_obtained":["FaceOfCleric"]},{"damage_healed":0,"gold_gain":0,"player_choice":"Paid","damage_taken":0,"relics_obtained":["Red Mask"],"max_hp_gain":0,"max_hp_loss":0,"event_name":"Tomb of Lord Red Mask","floor":38,"gold_loss":18},{"damage_healed":0,"gold_gain":0,"player_choice":"Fight","damage_taken":0,"max_hp_gain":0,"max_hp_loss":0,"event_name":"Mysterious Sphere","floor":39,"gold_loss":0},{"cards_removed":["Gatherer:FlowerBeam"],"damage_healed":0,"gold_gain":0,"player_choice":"Removed Attack","damage_taken":0,"max_hp_gain":0,"max_hp_loss":0,"event_name":"Falling","floor":46,"gold_loss":0}],"is_beta":false,"boss_relics":[{"not_picked":["Runic Pyramid","Runesmith:UraniumAnvil"],"picked":"construct:ClawGrip"},{"not_picked":["beaked:SacredDeck","construct:WeddingRing"],"picked":"Busted Crown"}],"items_purged_floors":[],"is_endless":false,"potions_floor_spawned":[7,10,16,18,27,27,33,35,36,41,48],"ascension_level":1}}