{"host":"at8674jmuidj9jgx","time":1612119049,"event":{"mods":["AchievementEnabler","BaseMod","Colored Map","Colored Powertips","Minty Spire (QoL Compilation)","SuperFastMode"],"gold_per_floor":[114,114,133,145,155,186,186,218,243,243,243],"floor_reached":10,"language":"ENG","playtime":332,"items_purged":[],"score":94,"play_id":"d7725afd-2145-4b0b-b094-c3b3116908fb","local_time":"20210131215049","is_ascension_mode":true,"campfire_choices":[{"data":"Infernal Blade","floor":7,"key":"SMITH"}],"circlet_count":0,"master_deck":["Strike_R","Strike_R","Strike_R","Strike_R","Strike_R","Defend_R","Defend_R","Defend_R","Defend_R","Bash","Sword Boomerang","Infernal Blade+1","Offering"],"relics":["Philosopher\u0027s Stone","Singing Bowl","Bag of Marbles","Regal Pillow"],"acts_visited":["Exordium"],"potions_floor_usage":[5,6],"damage_taken":[{"damage":5,"enemies":"Small Slimes","floor":1,"turns":3},{"damage":2,"enemies":"Cultist","floor":3,"turns":3},{"damage":0,"enemies":"2 Louse","floor":4,"turns":2},{"damage":2,"enemies":"Looter","floor":5,"turns":2},{"damage":42,"enemies":"Lagavulin","floor":6,"turns":5},{"damage":23,"enemies":"Gremlin Nob","floor":8,"turns":3},{"damage":19,"enemies":"3 Sentries","floor":10,"turns":4}],"seed_played":"919291187518307892","potions_obtained":[{"floor":2,"key":"Ancient Potion"},{"floor":2,"key":"DuplicationPotion"},{"floor":2,"key":"FearPotion"},{"floor":5,"key":"BloodPotion"}],"is_trial":false,"path_per_floor":["M","?","M","M","M","E","R","E","T","E"],"character_chosen":"IRONCLAD","items_purchased":[],"campfire_rested":0,"item_purchase_floors":[],"current_hp_per_floor":[75,75,73,73,71,45,45,24,24,5,5],"gold":243,"neow_bonus":"BOSS_RELIC","is_daily":false,"chose_seed":false,"campfire_upgraded":1,"win_rate":0.0,"timestamp":1612119049,"path_taken":["M","?","M","M","?","E","R","E","T","E"],"items_purchased_type":[],"build_version":"2020-12-22","purchased_purges":0,"victory":false,"max_hp_per_floor":[80,80,80,80,80,80,80,82,82,82,82],"card_choices":[{"not_picked":["Body Slam","Warcry","Pommel Strike"],"picked":"SKIP","floor":1},{"not_picked":["True Grit","Iron Wave"],"picked":"Sword Boomerang","floor":3},{"not_picked":["Sentinel","Shrug It Off","Wild Strike"],"picked":"SKIP","floor":4},{"not_picked":["Anger","Whirlwind"],"picked":"Infernal Blade","floor":5},{"not_picked":["Iron Wave","Fire Breathing"],"picked":"Offering","floor":6},{"not_picked":["Fire Breathing","Rage","Flex"],"picked":"Singing Bowl","floor":8}],"player_experience":125333,"relics_obtained":[{"floor":6,"key":"Singing Bowl"},{"floor":8,"key":"Bag of Marbles"},{"floor":9,"key":"Regal Pillow"}],"event_choices":[{"damage_healed":0,"gold_gain":0,"player_choice":"Got Potions","damage_taken":0,"max_hp_gain":0,"max_hp_loss":0,"event_name":"Lab","floor":2,"gold_loss":0}],"is_beta":false,"boss_relics":[],"items_purged_floors":[],"is_endless":false,"potions_floor_spawned":[5],"killed_by":"3 Sentries","ascension_level":4}}