{"host":"2se5dq1do2gp0x9k","time":1612125954,"event":{"mods":["AchievementEnabler","BaseMod","Block Reminder","Colored Map","Colored Powertips","Minty Spire (QoL Compilation)","Relic Stats","StSLib","SuperFastMode"],"gold_per_floor":[110,110,128,11,86,116,126,126,126,153,164,179,179,229,229,229,229],"floor_reached":16,"language":"ENG","playtime":490,"items_purged":["Strike_G"],"score":270,"play_id":"ef52d7cd-7960-4bbc-8cdf-a8ad7d21c9ea","local_time":"20210131124554","is_ascension_mode":true,"campfire_choices":[{"floor":8,"key":"REST"},{"data":"Catalyst","floor":15,"key":"SMITH"}],"circlet_count":0,"master_deck":["AscendersBane","Strike_G","Strike_G","Strike_G","Strike_G","Defend_G","Defend_G","Defend_G","Defend_G","Defend_G","Survivor","Neutralize","Dash","Bouncing Flask","Catalyst+1","Cloak And Dagger","Crippling Poison","Deadly Poison","Crippling Poison"],"relics":["Ring of the Snake","CaptainsWheel","Ornamental Fan","White Beast Statue","Smiling Mask"],"acts_visited":["Exordium"],"potions_floor_usage":[12,12],"damage_taken":[{"damage":0,"enemies":"2 Louse","floor":1,"turns":4},{"damage":1,"enemies":"Jaw Worm","floor":3,"turns":4},{"damage":49,"enemies":"3 Sentries","floor":6,"turns":13},{"damage":0,"enemies":"Small Slimes","floor":7,"turns":4},{"damage":0,"enemies":"Lagavulin","floor":10,"turns":5},{"damage":4,"enemies":"Red Slaver","floor":11,"turns":4},{"damage":7,"enemies":"Large Slime","floor":12,"turns":6},{"damage":13,"enemies":"Hexaghost","floor":16,"turns":8}],"seed_played":"459884923908948580","potions_obtained":[{"floor":6,"key":"CunningPotion"},{"floor":10,"key":"SkillPotion"},{"floor":12,"key":"SmokeBomb"}],"is_trial":false,"path_per_floor":["M","?","M","$","?","E","M","R","T","E","M","M","?","?","R","B"],"character_chosen":"THE_SILENT","items_purchased":["Catalyst"],"campfire_rested":1,"item_purchase_floors":[4],"current_hp_per_floor":[44,66,65,65,54,5,5,24,24,24,20,13,13,13,13,0,0],"gold":229,"neow_bonus":"ONE_RARE_RELIC","is_daily":false,"chose_seed":false,"campfire_upgraded":1,"win_rate":0.0,"timestamp":1612125954,"path_taken":["M","?","M","$","?","E","M","R","T","E","M","M","?","?","R","BOSS"],"items_purchased_type":["Card"],"build_version":"2020-12-22","purchased_purges":1,"victory":false,"max_hp_per_floor":[66,66,66,66,66,66,66,66,66,66,66,66,66,66,66,66,66],"relic_stats":{"counters":[8,48],"Ornamental Fan":[12],"Smiling Mask":0,"obtain_stats":[{"CaptainsWheel":0,"Ornamental Fan":6,"Smiling Mask":10,"White Beast Statue":9,"Ring of the Snake":0},{"CaptainsWheel":0,"Ornamental Fan":3,"Smiling Mask":5,"White Beast Statue":4,"Ring of the Snake":0},{"CaptainsWheel":0,"Ornamental Fan":21,"Smiling Mask":30,"White Beast Statue":25,"Ring of the Snake":0}],"Ring of the Snake":[16]},"card_choices":[{"not_picked":["Slice","Underhanded Strike"],"picked":"Dash","floor":1},{"not_picked":["Leg Sweep","Sucker Punch"],"picked":"Bouncing Flask","floor":3},{"not_picked":["Expertise","Backflip"],"picked":"Cloak And Dagger","floor":6},{"not_picked":["Backflip","Tactician"],"picked":"Crippling Poison","floor":7},{"not_picked":["Predator","Bane"],"picked":"Deadly Poison","floor":10},{"not_picked":["Finisher","Quick Slash","Underhanded Strike"],"picked":"SKIP","floor":11},{"not_picked":["Flying Knee","Sucker Punch"],"picked":"Crippling Poison","floor":12}],"player_experience":4027799,"relics_obtained":[{"floor":6,"key":"Ornamental Fan"},{"floor":9,"key":"White Beast Statue"},{"floor":10,"key":"Smiling Mask"}],"event_choices":[{"damage_healed":22,"gold_gain":0,"player_choice":"Banana","damage_taken":0,"max_hp_gain":0,"max_hp_loss":0,"event_name":"Big Fish","floor":2,"gold_loss":0},{"damage_healed":0,"gold_gain":75,"player_choice":"Gather Gold","damage_taken":11,"max_hp_gain":0,"max_hp_loss":0,"event_name":"World of Goop","floor":5,"gold_loss":0},{"damage_healed":0,"gold_gain":0,"player_choice":"Ignored","damage_taken":0,"max_hp_gain":0,"max_hp_loss":0,"event_name":"Shining Light","floor":13,"gold_loss":0},{"damage_healed":0,"gold_gain":50,"player_choice":"Pray","damage_taken":0,"max_hp_gain":0,"max_hp_loss":0,"event_name":"Golden Shrine","floor":14,"gold_loss":0}],"is_beta":false,"boss_relics":[],"items_purged_floors":[4],"is_endless":false,"potions_floor_spawned":[6,10,11,12],"killed_by":"Hexaghost","ascension_level":20}}