{"host":"syozzdlzcqop4jia","time":1612057782,"event":{"mods":["BaseMod","Colored Map","Colored Powertips","Minty Spire (QoL Compilation)","Quick Restart"],"gold_per_floor":[109,122,140,140,155,155,226,256,307,307,326,19,31,51,51,154,154,169,169,187,206,220,220,220],"floor_reached":23,"language":"ENG","playtime":1094,"items_purged":["Strike_R"],"score":227,"play_id":"e6fc5cdc-9139-4550-a43c-b539a8ac9138","local_time":"20210131024942","is_ascension_mode":true,"campfire_choices":[{"data":"Clothesline","floor":6,"key":"SMITH"},{"floor":10,"key":"REST"},{"data":"Body Slam","floor":15,"key":"SMITH"}],"circlet_count":0,"master_deck":["Strike_R","Strike_R","Strike_R","Strike_R","Defend_R","Defend_R","Defend_R","Defend_R","Bash","The Bomb","Anger","Clothesline+1","Inflame","Ghostly Armor","Anger","Pommel Strike","Flex","Perfected Strike","Inflame","Body Slam+1","Double Tap","Anger","Headbutt","Battle Trance"],"relics":["Burning Blood","Question Card","Strawberry","Pen Nib","Vajra","SlaversCollar"],"acts_visited":["Exordium","TheCity"],"potions_floor_usage":[22,23],"damage_taken":[{"damage":0,"enemies":"Small Slimes","floor":1,"turns":3},{"damage":3,"enemies":"2 Louse","floor":2,"turns":4},{"damage":6,"enemies":"Cultist","floor":3,"turns":4},{"damage":7,"enemies":"2 Fungi Beasts","floor":5,"turns":3},{"damage":52,"enemies":"Gremlin Nob","floor":8,"turns":6},{"damage":10,"enemies":"Red Slaver","floor":11,"turns":5},{"damage":16,"enemies":"3 Louse","floor":13,"turns":3},{"damage":0,"enemies":"Looter","floor":14,"turns":1},{"damage":40,"enemies":"Hexaghost","floor":16,"turns":8},{"damage":28,"enemies":"Shell Parasite","floor":18,"turns":4},{"damage":9,"enemies":"Chosen","floor":20,"turns":4},{"damage":15,"enemies":"Snake Plant","floor":21,"turns":4},{"damage":40,"enemies":"Shelled Parasite and Fungi","floor":22,"turns":4},{"damage":12,"enemies":"Slavers","floor":23,"turns":1}],"seed_played":"-4680785455157358154","potions_obtained":[{"floor":1,"key":"Energy Potion"},{"floor":3,"key":"Swift Potion"},{"floor":8,"key":"ColorlessPotion"},{"floor":14,"key":"Block Potion"},{"floor":22,"key":"ColorlessPotion"}],"is_trial":false,"path_per_floor":["M","M","M","?","M","R","?","E","T","R","M","$","M","M","R","B",null,"M","?","M","M","M","E"],"character_chosen":"IRONCLAD","items_purchased":["Vajra","Flex","Perfected Strike"],"campfire_rested":1,"item_purchase_floors":[12,12,12],"current_hp_per_floor":[72,72,72,69,68,68,68,29,29,52,48,48,38,44,44,10,79,57,57,54,45,11,0,0],"gold":220,"neow_bonus":"RANDOM_COLORLESS_2","is_daily":false,"chose_seed":false,"campfire_upgraded":2,"win_rate":0.0,"timestamp":1612057782,"path_taken":["M","M","M","?","M","R","?","E","T","R","M","$","M","M","R","BOSS","M","?","?","M","M","E"],"items_purchased_type":["Relic","Card","Card"],"build_version":"2020-12-22","purchased_purges":1,"victory":false,"max_hp_per_floor":[72,72,72,72,72,72,72,79,79,79,79,79,79,79,79,79,79,79,79,79,79,79,79,79],"card_choices":[{"not_picked":["Mayhem","Chrysalis"],"picked":"The Bomb","floor":0},{"not_picked":["Perfected Strike","Clothesline"],"picked":"Anger","floor":1},{"not_picked":["Dropkick","Cleave"],"picked":"Clothesline","floor":2},{"not_picked":["Warcry","Pommel Strike"],"picked":"Inflame","floor":3},{"not_picked":["Infernal Blade","Headbutt","Spot Weakness"],"picked":"Ghostly Armor","floor":5},{"not_picked":["Combust","Rupture","True Grit"],"picked":"Anger","floor":8},{"not_picked":["Wild Strike","Thunderclap","Barricade"],"picked":"Pommel Strike","floor":11},{"not_picked":["Havoc","Iron Wave","Wild Strike"],"picked":"Inflame","floor":13},{"not_picked":["Dual Wield","Clothesline","Twin Strike"],"picked":"Body Slam","floor":14},{"not_picked":["Bludgeon","Offering","Brutality"],"picked":"Double Tap","floor":16},{"not_picked":["Bloodletting+1","Clothesline","Sword Boomerang","Body Slam"],"picked":"SKIP","floor":18},{"not_picked":["Sever Soul","Armaments","Warcry"],"picked":"Anger","floor":20},{"not_picked":["Twin Strike","Iron Wave","Armaments"],"picked":"Headbutt","floor":21},{"not_picked":["Iron Wave","Uppercut","Pummel"],"picked":"Battle Trance","floor":22}],"player_experience":455929,"relics_obtained":[{"floor":8,"key":"Strawberry"},{"floor":9,"key":"Pen Nib"}],"event_choices":[{"damage_healed":0,"gold_gain":0,"player_choice":"Success","damage_taken":3,"relics_obtained":["Question Card"],"max_hp_gain":0,"max_hp_loss":0,"event_name":"Scrap Ooze","floor":4,"gold_loss":0},{"damage_healed":0,"gold_gain":71,"player_choice":"Gained Gold","damage_taken":0,"max_hp_gain":0,"max_hp_loss":0,"event_name":"Golden Wing","floor":7,"gold_loss":0},{"damage_healed":0,"gold_gain":0,"player_choice":"Ignored","damage_taken":0,"max_hp_gain":0,"max_hp_loss":0,"event_name":"N\u0027loth","floor":19,"gold_loss":0}],"is_beta":false,"boss_relics":[{"not_picked":["Astrolabe","Black Blood"],"picked":"SlaversCollar"}],"items_purged_floors":[12],"is_endless":false,"potions_floor_spawned":[1,3,8,14,18,22],"killed_by":"Slavers","ascension_level":3}}