{"host":"q6r63elxu27obe7v","time":1612111023,"event":{"mods":["2.2 Compatiblity","AchievementEnabler","BaseMod","CapriCore","DeckTracker","Keyboard Shortcuts","Minty Spire (QoL Compilation)","Permanent Neow","Quick Restart","Replay The Spire","StSLib","SuperFastMode","¡¼?Úª?ø«¡½REMEMod"],"gold_per_floor":[15,15,15,25,42,42,42,77,77,102,102,102,27,48,48,179,179,198,222,235,235,42,42,77,102,178,201,201,216,216,260,260,384,447,461,97,122,143,181,181,202,202,273,273,287,318,11,11,11,11,11,11,11,49,49,49],"floor_reached":55,"language":"KOR","playtime":1799,"items_purged":["Strike_G","Regret","Defend_G","Defend_G"],"score":1012,"play_id":"b31096ad-5d1a-4451-a971-a48978e8e674","local_time":"20210201013703","is_ascension_mode":false,"campfire_choices":[{"data":"REME_AllRoundStrike","floor":6,"key":"SMITH"},{"floor":12,"key":"RECALL"},{"data":"ReplayTheSpireMod:Necrogeddon","floor":15,"key":"SMITH"},{"data":"Replay:Bootleg Shield Generator","floor":28,"key":"SMITH"},{"floor":32,"key":"REST"},{"data":"Wraith Form v2","floor":40,"key":"SMITH"},{"floor":42,"key":"REST"},{"data":"Concentrate","floor":49,"key":"SMITH"},{"data":"Backstab","floor":52,"key":"SMITH"}],"circlet_count":0,"master_deck":["Strike_G+1","Defend_G","Defend_G+1","Defend_G","Survivor","Neutralize","ReplayTheSpireMod:Necrogeddon+1","REME_AllRoundStrike+1","ReplayTheSpireMod:Tripwire","Calculated Gamble","Dagger Spray+1","Bouncing Flask+1","Prepared","Concentrate+1","Replay:Bootleg Shield Generator+1","Deflect+1","Backflip+1","Wraith Form v2+1","Backstab+1","Masterful Stab+1","ReplayTheSpireMod:The Works"],"relics":["Ring of the Snake","REME_ComplimentaryCards","Ornamental Fan","Golden Idol","REME_PuzzleBoxRelic","Odd Mushroom","Empty Cage","Ring of Fury","Ring of Hypnosis","Whetstone","Sundial","Replay:Bottled Steam","Tiny House","Matryoshka","Vajra","Question Card","Pantograph","Lee\u0027s Waffle","Potion Belt","Bag of Preparation","Snake Skull"],"acts_visited":["Exordium","TheCity","TheBeyond","TheEnding"],"potions_floor_usage":[16,16,24,33,33,33,35,50,55],"damage_taken":[{"damage":0,"enemies":"Small Slimes","floor":1,"turns":1},{"damage":0,"enemies":"Jaw Worm","floor":4,"turns":2},{"damage":0,"enemies":"Cultist","floor":5,"turns":2},{"damage":14,"enemies":"Lagavulin","floor":8,"turns":3},{"damage":11,"enemies":"The Mushroom Lair","floor":10,"turns":2},{"damage":0,"enemies":"2 Fungi Beasts","floor":14,"turns":1},{"damage":11,"enemies":"Hexaghost","floor":16,"turns":5},{"damage":8,"enemies":"Chosen","floor":18,"turns":2},{"damage":6,"enemies":"2 Thieves","floor":19,"turns":2},{"damage":6,"enemies":"Sentry and Sphere","floor":20,"turns":2},{"damage":2,"enemies":"Book of Stabbing","floor":24,"turns":2},{"damage":13,"enemies":"Cultist and Chosen","floor":25,"turns":2},{"damage":0,"enemies":"Snake Plant","floor":27,"turns":3},{"damage":0,"enemies":"3 Cultists","floor":29,"turns":2},{"damage":22,"enemies":"Slavers","floor":31,"turns":4},{"damage":12,"enemies":"Pondfish","floor":33,"turns":7},{"damage":0,"enemies":"3 Darklings","floor":35,"turns":2},{"damage":0,"enemies":"Orb Walker","floor":37,"turns":1},{"damage":41,"enemies":"Sphere and 2 Shapes","floor":38,"turns":3},{"damage":11,"enemies":"Writhing Mass","floor":39,"turns":5},{"damage":2,"enemies":"Maw","floor":41,"turns":5},{"damage":0,"enemies":"Transient","floor":45,"turns":5},{"damage":8,"enemies":"Nemesis","floor":46,"turns":3},{"damage":40,"enemies":"Donu and Deca","floor":50,"turns":4},{"damage":0,"enemies":"Shield and Spear","floor":54,"turns":4},{"damage":107,"enemies":"The Heart","floor":55,"turns":9}],"seed_played":"-6332182437131292092","potions_obtained":[{"floor":4,"key":"LifebloodPotion"},{"floor":5,"key":"SteroidPotion"},{"floor":10,"key":"CunningPotion"},{"floor":19,"key":"Venom Potion"},{"floor":20,"key":"Energy Potion"},{"floor":29,"key":"FearPotion"},{"floor":33,"key":"FairyPotion"},{"floor":34,"key":"DistilledChaos"},{"floor":35,"key":"Adrenaline Potion"}],"is_trial":false,"path_per_floor":["M","?","$","M","M","R","?","E","T","?","?","R","$","M","R","B",null,"M","M","M","?","$","?","E","M","T","M","R","M","?","E","R","B",null,"M","$","M","M","M","R","M","R","T","?","M","E","$","T","R","B",null,"R","$","E","B"],"character_chosen":"THE_SILENT","items_purchased":["Replay:Bootleg Shield Generator","Matryoshka","Lee\u0027s Waffle"],"campfire_rested":2,"item_purchase_floors":[22,36,47],"current_hp_per_floor":[70,70,70,70,70,70,53,39,39,28,28,28,28,28,28,17,70,62,56,50,50,50,50,48,35,35,35,35,35,35,13,34,22,75,75,75,75,34,23,23,21,43,43,43,43,35,82,82,82,42,82,82,82,82,0,0],"gold":49,"neow_bonus":"RANDOM_COLORLESS_2","is_daily":false,"chose_seed":false,"campfire_upgraded":6,"win_rate":0.0,"timestamp":1612111023,"path_taken":["M","?","$","M","M","R","?","E","T","?","?","R","$","M","R","BOSS","M","M","M","?","$","?","E","M","T","?","R","M","?","E","R","BOSS","M","$","M","M","M","R","M","R","T","?","?","E","$","?","R","BOSS","R","$","E","BOSS"],"items_purchased_type":["Card","Relic","Relic"],"build_version":"2020-12-22","purchased_purges":4,"victory":false,"max_hp_per_floor":[70,70,70,70,70,70,70,70,70,70,70,70,70,70,70,70,70,70,70,70,70,70,70,70,70,70,70,70,70,70,70,70,70,75,75,75,75,75,75,75,75,75,75,75,75,75,82,82,82,82,82,82,82,82,82,82],"card_choices":[{"not_picked":["REME_BattleFury","Panache"],"picked":"REME_AllRoundStrike","floor":0},{"not_picked":["ReplayTheSpireMod:Speed Training","Cloak And Dagger"],"picked":"ReplayTheSpireMod:Tripwire","floor":1},{"not_picked":["Eviscerate","Accuracy"],"picked":"Calculated Gamble","floor":4},{"not_picked":["Footwork","Deflect"],"picked":"REME_GreenPollution","floor":5},{"not_picked":["Hidden Blade","Distraction","Glass Knife"],"picked":"SKIP","floor":8},{"not_picked":["Deflect","Choke"],"picked":"Dagger Spray","floor":10},{"not_picked":["Choke","Bane","Dodge and Roll"],"picked":"SKIP","floor":14},{"not_picked":["Slice","Deflect"],"picked":"Prepared","floor":18},{"not_picked":["Dagger Spray+1","Blade Dance","Sucker Punch"],"picked":"SKIP","floor":19},{"not_picked":["Flying Knee+1","Slice"],"picked":"Concentrate","floor":20},{"not_picked":["Slice","Riddle With Holes","Hidden Blade"],"picked":"SKIP","floor":24},{"not_picked":["Endless Agony+1","Dagger Spray","PiercingWail"],"picked":"SKIP","floor":25},{"not_picked":["Flechettes","PiercingWail","Crippling Poison"],"picked":"SKIP","floor":27},{"not_picked":["Dagger Throw","Sucker Punch"],"picked":"Deflect+1","floor":29},{"not_picked":["Dodge and Roll","Blur"],"picked":"Backflip+1","floor":31},{"not_picked":["Venomology","Burst"],"picked":"Wraith Form v2","floor":33},{"not_picked":["Dodge and Roll+1","Dagger Spray+1"],"picked":"Backstab","floor":35},{"not_picked":["Heel Hook","Dagger Spray+1","Prepared"],"picked":"SKIP","floor":37},{"not_picked":["REME_GrazeFinale","Sucker Punch","Hidden Blade+1"],"picked":"SKIP","floor":38},{"not_picked":["PiercingWail","Underhanded Strike","Footwork"],"picked":"SKIP","floor":39},{"not_picked":["Dash","Prepared+1","Flying Knee+1"],"picked":"SKIP","floor":41},{"not_picked":["Blur+1","Deadly Poison","Dagger Spray+1","Cloak And Dagger"],"picked":"SKIP","floor":45},{"not_picked":["Grand Finale","Deadly Poison","Eviscerate"],"picked":"Masterful Stab+1","floor":46},{"not_picked":["Dagger Throw","Well Laid Plans","Hidden Blade+1"],"picked":"ReplayTheSpireMod:The Works","floor":54}],"player_experience":77889,"relics_obtained":[{"floor":8,"key":"REME_PuzzleBoxRelic"},{"floor":10,"key":"Odd Mushroom"},{"floor":21,"key":"Ring of Fury"},{"floor":21,"key":"Ring of Hypnosis"},{"floor":24,"key":"Whetstone"},{"floor":26,"key":"Sundial"},{"floor":31,"key":"Replay:Bottled Steam"},{"floor":43,"key":"Vajra"},{"floor":43,"key":"Question Card"},{"floor":46,"key":"Pantograph"},{"floor":48,"key":"Potion Belt"},{"floor":48,"key":"Bag of Preparation"},{"floor":54,"key":"Snake Skull"}],"event_choices":[{"damage_healed":0,"gold_gain":0,"player_choice":"Box","damage_taken":0,"relics_obtained":["Ornamental Fan"],"max_hp_gain":0,"max_hp_loss":0,"event_name":"Big Fish","floor":2,"gold_loss":0,"cards_obtained":["Regret"]},{"damage_healed":0,"gold_gain":0,"player_choice":"Take Damage","damage_taken":17,"relics_obtained":["Golden Idol"],"max_hp_gain":0,"max_hp_loss":0,"event_name":"Golden Idol","floor":7,"gold_loss":0},{"damage_healed":0,"gold_gain":0,"player_choice":"Fought Mushrooms","damage_taken":0,"max_hp_gain":0,"max_hp_loss":0,"event_name":"Mushrooms","floor":10,"gold_loss":0},{"damage_healed":0,"gold_gain":0,"player_choice":"Ignored","damage_taken":0,"max_hp_gain":0,"max_hp_loss":0,"event_name":"NoteForYourself","floor":23,"gold_loss":0},{"cards_removed":["REME_GreenPollution"],"damage_healed":0,"gold_gain":0,"player_choice":"Elegance","damage_taken":0,"max_hp_gain":0,"max_hp_loss":0,"event_name":"Back to Basics","floor":30,"gold_loss":0},{"damage_healed":0,"gold_gain":0,"player_choice":"0 cards matched","damage_taken":0,"max_hp_gain":0,"max_hp_loss":0,"event_name":"Match and Keep!","floor":44,"gold_loss":0,"cards_obtained":[]}],"is_beta":false,"boss_relics":[{"not_picked":["REME_DuelDisc","Replay:Wanted Poster"],"picked":"Empty Cage"},{"not_picked":["Busted Crown","Replay:Drink Me"],"picked":"Tiny House"}],"items_purged_floors":[13,22,36,47],"is_endless":false,"potions_floor_spawned":[4,5,10,19,20,29,33,35,38],"killed_by":"The Heart","ascension_level":0}}