{"host":"lfvf97io7xuhaz8c","time":1612114402,"event":{"mods":["2.2 Compatiblity","BaseMod","Bestiary","Colored Map","Colored Powertips","Curses Come First","Highlight Path","Minty Spire (QoL Compilation)","Relic Stats","StSLib","SuperFastMode"],"gold_per_floor":[114,129,149,166,166,166,194,194,219,235,261,261,274,290,290,390,390,407,424,349,14,14,14],"floor_reached":22,"language":"FRA","playtime":1137,"items_purged":[],"score":267,"play_id":"87cb232e-9d62-41e7-bbb2-f42613b9d01f","local_time":"20210131183322","is_ascension_mode":true,"campfire_choices":[{"data":"True Grit","floor":6,"key":"SMITH"},{"floor":8,"key":"REST"},{"data":"Armaments","floor":12,"key":"SMITH"},{"data":"Spot Weakness","floor":15,"key":"SMITH"}],"circlet_count":0,"master_deck":["Strike_R+1","Defend_R","Defend_R","Defend_R","Defend_R+1","Bash","Reckless Charge","True Grit+1","Anger","Cleave","Armaments+1","Feel No Pain","Double Tap","Wild Strike","Spot Weakness+1","Barricade","Headbutt+1","Body Slam+1","Wild Strike+1","Perfected Strike+1","Rampage","Metallicize","Feed"],"relics":["Burning Blood","NeowsBlessing","Orichalcum","Red Skull","Bag of Preparation","Astrolabe"],"acts_visited":["Exordium","TheCity"],"potions_floor_usage":[4,13,16,16,22],"damage_taken":[{"damage":0,"enemies":"Cultist","floor":1,"turns":1},{"damage":0,"enemies":"2 Louse","floor":2,"turns":1},{"damage":0,"enemies":"Small Slimes","floor":3,"turns":1},{"damage":0,"enemies":"Looter","floor":4,"turns":3},{"damage":32,"enemies":"Gremlin Nob","floor":7,"turns":4},{"damage":31,"enemies":"Exordium Thugs","floor":10,"turns":6},{"damage":1,"enemies":"3 Sentries","floor":11,"turns":5},{"damage":5,"enemies":"Blue Slaver","floor":13,"turns":3},{"damage":0,"enemies":"Looter","floor":14,"turns":4},{"damage":21,"enemies":"The Guardian","floor":16,"turns":9},{"damage":40,"enemies":"3 Byrds","floor":18,"turns":7},{"damage":14,"enemies":"2 Thieves","floor":19,"turns":3},{"damage":48,"enemies":"Chosen and Byrds","floor":22,"turns":6}],"seed_played":"-4650009397534925735","potions_obtained":[{"floor":2,"key":"EssenceOfSteel"},{"floor":7,"key":"GamblersBrew"},{"floor":11,"key":"AttackPotion"},{"floor":13,"key":"ColorlessPotion"}],"is_trial":false,"path_per_floor":["M","M","M","M","?","R","E","R","T","M","E","R","M","M","R","B",null,"M","M","?","$","M"],"character_chosen":"IRONCLAD","items_purchased":["Metallicize","Feed","Fruit Juice"],"campfire_rested":1,"item_purchase_floors":[21,21,21],"current_hp_per_floor":[78,80,80,80,64,64,38,62,62,37,42,42,43,49,49,34,69,35,27,27,27,0,0],"gold":14,"neow_bonus":"THREE_ENEMY_KILL","is_daily":false,"chose_seed":false,"campfire_upgraded":3,"win_rate":0.0,"timestamp":1612114402,"path_taken":["M","M","M","?","?","R","E","R","T","M","E","R","M","M","R","BOSS","M","M","?","$","M"],"items_purchased_type":["Card","Card","Potion"],"build_version":"2020-12-22","purchased_purges":0,"victory":false,"max_hp_per_floor":[80,80,80,80,80,80,80,80,80,80,80,80,80,80,80,80,80,80,80,80,80,85,85],"relic_stats":{"counters":[13,53],"Astrolabe":["Headbutt","Body Slam","Wild Strike"],"Bag of Preparation":[12],"Orichalcum":[72],"obtain_stats":[{"NeowsBlessing":0,"Astrolabe":17,"Bag of Preparation":11,"Orichalcum":7,"Burning Blood":0,"Red Skull":9},{"NeowsBlessing":0,"Astrolabe":10,"Bag of Preparation":7,"Orichalcum":5,"Burning Blood":0,"Red Skull":5},{"NeowsBlessing":0,"Astrolabe":37,"Bag of Preparation":21,"Orichalcum":10,"Burning Blood":0,"Red Skull":10}],"Burning Blood":56},"card_choices":[{"not_picked":["Warcry","Perfected Strike"],"picked":"Reckless Charge","floor":1},{"not_picked":["Hemokinesis","Flex"],"picked":"True Grit","floor":2},{"not_picked":["Ghostly Armor","Sever Soul"],"picked":"Anger","floor":3},{"not_picked":["Shrug It Off","Exhume"],"picked":"Cleave","floor":4},{"not_picked":["Twin Strike","Corruption"],"picked":"Armaments","floor":7},{"not_picked":["Seeing Red","Twin Strike"],"picked":"Feel No Pain","floor":10},{"not_picked":["Rupture","Dual Wield"],"picked":"Double Tap","floor":11},{"not_picked":["Twin Strike","Reckless Charge"],"picked":"Wild Strike","floor":13},{"not_picked":["Anger","Twin Strike"],"picked":"Spot Weakness","floor":14},{"not_picked":["Corruption","Impervious"],"picked":"Barricade","floor":16},{"not_picked":["Cleave","Sword Boomerang"],"picked":"Perfected Strike+1","floor":18},{"not_picked":["Inflame","Thunderclap"],"picked":"Rampage","floor":19}],"player_experience":1482610,"relics_obtained":[{"floor":7,"key":"Orichalcum"},{"floor":9,"key":"Red Skull"},{"floor":11,"key":"Bag of Preparation"}],"event_choices":[{"damage_healed":0,"gold_gain":0,"player_choice":"Entered Light","damage_taken":16,"max_hp_gain":0,"max_hp_loss":0,"event_name":"Shining Light","floor":5,"gold_loss":0,"cards_upgraded":["Strike_R","Defend_R"]},{"cards_removed":["Strike_R"],"damage_healed":0,"gold_gain":0,"player_choice":"Gave Gold","damage_taken":0,"max_hp_gain":0,"max_hp_loss":0,"event_name":"Beggar","floor":20,"gold_loss":75}],"is_beta":false,"boss_relics":[{"not_picked":["Velvet Choker","Empty Cage"],"picked":"Astrolabe"}],"items_purged_floors":[],"is_endless":false,"potions_floor_spawned":[2,7,11,13],"killed_by":"Chosen and Byrds","ascension_level":7}}