{"host":"36zn1fhase90d3ns","time":1612067923,"event":{"mods":["2.2 Compatiblity","AchievementEnabler","Act Like it!","Aspiration","BaseMod","BetterRewards","Block Reminder","Colored Map","Colored Powertips","Conspire","Curses Come First","Custom Start","Dark Map","Energized Spire","Friendly Minions","Halation","Hermit","Hubris","Minty Spire (QoL Compilation)","Prisma Mod","Quick Restart","Relic Sorter","Reliquary","Remilia??????","Replay The Spire","Spicy Shops","StSLib","The Necromancer","Unceasing Turn Reminder","Yohane!","??????REMEMod"],"gold_per_floor":[113,113,35,64,83,83,83],"floor_reached":6,"language":"ENG","playtime":298,"items_purged":["hermit:Strike_Hermit"],"score":41,"play_id":"76fb1213-a0d9-4217-b56f-247dced330b0","local_time":"20210130223843","is_ascension_mode":true,"campfire_choices":[],"circlet_count":0,"master_deck":["hermit:Strike_Hermit","hermit:Strike_Hermit","hermit:Strike_Hermit","hermit:Defend_Hermit","hermit:Defend_Hermit","hermit:Defend_Hermit","hermit:Defend_Hermit","hermit:Snapshot","hermit:Covet","Summon_Death_Knight","hermit:Brawl","hermit:FromBeyond","hermit:Determination","hermit:CursedWeapon","hermit:LowProfile"],"relics":["hermit:Momento","REME_ComplimentaryCards","Potion Belt","halation:PrussianBluePaint","conspire:Flyswatter","Question Card"],"acts_visited":["Exordium"],"potions_floor_usage":[],"damage_taken":[{"damage":5,"enemies":"2 Louse","floor":1,"turns":6},{"damage":13,"enemies":"conspire:MimicChest","floor":4,"turns":9},{"damage":11,"enemies":"Cultist","floor":5,"turns":6},{"damage":0,"enemies":"Gremlin Nob","floor":6,"turns":1}],"seed_played":"-2256239852072680328","potions_obtained":[{"floor":5,"key":"Energy Potion"}],"is_trial":false,"path_per_floor":["M","?","$","?","M","E"],"character_chosen":"HERMIT","items_purchased":["Potion Belt","hermit:Brawl","halation:PrussianBluePaint","hermit:FromBeyond","conspire:Flyswatter","hermit:CursedWeapon"],"campfire_rested":0,"item_purchase_floors":[0,0,0,0,0,3],"current_hp_per_floor":[35,35,35,22,11,11,11],"gold":83,"neow_bonus":"","is_daily":false,"chose_seed":false,"campfire_upgraded":0,"win_rate":0.0,"timestamp":1612067923,"path_taken":["M","?","?","?","?","E"],"items_purchased_type":["Relic","Card","Relic","Card","Relic","Card"],"build_version":"2020-12-22","purchased_purges":1,"victory":false,"max_hp_per_floor":[75,75,75,75,75,75,75],"card_choices":[{"not_picked":["hermit:SprayPray","hermit:HoleUp"],"picked":"hermit:Determination","floor":1},{"not_picked":["hermit:Glare","hermit:CalledShot"],"picked":"hermit:LowProfile","floor":4},{"not_picked":["hermit:Misfire","hermit:LoneWolf","hermit:Desperado","hermit:Snipe"],"picked":"SKIP","floor":5}],"player_experience":515694,"relics_obtained":[{"floor":4,"key":"Question Card"}],"event_choices":[{"damage_healed":0,"gold_gain":0,"player_choice":"Bought 0 Potions","damage_taken":0,"max_hp_gain":0,"max_hp_loss":0,"event_name":"The Woman in Blue","floor":2,"gold_loss":0}],"is_beta":false,"boss_relics":[],"items_purged_floors":[0],"is_endless":false,"potions_floor_spawned":[5],"killed_by":"Gremlin Nob","ascension_level":4}}