{"host":"03gh5aw7xaqhv7p2","time":1612130625,"event":{"mods":["BaseMod","Colored Powertips","Infinite Spire","Minty Spire (QoL Compilation)","StSLib"],"gold_per_floor":[109,109,20,31,45,70,70,99,99,99,119,119,135,166,166,242,242,257,257,272,272,29,29,29],"floor_reached":23,"language":"ENG","playtime":1421,"items_purged":["Writhe"],"score":518,"play_id":"b09c8374-a31d-4bcb-a175-0087dcfb5839","local_time":"20210131230345","is_ascension_mode":true,"campfire_choices":[{"data":"Evaluate","floor":7,"key":"SMITH"},{"data":"Vigilance","floor":10,"key":"SMITH"},{"data":"Discovery","floor":15,"key":"SMITH"}],"circlet_count":0,"master_deck":["AscendersBane","Strike_P","Strike_P","Defend_P","Defend_P","Defend_P","Defend_P","Eruption","Vigilance+1","WindmillStrike","Discovery+1","Evaluate+1","BattleHymn","ConjureBlade","Evaluate","Establishment","Meditate","RitualDagger"],"relics":["PureWater","PreservedInsect","HornCleat","MealTicket","Black Star","Orichalcum","HandDrill"],"acts_visited":["Exordium","TheCity"],"potions_floor_usage":[6,8,16,20,20,20,20],"damage_taken":[{"damage":0,"enemies":"Small Slimes","floor":1,"turns":3},{"damage":0,"enemies":"Cultist","floor":4,"turns":4},{"damage":0,"enemies":"2 Louse","floor":5,"turns":2},{"damage":16,"enemies":"3 Sentries","floor":6,"turns":5},{"damage":0,"enemies":"Lagavulin","floor":8,"turns":5},{"damage":0,"enemies":"Exordium Wildlife","floor":11,"turns":4},{"damage":0,"enemies":"Looter","floor":13,"turns":2},{"damage":0,"enemies":"3 Sentries","floor":14,"turns":5},{"damage":12,"enemies":"Slime Boss","floor":16,"turns":6},{"damage":12,"enemies":"Spheric Guardian","floor":18,"turns":9},{"damage":23,"enemies":"3 Byrds","floor":20,"turns":7},{"damage":38,"enemies":"Book of Stabbing","floor":23,"turns":4}],"seed_played":"-4347061645152934482","potions_obtained":[{"floor":0,"key":"Ambrosia"},{"floor":0,"key":"CultistPotion"},{"floor":6,"key":"Ancient Potion"},{"floor":13,"key":"Swift Potion"},{"floor":16,"key":"EntropicBrew"}],"is_trial":false,"path_per_floor":["M","?","$","M","M","E","R","E","T","R","M","?","M","E","R","B",null,"M","?","M","?","$","E"],"character_chosen":"WATCHER","items_purchased":["Discovery","HandDrill"],"campfire_rested":0,"item_purchase_floors":[3,22],"current_hp_per_floor":[61,61,61,61,61,45,45,45,45,45,45,45,45,45,45,33,59,47,41,18,18,33,0,0],"gold":29,"neow_bonus":"THREE_SMALL_POTIONS","is_daily":false,"chose_seed":false,"campfire_upgraded":3,"win_rate":0.0,"timestamp":1612130625,"path_taken":["M","?","?","M","M","E","R","E","T","R","M","?","M","E","R","BOSS","M","?","M","?","$","E"],"items_purchased_type":["Card","Relic"],"build_version":"2020-12-22","purchased_purges":1,"victory":false,"max_hp_per_floor":[68,68,68,68,68,68,68,68,68,68,68,68,68,68,68,68,68,68,68,68,68,68,68,68],"card_choices":[{"not_picked":["Protect","CrushJoints"],"picked":"WindmillStrike","floor":1},{"not_picked":["ForeignInfluence","Worship"],"picked":"Evaluate","floor":4},{"not_picked":["InnerPeace","EmptyMind"],"picked":"BattleHymn","floor":5},{"not_picked":["FlurryOfBlows","LikeWater","Weave"],"picked":"SKIP","floor":6},{"not_picked":["Halt","WaveOfTheHand"],"picked":"ConjureBlade","floor":8},{"not_picked":["EmptyBody","WheelKick","SandsOfTime"],"picked":"SKIP","floor":11},{"not_picked":["ThirdEye","WaveOfTheHand"],"picked":"Evaluate","floor":13},{"not_picked":["Consecrate","EmptyFist","CarveReality"],"picked":"SKIP","floor":14},{"not_picked":["Ragnarok","Scrawl"],"picked":"Establishment","floor":16},{"not_picked":["LikeWater","JustLucky"],"picked":"Meditate","floor":18},{"not_picked":["Wallop","WindmillStrike","Protect"],"picked":"SKIP","floor":20}],"player_experience":1955132,"relics_obtained":[{"floor":6,"key":"PreservedInsect"},{"floor":8,"key":"HornCleat"},{"floor":14,"key":"MealTicket"}],"event_choices":[{"cards_removed":["Strike_P"],"damage_healed":0,"gold_gain":0,"player_choice":"Offered Basic","damage_taken":0,"max_hp_gain":0,"max_hp_loss":0,"event_name":"Bonfire Elementals","floor":2,"gold_loss":0},{"cards_removed":["Strike_P"],"damage_healed":0,"gold_gain":0,"player_choice":"Forget","damage_taken":0,"max_hp_gain":0,"max_hp_loss":0,"event_name":"Living Wall","floor":12,"gold_loss":0},{"damage_healed":0,"gold_gain":0,"player_choice":"Joined the Cult","damage_taken":6,"max_hp_gain":0,"max_hp_loss":0,"event_name":"Nest","floor":19,"gold_loss":0,"cards_obtained":["RitualDagger"]},{"damage_healed":0,"gold_gain":0,"player_choice":"Opened","damage_taken":0,"relics_obtained":["Orichalcum"],"max_hp_gain":0,"max_hp_loss":0,"event_name":"The Mausoleum","floor":21,"gold_loss":0,"cards_obtained":["Writhe"]}],"is_beta":false,"boss_relics":[{"not_picked":["Calling Bell","Pandora\u0027s Box"],"picked":"Black Star"}],"items_purged_floors":[22],"is_endless":false,"potions_floor_spawned":[1,6,13,16,18],"killed_by":"Book of Stabbing","ascension_level":20}}