{"host":"sad04l3m69qtnhom","time":1612079297,"event":{"mods":["AchievementEnabler","BaseMod","Colored Map","Colored Powertips","DeckTracker","Highlight Path","Minty Spire (QoL Compilation)","Permanent Neow","Quick Restart","SuperFastMode","everything is the same but u backflip on backflip"],"gold_per_floor":[118,118,131,143,75,75,100,100,124,144,144,172,186,216,216,216,216],"floor_reached":16,"language":"KOR","playtime":841,"items_purged":[],"score":132,"play_id":"95279c4f-1757-479a-9ff9-3feb7112ce94","local_time":"20210131164817","is_ascension_mode":true,"campfire_choices":[{"data":"Zap","floor":6,"key":"SMITH"},{"data":"Echo Form","floor":8,"key":"SMITH"},{"data":"Static Discharge","floor":11,"key":"SMITH"},{"data":"Defragment","floor":15,"key":"SMITH"}],"circlet_count":0,"master_deck":["Strike_B","Strike_B","Strike_B","Defend_B","Defend_B+1","Defend_B+1","Zap+1","Dualcast","Static Discharge+1","Conserve Battery","Seek","Storm","Echo Form+1","Go for the Eyes","Defragment+1"],"relics":["Cracked Core","Bronze Scales","Boot","War Paint","Vajra"],"acts_visited":["Exordium"],"potions_floor_usage":[7,13],"damage_taken":[{"damage":6,"enemies":"2 Louse","floor":1,"turns":2},{"damage":0,"enemies":"Cultist","floor":3,"turns":3},{"damage":3,"enemies":"Small Slimes","floor":4,"turns":3},{"damage":3,"enemies":"Lagavulin","floor":7,"turns":6},{"damage":9,"enemies":"Blue Slaver","floor":10,"turns":3},{"damage":21,"enemies":"3 Sentries","floor":12,"turns":5},{"damage":2,"enemies":"Exordium Wildlife","floor":13,"turns":4},{"damage":0,"enemies":"The Guardian","floor":16,"turns":2}],"seed_played":"-4558473855914084693","potions_obtained":[{"floor":3,"key":"DistilledChaos"},{"floor":7,"key":"Fire Potion"},{"floor":12,"key":"Explosive Potion"}],"is_trial":false,"path_per_floor":["M","?","M","M","$","R","E","R","T","M","R","E","M","?","R","B"],"character_chosen":"DEFECT","items_purchased":["Storm"],"campfire_rested":0,"item_purchase_floors":[5],"current_hp_per_floor":[62,62,62,59,59,59,56,56,56,47,47,26,24,24,24,24,24],"gold":216,"neow_bonus":"TRANSFORM_TWO_CARDS","is_daily":false,"chose_seed":false,"campfire_upgraded":4,"win_rate":0.0,"timestamp":1612079297,"path_taken":["M","?","M","?","$","R","E","R","T","M","R","E","M","?","R","BOSS"],"items_purchased_type":["Card"],"build_version":"2020-12-22","purchased_purges":0,"victory":false,"max_hp_per_floor":[68,68,68,68,68,68,68,68,68,68,68,68,68,68,68,68,68],"card_choices":[{"not_picked":["Hologram","Sweeping Beam","Hello World"],"picked":"SKIP","floor":1},{"not_picked":["FTL","Rebound","Compile Driver"],"picked":"SKIP","floor":3},{"not_picked":["Skim","Hologram","Rip and Tear"],"picked":"SKIP","floor":4},{"not_picked":["Hologram","Storm"],"picked":"Echo Form","floor":7},{"not_picked":["Sweeping Beam","Stack"],"picked":"Go for the Eyes","floor":10},{"not_picked":["Scrape","Turbo","Doom and Gloom"],"picked":"SKIP","floor":12},{"not_picked":["Hello World","Recycle"],"picked":"Defragment","floor":13}],"player_experience":422451,"relics_obtained":[{"floor":7,"key":"Bronze Scales"},{"floor":9,"key":"Boot"},{"floor":12,"key":"War Paint"}],"event_choices":[{"damage_healed":0,"gold_gain":0,"player_choice":"1 cards matched","damage_taken":0,"max_hp_gain":0,"max_hp_loss":0,"event_name":"Match and Keep!","floor":2,"gold_loss":0,"cards_obtained":["Seek"]},{"damage_healed":0,"gold_gain":30,"player_choice":"Searched \u00273\u0027 times","damage_taken":0,"relics_obtained":["Vajra"],"max_hp_gain":0,"max_hp_loss":0,"event_name":"Dead Adventurer","floor":14,"gold_loss":0}],"is_beta":false,"boss_relics":[],"items_purged_floors":[],"is_endless":false,"potions_floor_spawned":[3,7,12],"killed_by":"The Guardian","ascension_level":4}}