{"host":"zwuytn9vh5b8tdl7","time":1612073131,"event":{"mods":["AchievementEnabler","BaseMod","Colored Powertips","GifTheSpireLib","Minty Spire (QoL Compilation)","Rare Cards Sparkle","StSLib","The Animator"],"gold_per_floor":[139,139,170,185,200,220,82,95,95,95,95],"floor_reached":10,"language":"ENG","playtime":463,"items_purged":[],"score":62,"play_id":"2a21102c-de26-4d5f-aa1c-f59c132d13f1","local_time":"20210131010531","is_ascension_mode":false,"campfire_choices":[],"circlet_count":0,"master_deck":["animator:Strike_Fate","animator:Defend_Fate","animator:Strike","animator:Strike","animator:Strike","animator:Defend","animator:Defend","animator:Defend","animator:Alexander","animator:Rider","animator:ShinjiMatou","animator:Entoma","animator:Megumin+3","animator:DolaRiku","animator:Aqua","animator:PandorasActor","animator:Kazuma","animator:Saber","animator:Saitama","animator:Guy","animator:PandorasActor","animator:MumenRider"],"relics":["animator:LivingPicture","animator:TheMissingPiece","Orrery","Mummified Hand"],"acts_visited":["Exordium"],"potions_floor_usage":[10],"damage_taken":[{"damage":0.0,"enemies":"2 Louse","floor":1.0,"turns":2.0},{"damage":0.0,"enemies":"Cultist","floor":3.0,"turns":4.0},{"damage":10.0,"enemies":"Jaw Worm","floor":4.0,"turns":4.0},{"damage":3.0,"enemies":"Looter","floor":5.0,"turns":4.0},{"damage":13.0,"enemies":"Large Slime","floor":6.0,"turns":6.0},{"damage":22.0,"enemies":"Exordium Thugs","floor":8.0,"turns":7.0},{"damage":27,"enemies":"Gremlin Nob","floor":10,"turns":3}],"seed_played":"-7069671262650039805","potions_obtained":[{"floor":5.0,"key":"Dexterity Potion"}],"is_trial":false,"path_per_floor":["M","?","M","M","M","M","$","M","T","E"],"character_chosen":"THE_ANIMATOR","items_purchased":["Orrery"],"campfire_rested":0,"item_purchase_floors":[7],"current_hp_per_floor":[66,66,66,56,54,44,45,25,25,0,0],"gold":95,"neow_bonus":"THREE_CARDS","is_daily":false,"chose_seed":false,"campfire_upgraded":0,"win_rate":0.0,"timestamp":1612073131,"path_taken":["M","?","?","M","M","M","?","M","T","E"],"items_purchased_type":["Relic"],"build_version":"2020-12-22","purchased_purges":0,"victory":false,"max_hp_per_floor":[66,66,66,66,67,68,69,69,69,69,69],"card_choices":[{"not_picked":["animator:Kaijin","animator:DolaCouronne"],"picked":"animator:ShinjiMatou","floor":0.0},{"not_picked":["animator:ChaikaBohdan","animator:Guy"],"picked":"animator:Entoma","floor":1.0},{"not_picked":["animator:DolaCouronne","animator:MumenRider"],"picked":"animator:Megumin","floor":3.0},{"not_picked":["animator:SilverFang","animator:Assassin"],"picked":"animator:DolaRiku","floor":4.0},{"not_picked":["animator:Kazuma","animator:Vanir"],"picked":"animator:Aqua","floor":5.0},{"not_picked":["animator:Alexander","animator:DolaRiku"],"picked":"animator:PandorasActor","floor":6.0},{"not_picked":["animator:Shuna","animator:DolaSchwi"],"picked":"animator:Kazuma","floor":7.0},{"not_picked":["animator:Tatsumaki","animator:Rider"],"picked":"animator:Saber","floor":7.0},{"not_picked":["animator:Benimaru","animator:ChlammyZell"],"picked":"animator:Saitama","floor":7.0},{"not_picked":["animator:Genos","animator:Jibril"],"picked":"animator:Guy","floor":7.0},{"not_picked":["animator:Benimaru","animator:ChaikaBohdan"],"picked":"animator:PandorasActor","floor":7.0},{"not_picked":["animator:Sebas","animator:Melzalgald"],"picked":"animator:MumenRider","floor":8.0}],"player_experience":352144,"relics_obtained":[{"floor":9.0,"key":"Mummified Hand"}],"event_choices":[{"damage_healed":0.0,"max_hp_gain":0.0,"max_hp_loss":0.0,"gold_gain":0.0,"event_name":"Purifier","player_choice":"Ignored","floor":2.0,"gold_loss":0.0,"damage_taken":0.0}],"is_beta":false,"boss_relics":[],"items_purged_floors":[],"is_endless":false,"potions_floor_spawned":[5],"killed_by":"Gremlin Nob","ascension_level":0}}