{"host":"4rvakrj1idbgia3f","time":1612108702,"event":{"mods":["BaseMod","Colored Map","Colored Powertips","DeckTracker","Highlight Path","Minty Spire (QoL Compilation)","Random Character Button","StSLib"],"gold_per_floor":[112,194,194,208,219,219,251,265,265,265,284,310,310,310,310,381,381,393,52,52,2,14,14,14,14,14,28,39,66,66,96,108,195,207,238,263,295,332,360,372,410,422,515,560,583,595,607,637,649,661,673],"floor_reached":52,"language":"JPN","playtime":2818,"items_purged":["Strike_G"],"score":1980,"play_id":"cd01d019-5f95-4aa4-9842-48dcfa90dea8","local_time":"20210201005822","is_ascension_mode":true,"campfire_choices":[{"data":"Neutralize","floor":6.0,"key":"SMITH"},{"data":"Dagger Throw","floor":10.0,"key":"SMITH"},{"data":"Blade Dance","floor":13.0,"key":"SMITH"},{"data":"Blur","floor":15.0,"key":"SMITH"},{"data":"Apotheosis","floor":23.0,"key":"SMITH"},{"data":"Cloak And Dagger","floor":25.0,"key":"SMITH"},{"data":"Cloak And Dagger","floor":30.0,"key":"SMITH"},{"data":"Accuracy","floor":32.0,"key":"SMITH"},{"floor":40.0,"key":"REST"},{"floor":42.0,"key":"REST"},{"data":"A Thousand Cuts","floor":47.0,"key":"SMITH"},{"floor":49.0,"key":"REST"}],"circlet_count":0,"master_deck":["AscendersBane","Defend_G","Defend_G","Defend_G","Defend_G","Defend_G","Survivor","Neutralize+1","Leg Sweep","Slice","Heel Hook","Dagger Throw+1","Blur+1","Dagger Spray","Blade Dance+1","Glass Knife","Cloak And Dagger+1","Apotheosis+1","Cloak And Dagger+1","Escape Plan","Accuracy+1","A Thousand Cuts+1","Finisher","Dodge and Roll","Backflip+1","Blade Dance+1"],"relics":["Ring of the Snake","NeowsBlessing","Shuriken","Centennial Puzzle","HornCleat","Kunai","SlaversCollar","Smiling Mask","Anchor","MawBank","Empty Cage","Mango","MealTicket","Ninja Scroll","Pantograph"],"acts_visited":["Exordium","TheCity","TheBeyond"],"potions_floor_usage":[51,51],"damage_taken":[{"damage":0.0,"enemies":"Cultist","floor":1.0,"turns":1.0},{"damage":0.0,"enemies":"Small Slimes","floor":4.0,"turns":1.0},{"damage":0.0,"enemies":"Jaw Worm","floor":5.0,"turns":1.0},{"damage":7.0,"enemies":"3 Sentries","floor":7.0,"turns":11.0},{"damage":15.0,"enemies":"Gremlin Gang","floor":8.0,"turns":7.0},{"damage":0.0,"enemies":"3 Louse","floor":11.0,"turns":4.0},{"damage":5.0,"enemies":"Lagavulin","floor":12.0,"turns":6.0},{"damage":0.0,"enemies":"The Guardian","floor":16.0,"turns":10.0},{"damage":0.0,"enemies":"Chosen","floor":18.0,"turns":6.0},{"damage":10.0,"enemies":"Shell Parasite","floor":22.0,"turns":4.0},{"damage":2.0,"enemies":"Snake Plant","floor":27.0,"turns":4.0},{"damage":0.0,"enemies":"3 Cultists","floor":28.0,"turns":4.0},{"damage":5.0,"enemies":"Slavers","floor":31.0,"turns":5.0},{"damage":7.0,"enemies":"Collector","floor":33.0,"turns":8.0},{"damage":1.0,"enemies":"3 Shapes","floor":35.0,"turns":5.0},{"damage":0.0,"enemies":"Orb Walker","floor":36.0,"turns":3.0},{"damage":11.0,"enemies":"3 Darklings","floor":37.0,"turns":5.0},{"damage":0.0,"enemies":"Mind Bloom Boss Battle","floor":38.0,"turns":9.0},{"damage":35.0,"enemies":"Writhing Mass","floor":39.0,"turns":8.0},{"damage":12.0,"enemies":"Reptomancer","floor":41.0,"turns":5.0},{"damage":0.0,"enemies":"Nemesis","floor":44.0,"turns":7.0},{"damage":0.0,"enemies":"Sphere and 2 Shapes","floor":45.0,"turns":5.0},{"damage":0.0,"enemies":"3 Darklings","floor":48.0,"turns":4.0},{"damage":30,"enemies":"Awakened One","floor":50,"turns":9},{"damage":49,"enemies":"Time Eater","floor":51,"turns":8}],"seed_played":"-8777512297580609033","potions_obtained":[{"floor":5.0,"key":"CunningPotion"},{"floor":8.0,"key":"Weak Potion"},{"floor":16.0,"key":"PowerPotion"},{"floor":28.0,"key":"Dexterity Potion"},{"floor":33.0,"key":"Poison Potion"},{"floor":36.0,"key":"BlessingOfTheForge"},{"floor":38.0,"key":"Weak Potion"}],"is_trial":false,"path_per_floor":["M","T","?","M","M","R","E","M","T","R","M","E","R","?","R","B",null,"M","$","?","?","M","R","?","R","T","M","M","T","R","E","R","B",null,"M","M","M","?","M","R","E","R","T","E","M","?","R","M","R","B","B",null],"character_chosen":"THE_SILENT","items_purchased":["Cloak And Dagger","Apotheosis"],"campfire_rested":3,"item_purchase_floors":[19,19],"current_hp_per_floor":[59,59,64,64,64,64,57,42,42,42,42,37,37,30,30,30,61,61,61,61,61,51,51,51,51,51,49,49,49,49,44,44,37,63,62,62,51,65,30,55,43,68,68,68,68,56,56,56,81,55,31],"gold":685,"neow_bonus":"THREE_ENEMY_KILL","is_daily":false,"chose_seed":false,"campfire_upgraded":9,"win_rate":0.0,"timestamp":1612108702,"path_taken":["M","?","?","M","M","R","E","M","T","R","M","E","R","?","R","BOSS","M","$","?","?","?","R","?","R","T","M","M","?","R","E","R","BOSS","M","M","M","?","M","R","E","R","T","E","M","?","R","?","R","BOSS","BOSS"],"items_purchased_type":["Card","Card"],"build_version":"2020-12-22","purchased_purges":1,"victory":true,"max_hp_per_floor":[66,66,71,71,71,71,71,71,71,71,71,71,71,71,71,71,71,71,71,71,71,71,71,71,71,71,71,71,71,71,71,71,71,71,71,71,71,85,85,85,85,85,85,85,85,85,85,85,85,85,85],"card_choices":[{"not_picked":["Backflip","Endless Agony"],"picked":"Leg Sweep","floor":1.0},{"not_picked":["Prepared","Acrobatics"],"picked":"Slice","floor":4.0},{"not_picked":["Masterful Stab","Tactician"],"picked":"Heel Hook","floor":5.0},{"not_picked":["Distraction","Quick Slash"],"picked":"Dagger Throw","floor":7.0},{"not_picked":["PiercingWail","Flying Knee"],"picked":"Blur","floor":8.0},{"not_picked":["Sucker Punch","Acrobatics"],"picked":"Dagger Spray","floor":11.0},{"not_picked":["Bane","Prepared"],"picked":"Blade Dance","floor":12.0},{"not_picked":["Grand Finale","Bullet Time"],"picked":"Glass Knife","floor":16.0},{"not_picked":["Outmaneuver","Setup","Dagger Throw+1"],"picked":"SKIP","floor":18.0},{"not_picked":["Dodge and Roll+1","Quick Slash"],"picked":"Cloak And Dagger","floor":22.0},{"not_picked":["Cloak And Dagger","Dash"],"picked":"Escape Plan","floor":27.0},{"not_picked":["Slice","Dash+1","Endless Agony"],"picked":"SKIP","floor":28.0},{"not_picked":["Escape Plan","Burst"],"picked":"Accuracy","floor":31.0},{"not_picked":["Tools of the Trade","Glass Knife"],"picked":"A Thousand Cuts","floor":33.0},{"not_picked":["Outmaneuver","Setup"],"picked":"Finisher","floor":35.0},{"not_picked":["Acrobatics","Predator"],"picked":"Dodge and Roll","floor":36.0},{"not_picked":["Flechettes","Distraction","Leg Sweep"],"picked":"SKIP","floor":37.0},{"not_picked":["Underhanded Strike","Catalyst+1","Bane"],"picked":"SKIP","floor":39.0},{"not_picked":["Concentrate","Outmaneuver+1","Dagger Throw"],"picked":"SKIP","floor":41.0},{"not_picked":["Glass Knife","Blur"],"picked":"Backflip+1","floor":44.0},{"not_picked":["Poisoned Stab","Flechettes","Flying Knee"],"picked":"SKIP","floor":45.0},{"not_picked":["Choke","Slice"],"picked":"Blade Dance+1","floor":48.0}],"player_experience":2145400,"relics_obtained":[{"floor":2.0,"key":"Shuriken"},{"floor":7.0,"key":"Centennial Puzzle"},{"floor":9.0,"key":"HornCleat"},{"floor":12.0,"key":"Kunai"},{"floor":26.0,"key":"Smiling Mask"},{"floor":29.0,"key":"Anchor"},{"floor":31.0,"key":"MawBank"},{"floor":38.0,"key":"Mango"},{"floor":41.0,"key":"MealTicket"},{"floor":43.0,"key":"Ninja Scroll"},{"floor":44.0,"key":"Pantograph"}],"event_choices":[{"damage_healed":0.0,"max_hp_gain":5.0,"max_hp_loss":0.0,"gold_gain":0.0,"event_name":"Big Fish","player_choice":"Donut","floor":3.0,"gold_loss":0.0,"damage_taken":0.0},{"cards_removed":["Strike_G"],"damage_healed":0.0,"max_hp_gain":0.0,"max_hp_loss":0.0,"gold_gain":0.0,"event_name":"Golden Wing","player_choice":"Card Removal","floor":14.0,"gold_loss":0.0,"damage_taken":7.0},{"cards_removed":["Strike_G"],"damage_healed":0.0,"max_hp_gain":0.0,"max_hp_loss":0.0,"gold_gain":0.0,"event_name":"Back to Basics","player_choice":"Elegance","floor":20.0,"gold_loss":0.0,"damage_taken":0.0},{"damage_healed":0.0,"max_hp_gain":0.0,"max_hp_loss":0.0,"gold_gain":0.0,"event_name":"The Joust","player_choice":"Bet on Murderer","floor":21.0,"gold_loss":50.0,"damage_taken":0.0},{"damage_healed":0.0,"max_hp_gain":0.0,"max_hp_loss":0.0,"gold_gain":0.0,"event_name":"Ghosts","player_choice":"Ignored","floor":24.0,"gold_loss":0.0,"damage_taken":0.0},{"damage_healed":0.0,"max_hp_gain":0.0,"max_hp_loss":0.0,"gold_gain":0.0,"event_name":"MindBloom","player_choice":"Fight","floor":38.0,"gold_loss":0.0,"damage_taken":0.0},{"damage_healed":0.0,"max_hp_gain":0.0,"max_hp_loss":0.0,"gold_gain":0.0,"event_name":"Wheel of Change","player_choice":"Damaged","floor":46.0,"gold_loss":0.0,"damage_taken":12.0}],"is_beta":false,"boss_relics":[{"not_picked":["Tiny House","Snecko Eye"],"picked":"SlaversCollar"},{"not_picked":["HoveringKite","Pandora\u0027s Box"],"picked":"Empty Cage"}],"items_purged_floors":[19],"is_endless":false,"potions_floor_spawned":[5,8,16,28,33,36,38,48],"ascension_level":20}}