{"host":"liwj66r6jjqhm4vi","time":1612067606,"event":{"mods":["BaseMod","Colored Map","Minty Spire (QoL Compilation)","Railgun Mod","Replay The Spire","StSLib"],"gold_per_floor":[115,221,221,239,239,239,239,239,291,302,328,341,25,38,38,143,143,163,113,124,31,31,31,46,46,46,46,81,6,24,44,44,145,145,164,181,181,198,209,239,239,257,257,285,285,285,133,149,149,149,149,149,68,100,100],"floor_reached":56,"language":"ENG","playtime":2323,"items_purged":["TheRailgun:Discharge","TheRailgun:Crack"],"score":1352,"play_id":"f0b67bb3-e6f9-4a9b-b072-99421f698f2d","local_time":"20210130233326","is_ascension_mode":false,"campfire_choices":[{"data":"TheRailgun:Lightningbolt","floor":6,"key":"SMITH"},{"data":"TheRailgun:Thundershock","floor":8,"key":"SMITH"},{"data":"TheRailgun:Mental_Out","floor":15,"key":"SMITH"},{"floor":23,"key":"RECALL"},{"data":"TheRailgun:Level_6","floor":25,"key":"SMITH"},{"data":"TheRailgun:Scatter_Railgun","floor":27,"key":"SMITH"},{"data":"TheRailgun:Pull","floor":41,"key":"SMITH"},{"data":"TheRailgun:Iron_Dust_Vial","floor":45,"key":"SMITH"},{"data":"TheRailgun:Iron_Dust_Shield","floor":49,"key":"SMITH"},{"data":"TheRailgun:Railgun","floor":52,"key":"SMITH"}],"circlet_count":0,"master_deck":["TheRailgun:Strike","TheRailgun:Strike","TheRailgun:Strike+1","TheRailgun:Strike","TheRailgun:Defend+1","TheRailgun:Defend","TheRailgun:Defend","TheRailgun:Defend","TheRailgun:Static","TheRailgun:Thundershock+1","TheRailgun:Scatter_Railgun+1","TheRailgun:Lightningbolt+1","TheRailgun:Lightning_Speed","TheRailgun:Railgun+1","TheRailgun:Mental_Out+1","TheRailgun:Stun_Shock","TheRailgun:Zap","TheRailgun:Level_6+1","Flash of Steel","TheRailgun:Oneesama+1","TheRailgun:Charge+1","TheRailgun:Electrical_Storm+1","TheRailgun:Thundervolt+1","TheRailgun:Electrical_Fire+1","TheRailgun:Pull+1","TheRailgun:Iron_Dust_Shield+1","TheRailgun:Iron_Dust_Vial+1","TheRailgun:Gekotamania+1","TheRailgun:Judgement_Officer+1","TheRailgun:Electric_Fence+1","Specialist+1"],"relics":["TheRailgun:CoinRelic","Toy Ornithopter","Tiny Chest","Shuriken","ReplayTheSpireMod:Ninjato","Coffee Dripper","Garlic","Golden Egg","Replay:Towering Pillar of Hats","Empty Cage","Replay:Bottled Snecko","Whetstone","Singing Bowl","White Beast Statue"],"acts_visited":["Exordium","TheCity","TheBeyond","TheEnding"],"potions_floor_usage":[28,33,55,55,55],"damage_taken":[{"damage":6,"enemies":"Cultist","floor":1,"turns":5},{"damage":0,"enemies":"Jaw Worm","floor":4,"turns":3},{"damage":13,"enemies":"2 Louse","floor":10,"turns":2},{"damage":11,"enemies":"Replay:BlueRogue","floor":11,"turns":3},{"damage":9,"enemies":"Red Slaver","floor":12,"turns":3},{"damage":2,"enemies":"Large Slime","floor":14,"turns":3},{"damage":16,"enemies":"Slime Boss","floor":16,"turns":6},{"damage":4,"enemies":"Chosen","floor":18,"turns":3},{"damage":0,"enemies":"3 Byrds","floor":20,"turns":3},{"damage":0,"enemies":"Cultist and Chosen","floor":24,"turns":2},{"damage":24,"enemies":"Slavers","floor":28,"turns":4},{"damage":0,"enemies":"Snecko","floor":30,"turns":3},{"damage":0,"enemies":"Chosen and Byrds","floor":31,"turns":2},{"damage":8,"enemies":"Champ","floor":33,"turns":6},{"damage":5,"enemies":"3 Darklings","floor":35,"turns":2},{"damage":5,"enemies":"Orb Walker","floor":36,"turns":2},{"damage":9,"enemies":"Spire Growth","floor":38,"turns":3},{"damage":0,"enemies":"Jaw Worm Horde","floor":39,"turns":1},{"damage":0,"enemies":"Reptomancer","floor":40,"turns":3},{"damage":8,"enemies":"3 Darklings","floor":42,"turns":3},{"damage":16,"enemies":"Nemesis","floor":44,"turns":5},{"damage":0,"enemies":"Spire Growth","floor":48,"turns":2},{"damage":61,"enemies":"Awakened One","floor":50,"turns":6},{"damage":39,"enemies":"Shield and Spear","floor":54,"turns":3},{"damage":48,"enemies":"The Heart","floor":55,"turns":6}],"seed_played":"1573719491432132390","potions_obtained":[{"floor":3,"key":"Languid Potion"},{"floor":3,"key":"Regen Potion"},{"floor":3,"key":"Languid Potion"},{"floor":30,"key":"Swift Potion"},{"floor":31,"key":"Reflective Coating"},{"floor":36,"key":"Flashbang"},{"floor":39,"key":"ColorlessPotion"}],"is_trial":false,"path_per_floor":["M","?","?","M","?","R","?","R","T","M","E","M","$","M","R","B",null,"M","?","M","$","T","R","M","R","T","R","E","$","M","M","R_BF","B",null,"M","M","?","M","M","E","R","M","T","E","R","T","$","M","R","B",null,"R","$","E","B",null],"character_chosen":"THE_DEFAULT","items_purchased":["ReplayTheSpireMod:Ninjato","TheRailgun:Stun_Shock","Flash of Steel","TheRailgun:Electric_Fence+1","Specialist"],"campfire_rested":0,"item_purchase_floors":[13,13,21,47,53],"current_hp_per_floor":[71,52,52,52,57,57,57,57,57,44,33,24,24,22,22,6,82,78,78,78,78,78,78,78,78,78,78,74,74,82,82,82,82,82,77,72,72,79,82,82,82,82,82,66,66,66,66,84,84,39,84,84,84,63,44],"gold":100,"neow_bonus":"TEN_PERCENT_HP_BONUS","is_daily":false,"chose_seed":false,"campfire_upgraded":9,"win_rate":0.0,"timestamp":1612067606,"path_taken":["M","?","?","?","?","R","?","R","T","?","E","M","$","M","R","BOSS","M","?","?","$","?","R","M","R","T","R","E","?","M","M","R_BF","BOSS","M","M","?","M","?","E","R","M","T","E","R","?","$","M","R","BOSS","R","$","E","BOSS"],"items_purchased_type":["Relic","Card","Card","Card","Card"],"build_version":"2020-12-22","purchased_purges":2,"victory":true,"max_hp_per_floor":[77,77,77,77,82,82,82,82,82,82,82,82,82,82,82,82,82,82,82,82,82,82,82,82,82,82,82,82,82,82,82,82,82,82,82,82,82,82,82,82,82,82,82,82,82,82,82,84,84,84,84,84,84,86,86],"card_choices":[{"not_picked":["TheRailgun:Sister_Network","TheRailgun:Iron_Dust_Vial"],"picked":"TheRailgun:Crack","floor":1},{"not_picked":["TheRailgun:Static","TheRailgun:Spark"],"picked":"TheRailgun:Thundershock","floor":2},{"not_picked":["TheRailgun:Static","TheRailgun:Iron_Dust_Shield"],"picked":"TheRailgun:Scatter_Railgun","floor":2},{"not_picked":["TheRailgun:Thundershock","TheRailgun:Recharge"],"picked":"TheRailgun:Lightningbolt","floor":4},{"not_picked":["TheRailgun:Thunderjolt","TheRailgun:Coin_Flip"],"picked":"TheRailgun:Lightning_Speed","floor":10},{"not_picked":["TheRailgun:Thunderjolt","TheRailgun:Oneesama"],"picked":"TheRailgun:Railgun","floor":11},{"not_picked":["TheRailgun:Positive_Field","TheRailgun:Teleporter"],"picked":"TheRailgun:Mental_Out","floor":12},{"not_picked":["TheRailgun:Discharge","TheRailgun:Gekotamania"],"picked":"TheRailgun:Zap","floor":14},{"not_picked":["TheRailgun:Circuitous","TheRailgun:Railgun"],"picked":"TheRailgun:Level_6","floor":16},{"not_picked":["TheRailgun:Crack","TheRailgun:Iron_Dust_Vial"],"picked":"TheRailgun:Mental_Out","floor":18},{"not_picked":["TheRailgun:Thunderbolt","TheRailgun:Push+1","TheRailgun:Positive_Field"],"picked":"SKIP","floor":20},{"not_picked":["TheRailgun:Iron_Dust_Sword+1","TheRailgun:Iron_Dust_Shield"],"picked":"TheRailgun:Oneesama+1","floor":24},{"not_picked":["TheRailgun:Iron_Dust_Field","TheRailgun:Battery_Pack"],"picked":"TheRailgun:Charge+1","floor":28},{"not_picked":["TheRailgun:Thundershock+1","TheRailgun:Sister_Network"],"picked":"TheRailgun:Electrical_Storm","floor":30},{"not_picked":["TheRailgun:Zap","TheRailgun:Teleporter+1","TheRailgun:Push"],"picked":"SKIP","floor":31},{"not_picked":["TheRailgun:Supercharge","TheRailgun:Railgun"],"picked":"TheRailgun:Thundervolt","floor":33},{"not_picked":["TheRailgun:Oneesama+1","TheRailgun:Thunderjolt","TheRailgun:Push"],"picked":"SKIP","floor":35},{"not_picked":["TheRailgun:Discharge+1","TheRailgun:Lightningbolt"],"picked":"TheRailgun:Electrical_Fire+1","floor":36},{"not_picked":["TheRailgun:Sister_Noise+1","TheRailgun:Mental_Out+1"],"picked":"TheRailgun:Pull","floor":38},{"not_picked":["TheRailgun:Crack","TheRailgun:Zap"],"picked":"TheRailgun:Iron_Dust_Shield","floor":39},{"not_picked":["TheRailgun:Discharge","TheRailgun:Judgement_Officer"],"picked":"TheRailgun:Iron_Dust_Vial","floor":40},{"not_picked":["TheRailgun:Coin_Flip","TheRailgun:Crack+1"],"picked":"TheRailgun:Gekotamania+1","floor":42},{"not_picked":["TheRailgun:Oneesama","TheRailgun:Aerial_Shot"],"picked":"TheRailgun:Judgement_Officer","floor":44},{"not_picked":["TheRailgun:Thunderbolt+1","TheRailgun:Push","TheRailgun:Thundershock+1"],"picked":"Singing Bowl","floor":48},{"not_picked":["TheRailgun:Electrical_Storm+1","TheRailgun:Aerial_Shot+1","TheRailgun:Coin_Flip+1"],"picked":"Singing Bowl","floor":54}],"player_experience":146071,"relics_obtained":[{"floor":2,"key":"Toy Ornithopter"},{"floor":9,"key":"Tiny Chest"},{"floor":11,"key":"Shuriken"},{"floor":22,"key":"Garlic"},{"floor":26,"key":"Golden Egg"},{"floor":28,"key":"Replay:Towering Pillar of Hats"},{"floor":40,"key":"Replay:Bottled Snecko"},{"floor":44,"key":"Whetstone"},{"floor":46,"key":"Singing Bowl"},{"floor":54,"key":"White Beast Statue"}],"event_choices":[{"damage_healed":0,"gold_gain":0,"player_choice":"Got Potions","damage_taken":0,"max_hp_gain":0,"max_hp_loss":0,"event_name":"Lab","floor":3,"gold_loss":0},{"damage_healed":0,"gold_gain":0,"player_choice":"Donut","damage_taken":0,"max_hp_gain":5,"max_hp_loss":0,"event_name":"Big Fish","floor":5,"gold_loss":0},{"damage_healed":0,"gold_gain":0,"player_choice":"Bet on Owner","damage_taken":0,"max_hp_gain":0,"max_hp_loss":0,"event_name":"The Joust","floor":19,"gold_loss":50},{"damage_healed":0,"gold_gain":0,"player_choice":"Ignored","damage_taken":0,"max_hp_gain":0,"max_hp_loss":0,"event_name":"Ghosts","floor":32,"gold_loss":0},{"damage_healed":0,"gold_gain":0,"player_choice":"Ignored","damage_taken":0,"max_hp_gain":0,"max_hp_loss":0,"event_name":"NoteForYourself","floor":37,"gold_loss":0}],"is_beta":false,"boss_relics":[{"not_picked":["Tiny House","Ring of Chaos"],"picked":"Coffee Dripper"},{"not_picked":["Astrolabe","ChewingGum"],"picked":"Empty Cage"}],"items_purged_floors":[29,47],"is_endless":false,"potions_floor_spawned":[4,10,14,24,30,31,36,39,40,42,44,54],"ascension_level":0}}