{"host":"iimv3xr0scyjt3cx","time":1612131218,"event":{"mods":["BaseMod","Hermit","Minty Spire (QoL Compilation)","Replay The Spire","StSLib","The Bladedancer","The Bug Knight","The Cursed","The Judge","The Necromancer","The Senshi","The Servant 0.9.4","The Wild Card"],"gold_per_floor":[119,179,198,210,210,238,92,154,225,259,279,297,297,325,325,426,426,437,437,421,391,404,429,444,472,472,472,500,638,333,377,377,501,501,539,575,962,962,995,995,1043,1081,1108,1156,1175,449,504,535,535,579,579,579,124,180,212],"floor_reached":56,"language":"ENG","playtime":5764,"items_purged":["Normality"],"score":1821,"play_id":"35bec7af-23ce-4c53-baa8-873d19d03d95","local_time":"20210131231338","is_ascension_mode":false,"campfire_choices":[{"data":"TheCursedMod:NeowsMight","floor":13,"key":"SMITH"},{"data":"TheCursedMod:LuckyCharm","floor":15,"key":"SMITH"},{"data":"TheCursedMod:HellfireBreathing","floor":27,"key":"SMITH"},{"data":"TheCursedMod:EmpowerCircles","floor":32,"key":"SMITH"},{"floor":40,"key":"RECALL"},{"data":"ReplayUltimateDefense","floor":49,"key":"SMITH"},{"data":"TheCursedMod:NeowsMight","floor":52,"key":"SMITH"}],"circlet_count":0,"master_deck":["TheCursedMod:Strike_TheCursed","TheCursedMod:Strike_TheCursed","TheCursedMod:Strike_TheCursed","TheCursedMod:Strike_TheCursed","TheCursedMod:Defend_TheCursed","TheCursedMod:Defend_TheCursed","TheCursedMod:Defend_TheCursed","TheCursedMod:Defend_TheCursed","TheCursedMod:CursedWand+1","TheCursedMod:CleanUpWorkshop","TheCursedMod:Dregs","TheCursedMod:Torture","TheCursedMod:CircleOfBlood+1","TheCursedMod:CursedAmulet","TheCursedMod:Grudge","TheCursedMod:SpitefulStrike","TheCursedMod:NeowsMight+1","TheCursedMod:TroublousMinions","TheCursedMod:LuckyCharm+1","TheCursedMod:CursedShiv","TheCursedMod:CircleOfAbyss+1","TheCursedMod:CircleOfWindfury+1","TheCursedMod:Stigma","TheCursedMod:HellfireBreathing+1","TheCursedMod:Stigma+1","TheCursedMod:AbyssShockwave","TheCursedMod:EmpowerCircles+1","TheCursedMod:Wield","TheCursedMod:CursedStaff","TheCursedMod:NeowsMight+1","TheCursedMod:SpitefulStrike+1","TheCursedMod:CursedMace+1","TheCursedMod:SmokeScreen+1","TheCursedMod:CircleOfFocus+1","TheCursedMod:VitalStrike+1","TheCursedMod:FleshFromBone","TheCursedMod:Evocation+1","ReplayUltimateDefense+1","TheCursedMod:CursedArmor","TheCursedMod:TroublousMinions+1"],"relics":["TheCursedMod:BlackMagic101","HollowMod:LifeEnderRelic","Simple Rune","Divine Protection","Lee\u0027s Waffle","Mirror","Thread and Needle","Pear","ChewingGum","Oddly Smooth Stone","Replay:Bandana","Potion Belt","Turnip","Mummified Hand","Sling","ReplayTheSpireMod:TigerMarble","Coffee Dripper","Old Coin","Ring of Fury","ReplayTheSpireMod:Ring of Addiction","SacredBark","White Beast Statue","Vajra","Ancient Tea Set","Ginger","ReplayTheSpireMod:Lightbulb","Guide Book","Replay:Wax Seal","Strawberry","Centennial Puzzle"],"acts_visited":["Exordium","TheCity","TheBeyond","TheEnding"],"potions_floor_usage":[6,10,20,20,22,22,29,33,41,44,50,55,55,55],"damage_taken":[{"damage":0.0,"enemies":"Small Slimes","floor":1.0,"turns":3.0},{"damage":0.0,"enemies":"2 Louse","floor":3.0,"turns":4.0},{"damage":0.0,"enemies":"Jaw Worm","floor":4.0,"turns":4.0},{"damage":34,"enemies":"3 Sentries","floor":6,"turns":9},{"damage":12,"enemies":"Gremlin Nob","floor":10,"turns":5},{"damage":0,"enemies":"Blue Slaver","floor":11,"turns":4},{"damage":0,"enemies":"Red Slaver","floor":12,"turns":3},{"damage":8,"enemies":"HollowMod:MossKnight","floor":14,"turns":18},{"damage":3,"enemies":"The Guardian","floor":16,"turns":13},{"damage":0,"enemies":"Spheric Guardian","floor":18,"turns":11},{"damage":0,"enemies":"2 Thieves","floor":20,"turns":4},{"damage":14,"enemies":"Centurion and Healer","floor":22,"turns":26},{"damage":0,"enemies":"HollowMod:Nosk","floor":23,"turns":10},{"damage":0,"enemies":"Snecko","floor":24,"turns":3},{"damage":0,"enemies":"Book of Stabbing","floor":25,"turns":6},{"damage":0,"enemies":"Snake Plant","floor":28,"turns":2},{"damage":0,"enemies":"Colosseum Slavers","floor":29,"turns":3},{"damage":4,"enemies":"Colosseum Nobs","floor":29,"turns":4},{"damage":0,"enemies":"Shelled Parasite and Fungi","floor":31,"turns":3},{"damage":20,"enemies":"Pondfish","floor":33,"turns":9},{"damage":0,"enemies":"3 Shapes","floor":35,"turns":3},{"damage":0,"enemies":"Orb Walker","floor":36,"turns":3},{"damage":0,"enemies":"2 Orb Walkers","floor":37,"turns":3},{"damage":12,"enemies":"Spire Growth","floor":39,"turns":5},{"damage":15,"enemies":"Nemesis","floor":41,"turns":8},{"damage":0,"enemies":"Maw","floor":42,"turns":5},{"damage":0,"enemies":"3 Darklings","floor":44,"turns":3},{"damage":35,"enemies":"Writhing Mass","floor":45,"turns":5},{"damage":0,"enemies":"R_Hoarder","floor":47,"turns":4},{"damage":0,"enemies":"Spire Growth","floor":48,"turns":4},{"damage":0,"enemies":"Donu and Deca","floor":50,"turns":8},{"damage":0,"enemies":"Shield and Spear","floor":54,"turns":5},{"damage":9,"enemies":"The Heart","floor":55,"turns":9}],"seed_played":"1731022051940601585","potions_obtained":[{"floor":2.0,"key":"CultistPotion"},{"floor":3.0,"key":"Weak Potion"},{"floor":11,"key":"Swift Potion"},{"floor":14,"key":"ColorlessPotion"},{"floor":16,"key":"Weak Potion"},{"floor":21,"key":"Strength Potion"},{"floor":21,"key":"Doom Potion"},{"floor":22,"key":"Elixir"},{"floor":24,"key":"Regen Potion"},{"floor":25,"key":"Death Potion"},{"floor":28,"key":"FairyPotion"},{"floor":29,"key":"Swift Potion"},{"floor":33,"key":"Explosive Potion"},{"floor":36,"key":"Dexterity Potion"},{"floor":37,"key":"Energy Potion"},{"floor":38,"key":"Flashbang"},{"floor":38,"key":"BlessingOfTheForge"},{"floor":41,"key":"GamblersBrew"},{"floor":44,"key":"Ancient Potion"},{"floor":48,"key":"AttackPotion"}],"is_trial":false,"path_per_floor":["M","?","M","M","?","E","$","?","T","E","M","M","R","E","R","B",null,"M","?","M","?","M","E","M","E","T","R","M","?","$","M","R","B",null,"M","M","?","?","M","R","E","M","T","M","M","$","E","M","R","B",null,"R","$","E","B",null],"character_chosen":"THE_CURSED","items_purchased":["Lee\u0027s Waffle","Sling","ReplayTheSpireMod:TigerMarble","Ancient Tea Set","Ginger","ReplayUltimateDefense","Guide Book","Replay:Wax Seal","Strawberry","CultistPotion"],"campfire_rested":0,"item_purchase_floors":[7,30,30,46,46,46,53,53,53,53],"current_hp_per_floor":[75,45,47,51,44,10,82,82,82,70,74,80,80,84,84,87,92,92,92,92,92,78,86,92,92,92,92,92,88,88,92,92,72,92,92,92,92,92,80,80,71,75,75,75,44,44,48,54,54,56,92,92,99,97,95],"gold":212,"neow_bonus":"UPGRADE_CARD","is_daily":false,"chose_seed":false,"campfire_upgraded":6,"win_rate":0.0,"timestamp":1612131218,"path_taken":["M","?","M","M","?","E","$","?","T","E","M","M","R","E","R","BOSS","M","?","M","?","M","E","M","E","T","R","?","?","$","M","R","BOSS","M","M","?","?","M","R","E","M","T","M","M","$","E","M","R","BOSS","R","$","E","BOSS"],"items_purchased_type":["Relic","Relic","Relic","Relic","Relic","Card","Relic","Relic","Relic","Potion"],"build_version":"2020-12-22","purchased_purges":1,"victory":true,"max_hp_per_floor":[75,75,75,75,75,75,82,82,82,82,82,82,82,92,92,92,92,92,92,92,92,92,92,92,92,92,92,92,92,92,92,92,92,92,92,92,92,92,92,92,92,92,92,92,92,92,94,92,92,92,92,92,99,97,97],"card_choices":[{"not_picked":["TheCursedMod:Obscuration","TheCursedMod:FleshFromBone"],"picked":"TheCursedMod:Torture","floor":1.0},{"not_picked":["TheCursedMod:CursedSpellbook","TheCursedMod:CursedBlade"],"picked":"TheCursedMod:CircleOfBlood","floor":2.0},{"not_picked":["TheCursedMod:SmokeScreen","TheCursedMod:Wield"],"picked":"TheCursedMod:CursedAmulet","floor":3.0},{"not_picked":["TheCursedMod:BloodBarrier","TheCursedMod:VitalStrike"],"picked":"TheCursedMod:Grudge","floor":4.0},{"not_picked":["TheCursedMod:CursedShiv","TheCursedMod:VitalStrike"],"picked":"TheCursedMod:SpitefulStrike","floor":6},{"not_picked":["TheCursedMod:FleshFromBone","TheCursedMod:PrepareRite"],"picked":"TheCursedMod:NeowsMight","floor":10},{"not_picked":["TheCursedMod:SpitefulStrike","TheCursedMod:CircleOfFlame"],"picked":"TheCursedMod:TroublousMinions","floor":11},{"not_picked":["TheCursedMod:TacticalStrike","TheCursedMod:Torture"],"picked":"TheCursedMod:LuckyCharm","floor":12},{"not_picked":["TheCursedMod:StingEye","TheCursedMod:Stretching"],"picked":"TheCursedMod:CursedShiv","floor":14},{"not_picked":["TheCursedMod:Neurasthenia","TheCursedMod:DarkBarrier"],"picked":"TheCursedMod:CircleOfAbyss","floor":16},{"not_picked":["TheCursedMod:Torture","TheCursedMod:CircleOfCorruption"],"picked":"TheCursedMod:CircleOfWindfury+1","floor":18},{"not_picked":["TheCursedMod:RapidMovement","TheCursedMod:SoulReap","TheCursedMod:CircleOfWindfury"],"picked":"SKIP","floor":20},{"not_picked":["TheCursedMod:CircleOfFlame+1","TheCursedMod:SpreadPlague"],"picked":"TheCursedMod:Stigma","floor":22},{"not_picked":["TheCursedMod:StingEye","TheCursedMod:VitalStrike+1"],"picked":"TheCursedMod:HellfireBreathing","floor":23},{"not_picked":["TheCursedMod:VitalStrike","TheCursedMod:PrepareRite"],"picked":"TheCursedMod:Stigma+1","floor":24},{"not_picked":["TheCursedMod:RavingStaff+1","TheCursedMod:CircleOfBlood"],"picked":"TheCursedMod:AbyssShockwave","floor":25},{"not_picked":["TheCursedMod:Torture","TheCursedMod:StingEye"],"picked":"TheCursedMod:EmpowerCircles","floor":28},{"not_picked":["TheCursedMod:EmpowerCircles+1","TheCursedMod:CursedMace"],"picked":"TheCursedMod:Wield","floor":29},{"not_picked":["TheCursedMod:VitalStrike","TheCursedMod:SpitefulStrike"],"picked":"TheCursedMod:CursedStaff","floor":31},{"not_picked":["TheCursedMod:Neurasthenia","TheCursedMod:DemonSword"],"picked":"TheCursedMod:NeowsMight","floor":33},{"not_picked":["TheCursedMod:CursedBoomerang+1","TheCursedMod:CursedShiv"],"picked":"TheCursedMod:SpitefulStrike+1","floor":35},{"not_picked":["TheCursedMod:TroublousMinions","TheCursedMod:CircleOfWindfury"],"picked":"TheCursedMod:CursedMace+1","floor":36},{"not_picked":["TheCursedMod:Obscuration","TheCursedMod:CircleOfAmplification"],"picked":"TheCursedMod:SmokeScreen+1","floor":39},{"not_picked":["TheCursedMod:Obscuration","TheCursedMod:CursedMace+1"],"picked":"TheCursedMod:CircleOfFocus+1","floor":41},{"not_picked":["TheCursedMod:Stretching+1","TheCursedMod:CircleOfAmplification+1"],"picked":"TheCursedMod:VitalStrike+1","floor":42},{"not_picked":["TheCursedMod:SpitefulPlan","TheCursedMod:CircleOfFocus"],"picked":"TheCursedMod:FleshFromBone","floor":44},{"not_picked":["TheCursedMod:CursedBlade+1","TheCursedMod:Mangle"],"picked":"TheCursedMod:Evocation+1","floor":45},{"not_picked":["TheCursedMod:CursedStaff","TheCursedMod:RapidMovement"],"picked":"TheCursedMod:CursedArmor","floor":47},{"not_picked":["TheCursedMod:DoubleShield+1","TheCursedMod:Stigma"],"picked":"TheCursedMod:TroublousMinions+1","floor":48},{"not_picked":["TheCursedMod:SoulCrush","TheCursedMod:Stretching+1","TheCursedMod:ShockAndAwe"],"picked":"SKIP","floor":54}],"player_experience":505197,"relics_obtained":[{"floor":2.0,"key":"HollowMod:LifeEnderRelic"},{"floor":6,"key":"Divine Protection"},{"floor":9,"key":"Mirror"},{"floor":10,"key":"Thread and Needle"},{"floor":14,"key":"Pear"},{"floor":23,"key":"Oddly Smooth Stone"},{"floor":25,"key":"Replay:Bandana"},{"floor":26,"key":"Potion Belt"},{"floor":29,"key":"Turnip"},{"floor":29,"key":"Mummified Hand"},{"floor":37,"key":"Old Coin"},{"floor":38,"key":"Ring of Fury"},{"floor":38,"key":"ReplayTheSpireMod:Ring of Addiction"},{"floor":38,"key":"SacredBark"},{"floor":38,"key":"White Beast Statue"},{"floor":41,"key":"Vajra"},{"floor":47,"key":"ReplayTheSpireMod:Lightbulb"},{"floor":54,"key":"Centennial Puzzle"}],"event_choices":[{"damage_healed":0.0,"max_hp_gain":0.0,"max_hp_loss":0.0,"gold_gain":0.0,"event_name":"Scrap Ooze","player_choice":"Success","floor":5.0,"gold_loss":0.0,"damage_taken":7.0,"relics_obtained":["Simple Rune"]},{"damage_healed":0,"gold_gain":62,"player_choice":"Gained Gold","damage_taken":0,"max_hp_gain":0,"max_hp_loss":0,"event_name":"Golden Wing","floor":8,"gold_loss":0},{"damage_healed":0,"gold_gain":0,"player_choice":"Ignored","damage_taken":0,"max_hp_gain":0,"max_hp_loss":0,"event_name":"Beggar","floor":19,"gold_loss":0},{"damage_healed":0,"gold_gain":0,"player_choice":"Bought 2 Potions","damage_taken":0,"max_hp_gain":0,"max_hp_loss":0,"event_name":"The Woman in Blue","floor":21,"gold_loss":0},{"damage_healed":0,"gold_gain":0,"player_choice":"Fight","damage_taken":0,"max_hp_gain":0,"max_hp_loss":0,"event_name":"Colosseum","floor":29,"gold_loss":0},{"damage_healed":0,"gold_gain":0,"player_choice":"Fought Nobs","damage_taken":0,"max_hp_gain":0,"max_hp_loss":0,"event_name":"Colosseum","floor":29,"gold_loss":0},{"damage_healed":0,"gold_gain":0,"player_choice":"Fight","damage_taken":0,"max_hp_gain":0,"max_hp_loss":0,"event_name":"Mysterious Sphere","floor":37,"gold_loss":0}],"is_beta":false,"boss_relics":[{"not_picked":["Snecko Eye","Velvet Choker"],"picked":"ChewingGum"},{"not_picked":["Replay:Bronze Core","Honey Jar"],"picked":"Coffee Dripper"}],"items_purged_floors":[46],"is_endless":false,"potions_floor_spawned":[3,11,14,16,22,24,25,28,29,33,36,37,39,41,42,44,45,47,48,54],"ascension_level":0}}