{"host":"p7cjtxxrilhp4dw7","time":1612121891,"event":{"mods":["BaseMod","Block Reminder","Colored Map","Curses Come First","Highlight Path","Minty Spire (QoL Compilation)","Replay The Spire","StSLib","The Hierophant"],"gold_per_floor":[118,43,43,61,80,111,111,111,159,15,15,15,15,31,31,150,150,150,90,90,90,15,15,15,15,15],"floor_reached":25,"language":"ENG","playtime":2360,"items_purged":["Languid"],"score":345,"play_id":"d8c4e065-da1c-4fd4-a7c3-d69b2ed19324","local_time":"20210131123811","is_ascension_mode":true,"campfire_choices":[{"floor":7,"key":"REST"},{"floor":13,"key":"REST"},{"floor":24,"key":"REST"}],"circlet_count":0,"master_deck":["Strike_B","Strike_B","Defend_B","Defend_B","Defend_B","Defend_B","Zap","Sweeping Beam+1","Sweeping Beam+1","Cold Snap","Buffer+1","Machine Learning+1","Ball Lightning","Echo Form","Double Energy","Beam Cell","Fusion+1","Gash+1"],"relics":["Cracked Core","Golden Idol","Replay:Baseball","Happy Flower","Guide Book","Ectoplasm","Replay:Bottled Eggs"],"acts_visited":["Exordium","TheCity"],"potions_floor_usage":[6,14,16,23,23,23],"damage_taken":[{"damage":1,"enemies":"Cultist","floor":1,"turns":3},{"damage":0,"enemies":"Small Slimes","floor":4,"turns":2},{"damage":2,"enemies":"Jaw Worm","floor":5,"turns":3},{"damage":24,"enemies":"Gremlin Nob","floor":6,"turns":4},{"damage":12,"enemies":"Gremlin Gang","floor":14,"turns":5},{"damage":22,"enemies":"The Guardian","floor":16,"turns":11},{"damage":7,"enemies":"Shell Parasite","floor":18,"turns":5},{"damage":10,"enemies":"2 Thieves","floor":19,"turns":4},{"damage":17,"enemies":"Snake Plant","floor":20,"turns":5},{"damage":0,"enemies":"Snecko","floor":21,"turns":5},{"damage":45,"enemies":"Slavers","floor":23,"turns":5},{"damage":38,"enemies":"Shelled Parasite and Fungi","floor":25,"turns":5}],"seed_played":"8851153902482887206","potions_obtained":[{"floor":1,"key":"GamblersBrew"},{"floor":6,"key":"SkillPotion"},{"floor":14,"key":"Adrenaline Potion"},{"floor":19,"key":"Toxic Potion"},{"floor":21,"key":"FearPotion"},{"floor":23,"key":"Fruit Juice"}],"is_trial":false,"path_per_floor":["M","$","?","M","M","E","R","?","T","$","?","$","R","M","R_BF","B",null,"M","M","M","M","?","E","R","M"],"character_chosen":"DEFECT","items_purchased":["Guide Book"],"campfire_rested":3,"item_purchase_floors":[10],"current_hp_per_floor":[81,81,59,59,57,33,59,59,59,59,52,52,78,66,89,67,84,77,67,50,50,50,10,38,0,0],"gold":15,"neow_bonus":"TWENTY_PERCENT_HP_BONUS","is_daily":false,"chose_seed":false,"campfire_upgraded":0,"win_rate":0.0,"timestamp":1612121891,"path_taken":["M","$","?","M","M","E","R","?","T","$","?","?","R","M","R_BF","BOSS","M","M","?","M","?","E","R","M"],"items_purchased_type":["Relic"],"build_version":"2020-12-22","purchased_purges":1,"victory":false,"max_hp_per_floor":[89,89,89,89,89,89,89,89,89,89,89,89,89,89,89,89,89,89,89,89,89,89,94,94,94,94],"card_choices":[{"not_picked":["Blizzard","ReplaySort"],"picked":"Sweeping Beam","floor":1},{"not_picked":["Gash","Hologram"],"picked":"Sweeping Beam","floor":4},{"not_picked":["Steam","Fusion"],"picked":"Cold Snap","floor":5},{"not_picked":["Hologram","Amplify"],"picked":"Buffer","floor":6},{"not_picked":["Turbo","Recycle"],"picked":"Ball Lightning","floor":14},{"not_picked":["Reboot","Multi-Cast"],"picked":"Echo Form","floor":16},{"not_picked":["Turbo","Cold Snap"],"picked":"Double Energy","floor":18},{"not_picked":["ReplayTheSpireMod:GoodbyeWorld","Compile Driver"],"picked":"Beam Cell","floor":19},{"not_picked":["Ball Lightning","Sweeping Beam"],"picked":"Fusion+1","floor":20},{"not_picked":["ReplayTheSpireMod:System Scan","Steam"],"picked":"Gash","floor":21},{"not_picked":["Machine Learning","ReplayTheSpireMod:Reroute Power","Undo"],"picked":"SKIP","floor":23}],"player_experience":586273,"relics_obtained":[{"floor":6,"key":"Replay:Baseball"},{"floor":9,"key":"Happy Flower"},{"floor":23,"key":"Replay:Bottled Eggs"}],"event_choices":[{"damage_healed":0,"gold_gain":0,"player_choice":"Take Damage","damage_taken":22,"relics_obtained":["Golden Idol"],"max_hp_gain":0,"max_hp_loss":0,"event_name":"Golden Idol","floor":3,"gold_loss":0},{"cards_removed":["Strike_B"],"damage_healed":0,"gold_gain":0,"player_choice":"Card Removal","damage_taken":7,"max_hp_gain":0,"max_hp_loss":0,"event_name":"Golden Wing","floor":11,"gold_loss":0},{"cards_removed":["Strike_B"],"damage_healed":0,"gold_gain":0,"player_choice":"Gave Gold","damage_taken":0,"max_hp_gain":0,"max_hp_loss":0,"event_name":"Beggar","floor":22,"gold_loss":75}],"is_beta":false,"boss_relics":[{"not_picked":["Runic Pyramid","Kintsugi"],"picked":"Ectoplasm"}],"items_purged_floors":[2],"is_endless":false,"potions_floor_spawned":[1,6,14,19,21,23],"killed_by":"Shelled Parasite and Fungi","ascension_level":9}}