{"host":"f0gpob8hq9vgebej","time":1612079599,"event":{"mods":["AchievementEnabler","BaseMod","Minty Spire (QoL Compilation)","Quick Restart","SuperFastMode"],"gold_per_floor":[173,109,124,124,144,160,160,173,173,173,199,44,61,61,390,390,463,463,463,463,474,474,474],"floor_reached":21,"language":"KOR","playtime":501,"items_purged":["Strike_R"],"score":334,"play_id":"e0493c84-3745-4e74-adf4-660dc0605bef","local_time":"20210131165319","is_ascension_mode":true,"campfire_choices":[{"data":"Body Slam","floor":6.0,"key":"SMITH"},{"data":"Bash","floor":8.0,"key":"SMITH"},{"data":"Entrench","floor":13.0,"key":"SMITH"},{"data":"Burning Pact","floor":15.0,"key":"SMITH"}],"circlet_count":0,"master_deck":["AscendersBane","Bash+1","Body Slam+1","Battle Trance","Juggernaut","Entrench+1","Burning Pact+1","Juggernaut","Offering","Berserk","Exhume","True Grit","Rampage","Reaper","Rage","Body Slam","Dark Embrace"],"relics":["Burning Blood","Orichalcum","HornCleat","StrikeDummy","Old Coin","Pandora\u0027s Box"],"acts_visited":["Exordium","TheCity"],"potions_floor_usage":[],"damage_taken":[{"damage":0.0,"enemies":"Small Slimes","floor":1.0,"turns":3.0},{"damage":8.0,"enemies":"Jaw Worm","floor":2.0,"turns":4.0},{"damage":0.0,"enemies":"Cultist","floor":4.0,"turns":3.0},{"damage":7.0,"enemies":"Exordium Wildlife","floor":5.0,"turns":6.0},{"damage":5.0,"enemies":"Looter","floor":7.0,"turns":4.0},{"damage":17.0,"enemies":"3 Sentries","floor":10.0,"turns":10.0},{"damage":9.0,"enemies":"Red Slaver","floor":12.0,"turns":5.0},{"damage":4.0,"enemies":"Gremlin Nob","floor":14.0,"turns":4.0},{"damage":32.0,"enemies":"Slime Boss","floor":16.0,"turns":11.0},{"damage":0.0,"enemies":"2 Thieves","floor":18.0,"turns":1.0},{"damage":6.0,"enemies":"Spheric Guardian","floor":20.0,"turns":3.0},{"damage":43,"enemies":"Shelled Parasite and Fungi","floor":21,"turns":5}],"seed_played":"-1581237685176716351","potions_obtained":[{"floor":2.0,"key":"SmokeBomb"},{"floor":7.0,"key":"SteroidPotion"},{"floor":14.0,"key":"Dexterity Potion"},{"floor":16.0,"key":"Dexterity Potion"}],"is_trial":false,"path_per_floor":["M","M","?","M","M","R","M","R","T","E","$","M","R","E","R","B",null,"M","?","M","M"],"character_chosen":"IRONCLAD","items_purchased":["Entrench"],"campfire_rested":0,"item_purchase_floors":[11],"current_hp_per_floor":[1,74,72,72,75,74,74,75,75,75,64,64,61,61,63,63,37,66,72,51,51,8,8],"gold":474,"neow_bonus":"RANDOM_COMMON_RELIC","is_daily":false,"chose_seed":false,"campfire_upgraded":4,"win_rate":0.0,"timestamp":1612079599,"path_taken":["M","M","?","M","M","R","M","R","T","E","$","M","R","E","R","BOSS","M","?","M","M"],"items_purchased_type":["Card"],"build_version":"2020-12-22","purchased_purges":1,"victory":false,"max_hp_per_floor":[75,75,75,75,75,75,75,75,75,75,75,75,75,75,75,75,75,75,75,80,80,80,80],"card_choices":[{"not_picked":["Cleave","Seeing Red"],"picked":"Body Slam","floor":1.0},{"not_picked":["Armaments","Warcry","Perfected Strike"],"picked":"SKIP","floor":2.0},{"not_picked":["Headbutt","Perfected Strike"],"picked":"Battle Trance","floor":4.0},{"not_picked":["Exhume","Headbutt","Hemokinesis"],"picked":"SKIP","floor":5.0},{"not_picked":["Clash","Flex","Clothesline"],"picked":"SKIP","floor":7.0},{"not_picked":["Dark Embrace","Body Slam"],"picked":"Juggernaut","floor":10.0},{"not_picked":["Cleave","Headbutt"],"picked":"Burning Pact","floor":12.0},{"not_picked":["Thunderclap","Clothesline"],"picked":"Juggernaut","floor":14.0},{"not_picked":["Exhume","Feed"],"picked":"Offering","floor":16.0},{"not_picked":["Heavy Blade","Dropkick","Pommel Strike"],"picked":"SKIP","floor":20.0}],"player_experience":309685,"relics_obtained":[{"floor":9.0,"key":"HornCleat"},{"floor":10.0,"key":"StrikeDummy"},{"floor":14.0,"key":"Old Coin"}],"event_choices":[{"damage_healed":0.0,"max_hp_gain":0.0,"max_hp_loss":0.0,"gold_gain":0.0,"event_name":"Liars Game","player_choice":"Ignored","floor":3.0,"gold_loss":0.0,"damage_taken":0.0},{"damage_healed":0.0,"max_hp_gain":5.0,"max_hp_loss":0.0,"gold_gain":0.0,"event_name":"Forgotten Altar","player_choice":"Shed Blood","floor":19.0,"gold_loss":0.0,"damage_taken":26.0}],"is_beta":false,"boss_relics":[{"not_picked":["Runic Cube","Snecko Eye"],"picked":"Pandora\u0027s Box"}],"items_purged_floors":[11],"is_endless":false,"potions_floor_spawned":[2,7,10,14,16,18],"killed_by":"Shelled Parasite and Fungi","ascension_level":15}}