{"host":"tkinv8gv6hgcc58b","time":1612106663,"event":{"mods":["AchievementEnabler","BaseMod","BetterRewards","Colored Map","Downfall","Googly Eyes","Hermit","Minty Spire (QoL Compilation)","Rare Cards Sparkle","Relic Filter","StSLib","The Cursed","The Disciple"],"gold_per_floor":[119,137,62,62,62,62,62,82,82,107,132,132,132,132,31,31,106,116,116,221,221,236,49,62,74,74,74,106,106,106,129,148,148,148,159,172,172,172,274,274,292,292,308,327,327,327,354,354,370,370,370,382,401,401,417,417,417],"floor_reached":56,"language":"ENG","playtime":2519,"items_purged":[],"score":825,"play_id":"9300b307-071f-4283-93ff-ca593ec14452","local_time":"20210131102423","is_ascension_mode":true,"campfire_choices":[{"floor":7,"key":"REST"},{"data":"Aggregate","floor":9,"key":"SMITH"},{"data":"Sunder","floor":13,"key":"SMITH"},{"data":"Redo","floor":16,"key":"SMITH"},{"floor":19,"key":"REST"},{"floor":27,"key":"REST"},{"floor":29,"key":"REST"},{"floor":33,"key":"REST"},{"data":"Thunder Strike","floor":37,"key":"SMITH"},{"floor":38,"key":"REST"},{"floor":46,"key":"REST"},{"floor":48,"key":"REST"},{"floor":54,"key":"REST"}],"circlet_count":0,"master_deck":["Strike_B","Strike_B","Strike_B","Defend_B","Defend_B","Defend_B","Defend_B","Zap","Dualcast","Hello World","Hologram+1","Cold Snap","Sunder+1","Ball Lightning","Aggregate+1","BootSequence","Sweeping Beam","Barrage","Gash","Redo+1","Gash","Thunder Strike+1","Chill","Self Repair","Beam Cell","Redo+1","Machine Learning+1","Rip and Tear","Electrodynamics","Steam+1","Undo+1","Gash+1","Gash","Gash+1","Gash","Leap+1"],"relics":["Cracked Core","WingedGreaves","Gremlin Horn","Slimebound:PreparedRelic","Lantern","Toy Ornithopter","Torii","SacredBark","ClockworkSouvenir","MutagenicStrength","Bag of Marbles","Happy Flower","Smiling Mask","Sozu","Question Card","Pen Nib","Calipers","Pantograph"],"acts_visited":["Exordium","TheCity","TheBeyond"],"potions_floor_usage":[28,39],"damage_taken":[{"damage":10,"enemies":"2 Louse","floor":1,"turns":2},{"damage":2,"enemies":"Jaw Worm","floor":2,"turns":4},{"damage":0,"enemies":"Cultist","floor":8,"turns":2},{"damage":3,"enemies":"3 Sentries","floor":10,"turns":4},{"damage":0,"enemies":"3 Louse","floor":18,"turns":2},{"damage":26,"enemies":"Hexaghost","floor":20,"turns":12},{"damage":29,"enemies":"2 Thieves","floor":22,"turns":4},{"damage":19,"enemies":"3 Byrds","floor":24,"turns":6},{"damage":25,"enemies":"Sentry and Sphere","floor":25,"turns":6},{"damage":25,"enemies":"Slavers","floor":28,"turns":4},{"damage":17,"enemies":"Snake Plant","floor":32,"turns":3},{"damage":0,"enemies":"Shelled Parasite and Fungi","floor":35,"turns":2},{"damage":10,"enemies":"Chosen and Byrds","floor":36,"turns":5},{"damage":34,"enemies":"Automaton","floor":39,"turns":8},{"damage":1,"enemies":"Orb Walker","floor":41,"turns":2},{"damage":14,"enemies":"3 Shapes","floor":43,"turns":2},{"damage":13,"enemies":"3 Darklings","floor":44,"turns":2},{"damage":31,"enemies":"Reptomancer","floor":47,"turns":6},{"damage":26,"enemies":"Maw","floor":49,"turns":7},{"damage":27,"enemies":"Transient","floor":52,"turns":5},{"damage":24,"enemies":"Jaw Worm Horde","floor":53,"turns":4},{"damage":22,"enemies":"Maw","floor":55,"turns":5},{"damage":20,"enemies":"3 Darklings","floor":56,"turns":2}],"seed_played":"8251438105106623506","potions_obtained":[{"floor":1,"key":"EntropicBrew"},{"floor":2,"key":"ColorlessPotion"},{"floor":20,"key":"PotionOfCapacity"},{"floor":28,"key":"CultistPotion"},{"floor":35,"key":"EssenceOfDarkness"},{"floor":39,"key":"bronze:BurnAndBuffPotion"}],"is_trial":false,"path_per_floor":["M","M","$","?","T","$","R","M","R","E","T","T","R","?","$","R","?","M","R","B",null,"M","$","M","M","?","R","E","R","T","T","M","R","?","M","M","R","R","B",null,"M","$","M","M","?","R","E","R","M","T","T","M","M","R","M","M"],"character_chosen":"DEFECT","items_purchased":["Toxic Egg 2","Hologram+1","Cold Snap","Aggregate","Gash","Redo","Self Repair","ClockworkSouvenir"],"campfire_rested":9,"item_purchase_floors":[0,0,0,3,15,15,23,23],"current_hp_per_floor":[38,36,36,33,33,33,55,55,55,52,52,52,52,52,52,52,41,41,63,37,75,46,46,34,16,16,38,25,47,47,47,30,52,52,52,42,42,64,42,75,75,75,61,48,48,70,46,68,49,49,49,29,12,34,19,0,0],"gold":417,"neow_bonus":"","is_daily":false,"chose_seed":false,"campfire_upgraded":4,"win_rate":0.0,"timestamp":1612106663,"path_taken":["M","M","$","?","?","$","R","?","R","E","T","T","R","?","?","R","?","M","R","BOSS","M","$","M","M","?","R","E","R","?","T","M","R","?","M","?","R","R","BOSS","M","$","M","M","?","R","E","R","M","T","T","?","M","R","M","M"],"items_purchased_type":["Relic","Card","Card","Card","Card","Card","Card","Relic"],"build_version":"2020-12-22","purchased_purges":0,"victory":false,"max_hp_per_floor":[75,75,75,75,75,75,75,75,75,75,75,75,75,75,75,75,75,75,75,75,75,75,75,75,75,75,75,75,75,75,75,75,75,75,75,75,75,75,75,75,75,75,75,75,75,75,75,75,75,75,75,75,75,75,75,75,75],"card_choices":[{"not_picked":["Defragment","Skim"],"picked":"Sunder","floor":1},{"not_picked":["Streamline","Genetic Algorithm"],"picked":"Ball Lightning","floor":2},{"not_picked":["Recycle","Compile Driver"],"picked":"BootSequence","floor":8},{"not_picked":["Gash","Ball Lightning"],"picked":"Sweeping Beam","floor":10},{"not_picked":["Steam","Steam Power"],"picked":"Gash","floor":18},{"not_picked":["Biased Cognition","Hyperbeam"],"picked":"Thunder Strike","floor":20},{"not_picked":["Redo","Barrage"],"picked":"Chill","floor":22},{"not_picked":["Sweeping Beam","Hologram"],"picked":"Beam Cell","floor":24},{"not_picked":["Rip and Tear","Cold Snap"],"picked":"Redo+1","floor":25},{"not_picked":["Cold Snap","Tempest"],"picked":"Machine Learning","floor":28},{"not_picked":["Barrage","Compile Driver","Redo"],"picked":"SKIP","floor":32},{"not_picked":["Cold Snap","Steam"],"picked":"Rip and Tear","floor":35},{"not_picked":["Go for the Eyes","Compile Driver","Reprogram"],"picked":"SKIP","floor":36},{"not_picked":["Multi-Cast","Creative AI"],"picked":"Electrodynamics","floor":39},{"not_picked":["Sweeping Beam+1","Force Field"],"picked":"Steam+1","floor":41},{"not_picked":["Barrage","Force Field"],"picked":"Undo+1","floor":43},{"not_picked":["Conserve Battery+1","Go for the Eyes"],"picked":"Gash+1","floor":44},{"not_picked":["Glacier+1","Storm","Compile Driver"],"picked":"Gash","floor":47},{"not_picked":["Self Repair","Ball Lightning+1","Glacier+1"],"picked":"Gash+1","floor":49},{"not_picked":["Ball Lightning+1","Capacitor+1","Hyperbeam","Aggregate"],"picked":"SKIP","floor":52},{"not_picked":["Aggregate","Go for the Eyes","Redo"],"picked":"Gash","floor":53},{"not_picked":["Steam Power","Redo+1","Capacitor"],"picked":"Leap+1","floor":55}],"player_experience":1103812,"relics_obtained":[{"floor":5,"key":"Slimebound:PreparedRelic"},{"floor":10,"key":"Lantern"},{"floor":11,"key":"Toy Ornithopter"},{"floor":12,"key":"Torii"},{"floor":28,"key":"Bag of Marbles"},{"floor":30,"key":"Happy Flower"},{"floor":31,"key":"Smiling Mask"},{"floor":47,"key":"Pen Nib"},{"floor":50,"key":"Calipers"},{"floor":51,"key":"Pantograph"}],"event_choices":[{"damage_healed":0,"gold_gain":0,"player_choice":"Success","damage_taken":3,"relics_obtained":["Gremlin Horn"],"max_hp_gain":0,"max_hp_loss":0,"event_name":"Scrap Ooze","floor":4,"gold_loss":0},{"damage_healed":0,"gold_gain":0,"cards_transformed":["Strike_B"],"player_choice":"Transformed","damage_taken":0,"max_hp_gain":0,"max_hp_loss":0,"event_name":"Transmorgrifier","floor":14,"gold_loss":0,"cards_obtained":["Barrage"]},{"damage_healed":0,"gold_gain":75,"player_choice":"Gather Gold","damage_taken":11,"max_hp_gain":0,"max_hp_loss":0,"event_name":"World of Goop","floor":17,"gold_loss":0},{"damage_healed":0,"gold_gain":0,"player_choice":"Inject Mutagens","damage_taken":0,"relics_obtained":["MutagenicStrength"],"max_hp_gain":0,"max_hp_loss":0,"event_name":"Drug Dealer","floor":26,"gold_loss":0},{"damage_healed":0,"gold_gain":0,"player_choice":"Upgraded","damage_taken":0,"max_hp_gain":0,"max_hp_loss":0,"event_name":"Upgrade Shrine","floor":34,"gold_loss":0,"cards_upgraded":["Machine Learning"]},{"damage_healed":0,"gold_gain":0,"player_choice":"Gave Potion","damage_taken":0,"relics_obtained":["Question Card"],"max_hp_gain":0,"max_hp_loss":0,"event_name":"WeMeetAgain","floor":45,"gold_loss":0}],"is_beta":false,"boss_relics":[{"not_picked":["Snecko Eye","Philosopher\u0027s Stone"],"picked":"SacredBark"},{"not_picked":["bronze:MakeshiftBattery","Coffee Dripper"],"picked":"Sozu"}],"items_purged_floors":[],"is_endless":false,"potions_floor_spawned":[1,2,20,28,35,39,41,47,52],"killed_by":"3 Darklings","ascension_level":3}}