{"host":"dvdvdvm357cut69v","time":1612087616,"event":{"mods":["BaseMod","Minty Spire (QoL Compilation)","StSLib"],"gold_per_floor":[218,237,237,14,33,61,61,74,74,74,74,84,110,124,124,201,201,217,217,64,76,76,76,101,101,101,114,124,124,33,46,46,122,122,140,140,62,62,77,111,111,111,134,134,144,159,176,76,76,76],"floor_reached":51,"language":"ENG","playtime":2120,"items_purged":["Strike_B","Defend_B"],"score":1217,"play_id":"0a035bd6-5966-4596-ae56-b96a1655157b","local_time":"20210131130656","is_ascension_mode":true,"campfire_choices":[{"floor":7,"key":"REST"},{"floor":10,"key":"REST"},{"data":"Echo Form","floor":15,"key":"SMITH"},{"data":"Defragment","floor":23,"key":"SMITH"},{"floor":25,"key":"REST"},{"data":"Go for the Eyes","floor":29,"key":"SMITH"},{"data":"Dark Shackles","floor":32,"key":"SMITH"},{"floor":41,"key":"REST"},{"data":"Madness","floor":44,"key":"SMITH"},{"data":"Glacier","floor":49,"key":"SMITH"}],"circlet_count":0,"master_deck":["AscendersBane","Strike_B","Strike_B","Strike_B","Defend_B","Defend_B","Zap","Dualcast","Cold Snap","Gash","White Noise","Beam Cell","Sweeping Beam","Undo","Leap","Melter","Echo Form+1","Self Repair","Go for the Eyes+1","Glacier","Defragment+1","Turbo","Rebound+1","Hello World","Dark Shackles+1","BootSequence","Amplify","Gash+1","Blizzard","Madness+1","Madness","Glacier+1"],"relics":["FrozenCore","Matryoshka","Dead Branch","Gremlin Horn","StoneCalendar","Nunchaku","Inserter","MutagenicStrength","Boot","Mummified Hand","MealTicket","Happy Flower","DataDisk"],"acts_visited":["Exordium","TheCity","TheBeyond"],"potions_floor_usage":[6,12,16,16,24,24,31,33,40,50,50],"damage_taken":[{"damage":6,"enemies":"Jaw Worm","floor":1,"turns":6},{"damage":9,"enemies":"2 Louse","floor":2,"turns":3},{"damage":0,"enemies":"Cultist","floor":5,"turns":3},{"damage":11,"enemies":"Lagavulin","floor":6,"turns":5},{"damage":3,"enemies":"Blue Slaver","floor":8,"turns":3},{"damage":5,"enemies":"Gremlin Gang","floor":12,"turns":3},{"damage":23,"enemies":"3 Sentries","floor":13,"turns":7},{"damage":0,"enemies":"2 Fungi Beasts","floor":14,"turns":2},{"damage":1,"enemies":"The Guardian","floor":16,"turns":10},{"damage":16,"enemies":"Spheric Guardian","floor":18,"turns":4},{"damage":10,"enemies":"Shell Parasite","floor":21,"turns":7},{"damage":28,"enemies":"Slavers","floor":24,"turns":7},{"damage":0,"enemies":"Chosen and Byrds","floor":27,"turns":6},{"damage":13,"enemies":"Snecko","floor":28,"turns":5},{"damage":0,"enemies":"3 Cultists","floor":31,"turns":4},{"damage":19,"enemies":"Collector","floor":33,"turns":10},{"damage":3,"enemies":"3 Shapes","floor":35,"turns":5},{"damage":36,"enemies":"3 Darklings","floor":39,"turns":7},{"damage":12,"enemies":"Nemesis","floor":40,"turns":7},{"damage":0,"enemies":"Jaw Worm Horde","floor":45,"turns":3},{"damage":0,"enemies":"Sphere and 2 Shapes","floor":46,"turns":5},{"damage":15,"enemies":"3 Darklings","floor":47,"turns":5},{"damage":0,"enemies":"Awakened One","floor":50,"turns":19}],"seed_played":"-1551836085611297787","potions_obtained":[{"floor":5,"key":"SteroidPotion"},{"floor":8,"key":"Swift Potion"},{"floor":12,"key":"BlessingOfTheForge"},{"floor":13,"key":"Block Potion"},{"floor":16,"key":"Energy Potion"},{"floor":18,"key":"Explosive Potion"},{"floor":24,"key":"Dexterity Potion"},{"floor":28,"key":"Weak Potion"},{"floor":31,"key":"PotionOfCapacity"},{"floor":33,"key":"FocusPotion"},{"floor":42,"key":"FocusPotion"}],"is_trial":false,"path_per_floor":["M","M","?","$","M","E","R","M","T","R","?","M","E","M","R","B",null,"M","?","$","M","?","R","E","R","T","M","M","R","$","M","R","B",null,"M","?","$","?","M","E","R","?","T","R","M","M","M","$","R","B",null],"character_chosen":"DEFECT","items_purchased":["White Noise","Beam Cell","Sweeping Beam","Glacier","Defragment","Dark Shackles","Blizzard"],"campfire_rested":4,"item_purchase_floors":[4,4,4,20,20,30,37],"current_hp_per_floor":[62,53,41,41,41,30,52,49,49,71,71,66,43,43,43,56,70,61,61,61,58,58,58,37,59,59,66,60,60,75,75,75,63,72,75,75,75,66,30,32,54,54,54,54,61,68,53,68,68,68],"gold":76,"neow_bonus":"HUNDRED_GOLD","is_daily":false,"chose_seed":false,"campfire_upgraded":6,"win_rate":0.0,"timestamp":1612087616,"path_taken":["M","M","?","$","M","E","R","M","T","R","?","?","E","M","R","BOSS","M","?","$","?","?","R","E","R","T","M","M","R","$","M","R","BOSS","M","?","$","?","M","E","R","?","T","R","M","M","?","$","R","BOSS"],"items_purchased_type":["Card","Card","Card","Card","Card","Card","Card"],"build_version":"2020-12-13","purchased_purges":2,"victory":true,"max_hp_per_floor":[75,75,75,75,75,75,75,75,75,75,75,75,75,75,75,75,75,75,75,75,75,75,75,75,75,75,75,75,75,75,75,75,75,75,75,75,75,75,75,75,75,75,75,75,75,75,75,75,75,75],"card_choices":[{"not_picked":["Fusion","Force Field"],"picked":"Cold Snap","floor":1},{"not_picked":["Reinforced Body","Hologram"],"picked":"Gash","floor":2},{"not_picked":["Cold Snap","Aggregate"],"picked":"Undo","floor":5},{"not_picked":["Ball Lightning","Beam Cell"],"picked":"Leap","floor":6},{"not_picked":["Redo","Aggregate","Hologram"],"picked":"SKIP","floor":8},{"not_picked":["Leap","Go for the Eyes"],"picked":"Melter","floor":12},{"not_picked":["Consume","Auto Shields"],"picked":"Echo Form","floor":13},{"not_picked":["Aggregate","Redo"],"picked":"Self Repair","floor":14},{"not_picked":["Creative AI","Thunder Strike"],"picked":"Biased Cognition","floor":16},{"not_picked":["Sweeping Beam","Coolheaded"],"picked":"Go for the Eyes","floor":18},{"not_picked":["Streamline","Rebound"],"picked":"Turbo","floor":21},{"not_picked":["Reinforced Body","Auto Shields"],"picked":"Rebound+1","floor":24},{"not_picked":["Sunder+1","Gash+1"],"picked":"Hello World","floor":27},{"not_picked":["Conserve Battery","Rebound","Skim"],"picked":"SKIP","floor":28},{"not_picked":["Coolheaded","Streamline"],"picked":"BootSequence","floor":31},{"not_picked":["Rainbow","Reboot"],"picked":"Amplify","floor":33},{"not_picked":["Chill+1","Turbo"],"picked":"Gash+1","floor":35},{"not_picked":["Aggregate","Auto Shields","Loop"],"picked":"SKIP","floor":39},{"not_picked":["Machine Learning","Force Field"],"picked":"Glacier","floor":40},{"not_picked":["Leap","Redo","Barrage"],"picked":"SKIP","floor":45},{"not_picked":["Ball Lightning","Streamline+1","Double Energy"],"picked":"SKIP","floor":46},{"not_picked":["Steam+1","Reprogram","Cold Snap"],"picked":"SKIP","floor":47}],"player_experience":92672,"relics_obtained":[{"floor":6,"key":"Dead Branch"},{"floor":9,"key":"Gremlin Horn"},{"floor":9,"key":"StoneCalendar"},{"floor":13,"key":"Nunchaku"},{"floor":24,"key":"Boot"},{"floor":26,"key":"Mummified Hand"},{"floor":26,"key":"MealTicket"},{"floor":40,"key":"Happy Flower"},{"floor":43,"key":"DataDisk"}],"event_choices":[{"damage_healed":0,"gold_gain":0,"player_choice":"Success","damage_taken":12,"relics_obtained":["Matryoshka"],"max_hp_gain":0,"max_hp_loss":0,"event_name":"Scrap Ooze","floor":3,"gold_loss":0},{"cards_removed":["Defend_B"],"damage_healed":0,"gold_gain":0,"player_choice":"Offered Basic","damage_taken":0,"max_hp_gain":0,"max_hp_loss":0,"event_name":"Bonfire Elementals","floor":11,"gold_loss":0},{"damage_healed":0,"gold_gain":0,"player_choice":"Ignored","damage_taken":0,"max_hp_gain":0,"max_hp_loss":0,"event_name":"N\u0027loth","floor":19,"gold_loss":0},{"damage_healed":0,"gold_gain":0,"player_choice":"Inject Mutagens","damage_taken":0,"relics_obtained":["MutagenicStrength"],"max_hp_gain":0,"max_hp_loss":0,"event_name":"Drug Dealer","floor":22,"gold_loss":0},{"cards_removed":["Biased Cognition"],"damage_healed":0,"gold_gain":0,"player_choice":"Removed Power","damage_taken":0,"max_hp_gain":0,"max_hp_loss":0,"event_name":"Falling","floor":36,"gold_loss":0},{"damage_healed":0,"gold_gain":0,"player_choice":"Embrace Madness","damage_taken":9,"max_hp_gain":0,"max_hp_loss":0,"event_name":"Winding Halls","floor":38,"gold_loss":0,"cards_obtained":["Madness","Madness"]},{"damage_healed":0,"gold_gain":0,"player_choice":"Got Potions","damage_taken":0,"max_hp_gain":0,"max_hp_loss":0,"event_name":"Lab","floor":42,"gold_loss":0}],"is_beta":false,"boss_relics":[{"not_picked":["SlaversCollar","Runic Dome"],"picked":"Inserter"},{"not_picked":["Fusion Hammer","Snecko Eye"],"picked":"FrozenCore"}],"items_purged_floors":[4,48],"is_endless":false,"potions_floor_spawned":[5,8,12,13,16,18,24,28,31,33,45,46,47],"ascension_level":13}}