{"host":"qg654vxoo1kzp6cj","time":1612077691,"event":{"mods":["100% Spire Juice","2.2 Compatiblity","Act Like it!","Aspiration","BaseMod","Better Altar","Better Skull","Better Third Choice","Better Vampires","Displayed Cursed Tome","Downfall","Elementarium","Gensokyo","GifTheSpireLib","Hallownest","HololiveMod","Hubris","Ironclad Rager","Menagerie","Minty Spire (QoL Compilation)","MostiFishMod","Pale of the Ancients","Reliquary","Replay The Spire","Spicy Shops","StSLib","Stuff the Spire","The Animator","The Bug Knight","The Runesmith","The Senshi","The Servant 0.9.4","TheHero","Wandering Minibosses","WarShipGirlsR/????R mod"],"gold_per_floor":[99,99,324,60,80,109,132,32,53,74,108,108,108,108,108,108],"floor_reached":14,"language":"ENG","playtime":800,"items_purged":["Pain"],"score":125,"play_id":"ad519b6e-07cf-4c4d-aa7a-aa8b22504983","local_time":"20210131022131","is_ascension_mode":true,"campfire_choices":[{"floor":1,"key":"RECALL"},{"floor":8,"key":"REST"}],"circlet_count":0,"master_deck":["bronze:Strike","bronze:Strike","bronze:Strike","bronze:Strike","bronze:Defend","bronze:Defend","bronze:Defend","bronze:Defend","bronze:Replicate","bronze:Goto","bronze:Separator","bronze:DelayedGuard","bronze:BitShift","bronze:Verify","bronze:BugBarrage","bronze:Terminator","bronze:DelayedSlice","StuffTheSpire:Harmony","Menagerie:SagesJudgement"],"relics":["bronze:BronzeCore","DaveBox","RhineCircuit","Menagerie:HuntersKnife","StuffTheSpire:Barrel","BargainBundle","Durian","downfall:HeartBlessingBlue","TungstenRod"],"acts_visited":["Exordium"],"potions_floor_usage":[4,9,10,14],"damage_taken":[{"damage":5,"enemies":"downfall:FleeingMerchant","floor":4,"turns":4},{"damage":4,"enemies":"Menagerie:WhisperingWraith","floor":5,"turns":4},{"damage":8,"enemies":"Menagerie:MaskedSummoner","floor":6,"turns":14},{"damage":6,"enemies":"Menagerie:StygianBoar","floor":9,"turns":3},{"damage":12,"enemies":"Menagerie:MonstrousExperiment","floor":10,"turns":3},{"damage":53,"enemies":"Menagerie:VoidReaper","floor":11,"turns":9},{"damage":8,"enemies":"Menagerie:MaskedSummoner","floor":14,"turns":3}],"seed_played":"-456689792680575900","potions_obtained":[{"floor":5,"key":"bronze:FreeFunctionsPotion"},{"floor":6,"key":"Explosive Potion"}],"is_trial":false,"path_per_floor":["R","?","?","$","M","E","T","R","M","M","E","?","?","E"],"character_chosen":"THE_AUTOMATON","items_purchased":["BargainBundle","Happy Flower","Fruit Juice","Energy Potion","Block Potion","bronze:DelayedGuard"],"campfire_rested":1,"item_purchase_floors":[4,4,4,4,4,4],"current_hp_per_floor":[77,71,40,40,36,33,33,70,72,60,7,7,3,0,0,0],"gold":108,"neow_bonus":"TEN_PERCENT_HP_BONUS","is_daily":false,"chose_seed":false,"campfire_upgraded":0,"win_rate":0.0,"timestamp":1612077691,"path_taken":["R","?","?","$","M","E","T","R","?","M","E","?","?","E"],"items_purchased_type":["Relic","Relic","Potion","Potion","Potion","Card"],"build_version":"2020-12-22","purchased_purges":1,"victory":false,"max_hp_per_floor":[77,71,71,76,76,81,81,91,91,91,91,91,91,91,91,91],"card_choices":[{"not_picked":["bronze:Allocate","bronze:GetLatest"],"picked":"bronze:Separator","floor":4},{"not_picked":["bronze:OilSpill","bronze:Frontload"],"picked":"bronze:BitShift","floor":5},{"not_picked":["bronze:Optimize","bronze:Shield"],"picked":"bronze:Verify","floor":6},{"not_picked":["bronze:Shield","bronze:BuggyMess"],"picked":"bronze:BugBarrage","floor":9},{"not_picked":["bronze:Shield","bronze:Turbo"],"picked":"bronze:Terminator","floor":10},{"not_picked":["bronze:Virus","bronze:Frontload"],"picked":"bronze:DelayedSlice","floor":11},{"not_picked":["StuffTheSpire:BrainWave","StuffTheSpire:CelestialWarden"],"picked":"StuffTheSpire:Harmony","floor":12}],"player_experience":842003,"relics_obtained":[{"floor":6,"key":"Durian"},{"floor":11,"key":"TungstenRod"}],"event_choices":[{"damage_healed":0,"gold_gain":0,"player_choice":"Take","damage_taken":0,"relics_obtained":["Menagerie:HuntersKnife"],"max_hp_gain":0,"max_hp_loss":6,"event_name":"Menagerie:BigGameHunter","floor":2,"gold_loss":0},{"damage_healed":0,"gold_gain":225,"player_choice":"GO GO RE ","damage_taken":35,"relics_obtained":["StuffTheSpire:Barrel"],"max_hp_gain":0,"max_hp_loss":0,"event_name":"betterSkull:BetterSkull","floor":3,"gold_loss":0,"cards_upgraded":[]},{"damage_healed":0,"gold_gain":0,"player_choice":"Help the mage","damage_taken":5,"max_hp_gain":0,"max_hp_loss":0,"event_name":"Menagerie:MageAndMonster","floor":13,"gold_loss":0,"cards_obtained":["Menagerie:SagesJudgement"]}],"is_beta":false,"boss_relics":[],"items_purged_floors":[4],"is_endless":false,"potions_floor_spawned":[5,6],"killed_by":"Menagerie:MaskedSummoner","ascension_level":1}}