{"host":"uceopoba4zvqsgiy","time":1612053802,"event":{"mods":["Act Like it!","BaseMod","Better Skull","Better Third Choice","Elementarium","Evolution","GifTheSpireLib","Hermit","Humility","Infinite Spire","Jorbs\u0027s Wanderer Trilogy","Marked Mod","Minty Spire (QoL Compilation)","Potionbrewer","Reliquary","Replay The Spire","Robot Space Explorer","Shade Mod","Spicy Shops","StS++","StSLib","Stuff the Spire","The Blue Laboratory","The Caster","The Cursed","The Dragon Tamer","The Hierophant","The Jungle","TheSurvivalist","Wandering Minibosses"],"gold_per_floor":[109,123,123,48,48,48,83,83,83,96,96,96,96],"floor_reached":12,"language":"ENG","playtime":813,"items_purged":["Pain"],"score":84,"play_id":"8e03db49-3167-409f-9558-c97c513790af","local_time":"20210131111322","is_ascension_mode":true,"campfire_choices":[{"data":"RobotSpaceExplorer:TrailblazerForm","floor":6,"key":"SMITH"},{"data":"StuffTheSpire:Resist","floor":8,"key":"SMITH"}],"circlet_count":0,"master_deck":["RobotSpaceExplorer:Strike","RobotSpaceExplorer:Strike","RobotSpaceExplorer:Strike","RobotSpaceExplorer:Strike","RobotSpaceExplorer:Defend","RobotSpaceExplorer:Defend","RobotSpaceExplorer:Defend","RobotSpaceExplorer:Defend","RobotSpaceExplorer:Scan","RobotSpaceExplorer:MiniLasers","RobotSpaceExplorer:TrailblazerForm+1","RobotSpaceExplorer:StunGrenade+1","ReplayTheSpireMod:IOU","StuffTheSpire:Resist+1"],"relics":["RobotSpaceExplorer:RoboCore","EVO:Axolotl","WarpedTongs","PrismaticShard","reliquary:TatteredRug","StSpp:PetrifiedCaterpillar"],"acts_visited":["Exordium"],"potions_floor_usage":[],"damage_taken":[{"damage":0,"enemies":"Small Slimes","floor":1,"turns":6},{"damage":7,"enemies":"Cultist","floor":2,"turns":4},{"damage":9,"enemies":"Replay:BlueRogue","floor":7,"turns":9},{"damage":13,"enemies":"infinitespire:Voidling","floor":10,"turns":5},{"damage":59,"enemies":"Gremlin Nob","floor":12,"turns":5}],"seed_played":"-3759870310243142081","potions_obtained":[],"is_trial":false,"path_per_floor":["M","M","?","$","?","R","E","R","T","M","?","E"],"character_chosen":"RobotSpaceExplorer","items_purchased":[],"campfire_rested":0,"item_purchase_floors":[],"current_hp_per_floor":[75,68,68,68,68,68,59,59,59,59,59,0,0],"gold":96,"neow_bonus":"ONE_RANDOM_RARE_CARD","is_daily":false,"chose_seed":false,"campfire_upgraded":2,"win_rate":0.0,"timestamp":1612053802,"path_taken":["M","M","?","?","?","R","E","R","T","M","?","E"],"items_purchased_type":[],"build_version":"2020-12-22","purchased_purges":1,"victory":false,"max_hp_per_floor":[75,75,75,75,75,75,75,75,75,75,75,75,75],"card_choices":[{"not_picked":["RobotSpaceExplorer:DoubleFind","RobotSpaceExplorer:IronShell","RobotSpaceExplorer:SlimeMissile"],"picked":"SKIP","floor":1},{"not_picked":["RobotSpaceExplorer:Counterblock","RobotSpaceExplorer:MiniDrones"],"picked":"RobotSpaceExplorer:StunGrenade","floor":2},{"not_picked":["stsjorbsmod:Will","ReachHeaven"],"picked":"StuffTheSpire:Resist","floor":7},{"not_picked":["caster:Susanoo","Replay:ManipulateFuture","DTMod:BuildUp"],"picked":"SKIP","floor":10}],"player_experience":1425835,"relics_obtained":[{"floor":7,"key":"reliquary:TatteredRug"},{"floor":9,"key":"StSpp:PetrifiedCaterpillar"}],"event_choices":[{"damage_healed":0,"gold_gain":0,"player_choice":"Rummage","damage_taken":0,"relics_obtained":["WarpedTongs"],"max_hp_gain":0,"max_hp_loss":0,"event_name":"Accursed Blacksmith","floor":3,"gold_loss":0,"cards_obtained":["Pain"]},{"damage_healed":0,"gold_gain":0,"player_choice":"Upgraded","damage_taken":0,"max_hp_gain":0,"max_hp_loss":0,"event_name":"Upgrade Shrine","floor":11,"gold_loss":0,"cards_upgraded":["RobotSpaceExplorer:StunGrenade"]}],"is_beta":false,"boss_relics":[],"items_purged_floors":[4],"is_endless":false,"potions_floor_spawned":[],"killed_by":"Gremlin Nob","ascension_level":2,"is_humility":true}}