{"host":"lnrxyx1mebyhalma","time":1612065707,"event":{"mods":["2.2 Compatiblity","BaseMod","Block Reminder","Colored Powertips","Minty Spire (QoL Compilation)","Rare Cards Sparkle","Smile Girya","Weighted Paths"],"gold_per_floor":[109,121,101,121,121,152,152,182,207,207,235,310,310,32,32,135,135,151,66,66,84,84,84,84],"floor_reached":23,"language":"PTB","playtime":992,"items_purged":["Defend_B"],"score":240,"play_id":"4c97d012-0524-4372-865f-9cc33340d224","local_time":"20210131020147","is_ascension_mode":true,"campfire_choices":[{"data":"Redo","floor":7,"key":"SMITH"},{"floor":10,"key":"REST"},{"data":"Conserve Battery","floor":13,"key":"SMITH"},{"data":"Doom and Gloom","floor":15,"key":"SMITH"}],"circlet_count":0,"master_deck":["Strike_B","Strike_B","Strike_B","Defend_B+1","Defend_B","Defend_B","Zap","Dualcast+1","Doom and Gloom+1","Compile Driver","Conserve Battery+1","Redo+1","Self Repair","Go for the Eyes","Glacier","Melter","Echo Form","Darkness","Ghostly","Ghostly","Ghostly","Ghostly","Ghostly","Static Discharge"],"relics":["Cracked Core","Toy Ornithopter","MealTicket","Nunchaku","War Paint","Black Star","Letter Opener"],"acts_visited":["Exordium","TheCity"],"potions_floor_usage":[3,6,23,23],"damage_taken":[{"damage":8,"enemies":"Jaw Worm","floor":1,"turns":3},{"damage":5,"enemies":"Cultist","floor":2,"turns":4},{"damage":2,"enemies":"Small Slimes","floor":4,"turns":3},{"damage":17,"enemies":"Lagavulin","floor":6,"turns":6},{"damage":9,"enemies":"Gremlin Nob","floor":8,"turns":3},{"damage":26,"enemies":"Lagavulin","floor":11,"turns":6},{"damage":16,"enemies":"Slime Boss","floor":16,"turns":9},{"damage":19,"enemies":"Shell Parasite","floor":18,"turns":4},{"damage":22,"enemies":"2 Thieves","floor":21,"turns":4},{"damage":46,"enemies":"Gremlin Leader","floor":23,"turns":8}],"seed_played":"5728916930994372088","potions_obtained":[{"floor":1,"key":"AttackPotion"},{"floor":3,"key":"Fruit Juice"},{"floor":16,"key":"Explosive Potion"}],"is_trial":false,"path_per_floor":["M","M","?","M","?","E","R","E","T","R","E","?","R","$","R","B",null,"M","?","?","M","?","E"],"character_chosen":"DEFECT","items_purchased":["Glacier","Melter","Block Potion"],"campfire_rested":1,"item_purchase_floors":[14,14,14],"current_hp_per_floor":[74,69,74,72,65,48,48,39,39,65,46,35,35,50,50,41,87,75,75,43,35,29,0,0],"gold":84,"neow_bonus":"TEN_PERCENT_HP_BONUS","is_daily":false,"chose_seed":false,"campfire_upgraded":3,"win_rate":0.0,"timestamp":1612065707,"path_taken":["M","M","?","?","?","E","R","E","T","R","E","?","R","?","R","BOSS","M","?","?","M","?","E"],"items_purchased_type":["Card","Card","Potion"],"build_version":"2020-12-22","purchased_purges":1,"victory":false,"max_hp_per_floor":[82,82,87,87,87,87,87,87,87,87,87,87,87,87,87,87,87,87,87,43,43,48,48,48],"card_choices":[{"not_picked":["Compile Driver","Go for the Eyes"],"picked":"Doom and Gloom","floor":1},{"not_picked":["Hologram","Barrage"],"picked":"Compile Driver","floor":2},{"not_picked":["FTL","Hello World"],"picked":"Conserve Battery","floor":4},{"not_picked":["Fission","Turbo"],"picked":"Redo","floor":6},{"not_picked":["Coolheaded","Undo"],"picked":"Self Repair","floor":8},{"not_picked":["Steam","Conserve Battery"],"picked":"Go for the Eyes","floor":11},{"not_picked":["Machine Learning","Biased Cognition"],"picked":"Echo Form","floor":16},{"not_picked":["Chaos","Gash"],"picked":"Darkness","floor":18},{"not_picked":["Coolheaded","Turbo"],"picked":"Static Discharge","floor":21}],"player_experience":89512,"relics_obtained":[{"floor":6,"key":"Toy Ornithopter"},{"floor":8,"key":"MealTicket"},{"floor":9,"key":"Nunchaku"},{"floor":11,"key":"War Paint"}],"event_choices":[{"damage_healed":0,"gold_gain":0,"player_choice":"Bought 1 Potion","damage_taken":0,"max_hp_gain":0,"max_hp_loss":0,"event_name":"The Woman in Blue","floor":3,"gold_loss":0},{"cards_removed":["Strike_B"],"damage_healed":0,"gold_gain":0,"player_choice":"Card Removal","damage_taken":7,"max_hp_gain":0,"max_hp_loss":0,"event_name":"Golden Wing","floor":5,"gold_loss":0},{"damage_healed":0,"gold_gain":75,"player_choice":"Gather Gold","damage_taken":11,"max_hp_gain":0,"max_hp_loss":0,"event_name":"World of Goop","floor":12,"gold_loss":0},{"damage_healed":0,"gold_gain":0,"player_choice":"Obtained Relic","damage_taken":0,"relics_obtained":["Letter Opener"],"max_hp_gain":0,"max_hp_loss":0,"event_name":"Addict","floor":19,"gold_loss":85},{"damage_healed":0,"gold_gain":0,"player_choice":"Became a Ghost","damage_taken":0,"max_hp_gain":0,"max_hp_loss":44,"event_name":"Ghosts","floor":20,"gold_loss":0,"cards_obtained":["Ghostly","Ghostly","Ghostly","Ghostly","Ghostly"]},{"damage_healed":0,"gold_gain":0,"player_choice":"Shed Blood","damage_taken":11,"max_hp_gain":5,"max_hp_loss":0,"event_name":"Forgotten Altar","floor":22,"gold_loss":0}],"is_beta":false,"boss_relics":[{"not_picked":["Philosopher\u0027s Stone","Cursed Key"],"picked":"Black Star"}],"items_purged_floors":[14],"is_endless":false,"potions_floor_spawned":[1,16],"killed_by":"Gremlin Leader","ascension_level":1}}