{"host":"pfy6u49v5s5r680p","time":1612062990,"event":{"mods":["BaseMod","Colored Map","DeckTracker","Highlight Path","Keyboard Shortcuts","Minty Spire (QoL Compilation)","Permanent Neow","Quick Restart","StSLib","SuperFastMode","everything is the same but u backflip on backflip"],"gold_per_floor":[118,136,148,118,135,135,200,200,200,200,200,125,139,39,39,140,140,153,167,167,18,38,38,55,80,80,108,119,150,150,166,166,267,267,284,58,58,74,74,106,106,122,122,150,150,150,150,177,177,177],"floor_reached":51,"language":"KOR","playtime":1511,"items_purged":["Strike_G","Strike_G","Strike_G","Defend_G"],"score":858,"play_id":"455dbf9e-ea55-4a83-aa0c-157ad2d316c2","local_time":"20210131121630","is_ascension_mode":false,"campfire_choices":[{"data":"Blade Dance","floor":6.0,"key":"SMITH"},{"data":"Calculated Gamble","floor":8.0,"key":"SMITH"},{"data":"Accuracy","floor":10.0,"key":"SMITH"},{"data":"Accuracy","floor":15.0,"key":"SMITH"},{"data":"After Image","floor":30,"key":"SMITH"},{"data":"Cloak And Dagger","floor":32,"key":"SMITH"},{"data":"Phantasmal Killer","floor":41,"key":"SMITH"},{"data":"Accuracy","floor":49,"key":"SMITH"}],"circlet_count":0,"master_deck":["Defend_G","Defend_G","Defend_G","Survivor","Neutralize","Calculated Gamble+1","Accuracy+1","Blade Dance+1","Escape Plan","Accuracy+1","Endless Agony","After Image+1","Cloak And Dagger+1","Cloak And Dagger+1","Prepared+1","Backflip+1","PiercingWail+1","Phantasmal Killer+1","Accuracy+1","Dash","Blade Dance+1","Cloak And Dagger+1"],"relics":["Ring of the Snake","Singing Bowl","Boot","SacredBark","Blood Vial","Mercury Hourglass","Omamori","Sundial","Black Star","White Beast Statue","Oddly Smooth Stone","Snake Skull","Kunai","Meat on the Bone","StrikeDummy","Ice Cream"],"acts_visited":["Exordium","TheCity","TheBeyond"],"potions_floor_usage":[16,20,20,27,33,40,40,40,44,50],"damage_taken":[{"damage":0.0,"enemies":"Jaw Worm","floor":1.0,"turns":8.0},{"damage":0.0,"enemies":"Small Slimes","floor":2.0,"turns":4.0},{"damage":0.0,"enemies":"Cultist","floor":3.0,"turns":4.0},{"damage":2.0,"enemies":"Looter","floor":4.0,"turns":4.0},{"damage":12.0,"enemies":"Exordium Thugs","floor":5.0,"turns":4.0},{"damage":23.0,"enemies":"Lagavulin Event","floor":7.0,"turns":5.0},{"damage":0.0,"enemies":"Exordium Wildlife","floor":13.0,"turns":2.0},{"damage":11,"enemies":"Hexaghost","floor":16,"turns":3},{"damage":0,"enemies":"3 Byrds","floor":18,"turns":4},{"damage":3,"enemies":"Shell Parasite","floor":19,"turns":2},{"damage":6,"enemies":"Centurion and Healer","floor":22,"turns":4},{"damage":1,"enemies":"Shelled Parasite and Fungi","floor":24,"turns":2},{"damage":8,"enemies":"Book of Stabbing","floor":25,"turns":3},{"damage":1,"enemies":"Slavers","floor":27,"turns":2},{"damage":0,"enemies":"3 Cultists","floor":28,"turns":4},{"damage":4,"enemies":"Book of Stabbing","floor":29,"turns":6},{"damage":0,"enemies":"Centurion and Healer","floor":31,"turns":4},{"damage":16,"enemies":"Champ","floor":33,"turns":7},{"damage":3,"enemies":"Orb Walker","floor":35,"turns":2},{"damage":0,"enemies":"3 Shapes","floor":38,"turns":3},{"damage":0,"enemies":"Nemesis","floor":40,"turns":5},{"damage":3,"enemies":"Jaw Worm Horde","floor":42,"turns":3},{"damage":2,"enemies":"Giant Head","floor":44,"turns":4},{"damage":12,"enemies":"Nemesis","floor":48,"turns":5},{"damage":31,"enemies":"Time Eater","floor":50,"turns":8}],"seed_played":"-9195490336556675269","potions_obtained":[{"floor":1.0,"key":"LiquidBronze"},{"floor":13.0,"key":"FearPotion"},{"floor":19,"key":"Fruit Juice"},{"floor":20,"key":"CunningPotion"},{"floor":20,"key":"Fruit Juice"},{"floor":20,"key":"PowerPotion"},{"floor":29,"key":"ColorlessPotion"},{"floor":35,"key":"EssenceOfSteel"},{"floor":42,"key":"Fruit Juice"},{"floor":44,"key":"SneckoOil"},{"floor":48,"key":"PowerPotion"}],"is_trial":false,"path_per_floor":["M","M","M","M","M","R","?","R","T","R","?","$","M","$","R","B",null,"M","M","?","$","M","$","M","E","T","E","M","E","R","M","R","B",null,"M","$","?","M","?","E","R","M","T","E","?","$","?","E","R","B",null],"character_chosen":"THE_SILENT","items_purchased":["Cloak And Dagger","Accuracy"],"campfire_rested":0,"item_purchase_floors":[21,36],"current_hp_per_floor":[70,70,70,68,56,56,35,35,35,35,35,35,37,37,37,26,74,74,73,93,93,89,89,90,84,84,85,87,85,85,89,89,75,104,103,103,101,103,103,103,103,100,100,112,114,114,114,106,106,77],"gold":177,"neow_bonus":"TRANSFORM_CARD","is_daily":false,"chose_seed":false,"campfire_upgraded":8,"win_rate":0.0,"timestamp":1612062990,"path_taken":["M","M","M","M","M","R","?","R","T","R","?","$","?","$","R","BOSS","M","M","?","$","M","$","?","E","T","E","M","E","R","M","R","BOSS","M","$","?","M","?","E","R","?","T","E","?","$","?","E","R","BOSS"],"items_purchased_type":["Card","Card"],"build_version":"2020-12-22","purchased_purges":4,"victory":true,"max_hp_per_floor":[70,70,70,70,70,70,72,72,72,72,72,72,74,74,74,74,74,74,76,96,96,98,98,100,102,102,102,102,102,102,104,104,104,104,106,106,101,103,103,103,103,103,103,115,117,117,117,119,119,119],"card_choices":[{"not_picked":["Tactician","Riddle With Holes"],"picked":"Accuracy","floor":1.0},{"not_picked":["Dagger Spray","Prepared"],"picked":"Blade Dance","floor":2.0},{"not_picked":["Caltrops","Noxious Fumes"],"picked":"Escape Plan","floor":3.0},{"not_picked":["Heel Hook","Dagger Spray","Bane"],"picked":"SKIP","floor":4.0},{"not_picked":["Dash","Poisoned Stab"],"picked":"Accuracy","floor":5.0},{"not_picked":["Sucker Punch","Flying Knee","Heel Hook"],"picked":"Singing Bowl","floor":7.0},{"not_picked":["Bouncing Flask","Flying Knee","Dodge and Roll"],"picked":"Singing Bowl","floor":13.0},{"not_picked":["Envenom","Night Terror"],"picked":"After Image","floor":16},{"not_picked":["Underhanded Strike","Well Laid Plans"],"picked":"Cloak And Dagger+1","floor":18},{"not_picked":["Deflect+1","Quick Slash","Prepared"],"picked":"Singing Bowl","floor":19},{"not_picked":["Dash","Deadly Poison","Catalyst+1"],"picked":"Singing Bowl","floor":22},{"not_picked":["Caltrops","Backstab","Bane+1"],"picked":"Singing Bowl","floor":24},{"not_picked":["Bane","Heel Hook","Choke+1"],"picked":"Singing Bowl","floor":25},{"not_picked":["Deadly Poison+1","Malaise"],"picked":"Prepared+1","floor":27},{"not_picked":["Predator","Flechettes"],"picked":"Backflip+1","floor":28},{"not_picked":["Underhanded Strike+1","Reflex"],"picked":"PiercingWail+1","floor":29},{"not_picked":["Dodge and Roll","Deflect+1","PiercingWail"],"picked":"Singing Bowl","floor":31},{"not_picked":["Wraith Form v2","Storm of Steel"],"picked":"Phantasmal Killer","floor":33},{"not_picked":["Dagger Spray","Prepared+1","Outmaneuver"],"picked":"Singing Bowl","floor":35},{"not_picked":["Accuracy","Underhanded Strike+1","Outmaneuver"],"picked":"Singing Bowl","floor":38},{"not_picked":["Well Laid Plans","Dash+1"],"picked":"Blade Dance+1","floor":40},{"not_picked":["Dagger Spray","Bane+1"],"picked":"Cloak And Dagger+1","floor":42},{"not_picked":["Riddle With Holes","Acrobatics+1","Bane+1"],"picked":"Singing Bowl","floor":44},{"not_picked":["Swift Strike","Dark Shackles","Thinking Ahead"],"picked":"Singing Bowl","floor":45},{"not_picked":["Masterful Stab+1","Deadly Poison+1","Cloak And Dagger"],"picked":"Singing Bowl","floor":48}],"player_experience":154637,"relics_obtained":[{"floor":7.0,"key":"Singing Bowl"},{"floor":9.0,"key":"Boot"},{"floor":25,"key":"Blood Vial"},{"floor":26,"key":"Mercury Hourglass"},{"floor":27,"key":"Omamori"},{"floor":29,"key":"Sundial"},{"floor":40,"key":"White Beast Statue"},{"floor":40,"key":"Oddly Smooth Stone"},{"floor":43,"key":"Snake Skull"},{"floor":44,"key":"Kunai"},{"floor":44,"key":"Meat on the Bone"},{"floor":48,"key":"StrikeDummy"},{"floor":48,"key":"Ice Cream"}],"event_choices":[{"damage_healed":0.0,"max_hp_gain":0.0,"max_hp_loss":0.0,"gold_gain":0.0,"event_name":"Dead Adventurer","player_choice":"Searched \u00271\u0027 times","floor":7.0,"gold_loss":0.0,"damage_taken":0.0},{"damage_healed":0.0,"max_hp_gain":0.0,"max_hp_loss":0.0,"gold_gain":0.0,"cards_transformed":["Strike_G"],"event_name":"Transmorgrifier","player_choice":"Transformed","floor":11.0,"gold_loss":0.0,"damage_taken":0.0,"cards_obtained":["Endless Agony"]},{"damage_healed":0,"gold_gain":0,"player_choice":"Got Potions","damage_taken":0,"max_hp_gain":0,"max_hp_loss":0,"event_name":"Lab","floor":20,"gold_loss":0},{"damage_healed":0,"gold_gain":0,"player_choice":"Max HP","damage_taken":0,"max_hp_gain":0,"max_hp_loss":5,"event_name":"Winding Halls","floor":37,"gold_loss":0},{"damage_healed":0,"gold_gain":0,"cards_transformed":["Defend_G"],"player_choice":"Transformed","damage_taken":0,"max_hp_gain":0,"max_hp_loss":0,"event_name":"Transmorgrifier","floor":39,"gold_loss":0,"cards_obtained":["Dash"]},{"damage_healed":0,"gold_gain":0,"player_choice":"Memory 1","damage_taken":0,"max_hp_gain":0,"max_hp_loss":0,"event_name":"SensoryStone","floor":45,"gold_loss":0},{"damage_healed":0,"gold_gain":0,"player_choice":"Ignored","damage_taken":0,"max_hp_gain":0,"max_hp_loss":0,"event_name":"Tomb of Lord Red Mask","floor":47,"gold_loss":0}],"is_beta":false,"boss_relics":[{"not_picked":["Velvet Choker","Calling Bell"],"picked":"SacredBark"},{"not_picked":["Snecko Eye","Cursed Key"],"picked":"Black Star"}],"items_purged_floors":[12,14,21,36],"is_endless":false,"potions_floor_spawned":[1,13,19,22,24,29,35,38,42,44,48],"ascension_level":0}}