{"host":"87mnajev72vv2sjg","time":1612080580,"event":{"mods":["BaseMod","BetterRewards","Colored Map","Curses Come First","Infinite Spire","Minty Spire (QoL Compilation)","Shop Mod","StSLib","SuperFastMode","The Gatherer"],"gold_per_floor":[114,114,33,47,47,78,78,78,78,104,123,70,70,83,83,83,83,83],"floor_reached":16,"language":"ENG","playtime":477,"items_purged":[],"score":140,"play_id":"f9d618ae-5866-432f-b59f-f2598f764384","local_time":"20210131030940","is_ascension_mode":true,"metric_token":657,"campfire_choices":[{"data":"Gatherer:Overflowing","floor":8,"key":"SMITH"},{"floor":13,"key":"REST"},{"data":"Gatherer:Misfortune","floor":15,"key":"SMITH"}],"circlet_count":0,"master_deck":["Gatherer:Strike_Gatherer","Gatherer:Strike_Gatherer","Gatherer:Strike_Gatherer","Gatherer:Strike_Gatherer","Gatherer:Strike_Gatherer","Gatherer:Defend_Gatherer","Gatherer:Defend_Gatherer","Gatherer:Defend_Gatherer","Gatherer:Defend_Gatherer","Gatherer:Defend_Gatherer","Gatherer:Centralize","Gatherer:FlowerWhip","Gatherer:Overflowing+1","infinitespire:Starlight","Gatherer:Misfortune+1","Gatherer:Misfortune","Gatherer:QuickSynthesis","Gatherer:QuickSynthesis","Gatherer:EnergyBasket"],"relics":["Gatherer:AlchemyBag","NeowsBlessing","Gambling Chip","Prayer Wheel","Omamori"],"acts_visited":["Exordium"],"potions_floor_usage":[16,16,16],"damage_taken":[{"damage":0,"enemies":"Cultist","floor":1,"turns":1},{"damage":0,"enemies":"Jaw Worm","floor":4,"turns":1},{"damage":0,"enemies":"3 Sentries","floor":6,"turns":2},{"damage":39,"enemies":"Lagavulin","floor":10,"turns":8},{"damage":0,"enemies":"2 Louse","floor":11,"turns":2},{"damage":11,"enemies":"Lots of Slimes","floor":14,"turns":4},{"damage":75,"enemies":"Hexaghost","floor":16,"turns":12}],"seed_played":"7296971721663951065","potions_obtained":[{"floor":4,"key":"Block Potion"},{"floor":11,"key":"ColorlessPotion"},{"floor":14,"key":"SpeedPotion"}],"is_trial":false,"path_per_floor":["M","?","$","M","?","E","?","R","T","E","M","$","R","M","R","B"],"character_chosen":"THE_GATHERER","items_purchased":["Gatherer:Overflowing","Gatherer:QuickSynthesis"],"campfire_rested":1,"item_purchase_floors":[3,12],"current_hp_per_floor":[72,72,72,72,53,63,63,63,63,33,43,43,64,63,63,0,0,0],"gold":83,"neow_bonus":"THREE_ENEMY_KILL","is_daily":false,"chose_seed":false,"campfire_upgraded":2,"win_rate":0.0,"timestamp":1612080580,"path_taken":["M","?","$","?","?","E","?","R","T","E","?","$","R","M","R","BOSS"],"items_purchased_type":["Card","Card"],"build_version":"2020-12-22","purchased_purges":0,"victory":false,"max_hp_per_floor":[72,72,72,72,72,72,72,72,72,72,72,72,72,72,72,72,72,72],"card_choices":[{"not_picked":["Gatherer:Convert","Gatherer:ScherryThrow","Gatherer:FlowerPower"],"picked":"SKIP","floor":1},{"not_picked":["Gatherer:WitheringStrike","Gatherer:ScherryThrow","Gatherer:FlowerBeam"],"picked":"SKIP","floor":4},{"not_picked":["infinitespire:FinalStrike","infinitespire:Oblivion"],"picked":"infinitespire:Starlight","floor":5},{"not_picked":["Gatherer:FlowerBeam","Gatherer:Polymorphism"],"picked":"Gatherer:Misfortune","floor":6},{"not_picked":["Gatherer:StoneFence","Gatherer:EnergyBasket"],"picked":"Gatherer:Misfortune","floor":10},{"not_picked":["Gatherer:FragileHammer","Gatherer:MiningStrike"],"picked":"Gatherer:QuickSynthesis","floor":11},{"not_picked":["Gatherer:MiningStrike","Gatherer:EchoOfNature","Gatherer:AcidicSpray"],"picked":"SKIP","floor":11},{"not_picked":["Gatherer:ScrollOfWall","Gatherer:Photoscythe"],"picked":"Gatherer:EnergyBasket","floor":14},{"not_picked":["Gatherer:FlowerFalling","Gatherer:Snatch","Gatherer:Solidify"],"picked":"SKIP","floor":14}],"player_experience":322692,"relics_obtained":[{"floor":6,"key":"Gambling Chip"},{"floor":9,"key":"Prayer Wheel"},{"floor":10,"key":"Omamori"}],"event_choices":[{"damage_healed":0,"gold_gain":0,"player_choice":"Bought 0 Potions","damage_taken":0,"max_hp_gain":0,"max_hp_loss":0,"event_name":"The Woman in Blue","floor":2,"gold_loss":0},{"damage_healed":0,"gold_gain":0,"player_choice":"Ignored","damage_taken":0,"max_hp_gain":0,"max_hp_loss":0,"event_name":"Transmorgrifier","floor":7,"gold_loss":0}],"is_beta":false,"boss_relics":[],"items_purged_floors":[],"is_endless":false,"potions_floor_spawned":[4,11,14],"killed_by":"Hexaghost","ascension_level":1}}