{"host":"vex7walpoxzv48nx","time":1612057156,"event":{"mods":["AchievementEnabler","BaseMod","Bestiary","Minty Spire (QoL Compilation)","Permanent Neow","Quick Restart","Relic Stats","UnlockEverythingMod"],"gold_per_floor":[111,125,26,26,45,45,76,87,136,136,166,185,185,200,200,299,299,314,327,3,19,19,19,53,53,53,64,89,109,109,124,124,225,225,237,1236,1252,581,581,581,651,134,134,152,182,192,192,226,226,226,226],"floor_reached":50,"language":"ENG","playtime":6362,"items_purged":["Strike_B","Blizzard","Normality","Normality"],"score":891,"play_id":"4cc46d83-00a3-4b60-a970-8e95ef0b796e","local_time":"20210131023916","is_ascension_mode":true,"campfire_choices":[{"data":"Reinforced Body","floor":6,"key":"SMITH"},{"data":"Gash","floor":10,"key":"SMITH"},{"data":"Defragment","floor":15,"key":"SMITH"},{"data":"Sweeping Beam","floor":23,"key":"SMITH"},{"floor":25,"key":"REST"},{"data":"Dualcast","floor":30,"key":"SMITH"},{"data":"Loop","floor":32,"key":"SMITH"},{"floor":40,"key":"RECALL"},{"floor":47,"key":"REST"},{"data":"Static Discharge","floor":49,"key":"SMITH"}],"circlet_count":0,"master_deck":["AscendersBane","Zap","Dualcast+1","Gash+1","Cold Snap","Reinforced Body+1","Genetic Algorithm+1","Hologram+1","Darkness+1","Coolheaded+1","Defragment+1","Seek+1","Meteor Strike","Loop+1","Multi-Cast+1","Biased Cognition","Echo Form","Turbo+1","Capacitor","Undo+1","Impatience+1","Sweeping Beam+1","Barrage","Seek+1","Self Repair","Go for the Eyes+1","Recycle+1","Core Surge","Hologram+1","Ball Lightning","Static Discharge+1","Glacier+1","Amplify+1","Ball Lightning"],"relics":["Cracked Core","Art of War","Toxic Egg 2","Vajra","Anchor","Pandora\u0027s Box","DataDisk","Bird Faced Urn","Inserter","Lee\u0027s Waffle","Nunchaku","Regal Pillow","Darkstone Periapt","Lantern","Toy Ornithopter","Torii","Incense Burner","PreservedInsect"],"acts_visited":["Exordium","TheCity","TheBeyond"],"potions_floor_usage":[7,16,19,24,29,31,37,37,46],"damage_taken":[{"damage":2,"enemies":"Jaw Worm","floor":1,"turns":2},{"damage":1,"enemies":"Cultist","floor":2,"turns":3},{"damage":3,"enemies":"2 Louse","floor":5,"turns":2},{"damage":26,"enemies":"Gremlin Nob","floor":7,"turns":4},{"damage":4,"enemies":"Blue Slaver","floor":8,"turns":4},{"damage":8,"enemies":"3 Sentries","floor":11,"turns":9},{"damage":0,"enemies":"Red Slaver","floor":12,"turns":3},{"damage":0,"enemies":"Looter","floor":14,"turns":2},{"damage":7,"enemies":"Hexaghost","floor":16,"turns":9},{"damage":26,"enemies":"2 Thieves","floor":18,"turns":4},{"damage":0,"enemies":"Spheric Guardian","floor":19,"turns":4},{"damage":5,"enemies":"Snecko","floor":21,"turns":4},{"damage":13,"enemies":"Book of Stabbing","floor":24,"turns":4},{"damage":0,"enemies":"Snake Plant","floor":27,"turns":4},{"damage":3,"enemies":"Gremlin Leader","floor":28,"turns":5},{"damage":13,"enemies":"Cultist and Chosen","floor":29,"turns":6},{"damage":0,"enemies":"Centurion and Healer","floor":31,"turns":5},{"damage":10,"enemies":"Champ","floor":33,"turns":6},{"damage":15,"enemies":"3 Darklings","floor":35,"turns":6},{"damage":1,"enemies":"Orb Walker","floor":37,"turns":2},{"damage":19,"enemies":"Writhing Mass","floor":44,"turns":5},{"damage":60,"enemies":"Reptomancer","floor":45,"turns":8},{"damage":0,"enemies":"3 Darklings","floor":46,"turns":5},{"damage":0,"enemies":"Giant Head","floor":48,"turns":8},{"damage":53,"enemies":"Awakened One","floor":50,"turns":3}],"seed_played":"-1873732333059564074","potions_obtained":[{"floor":5,"key":"SpeedPotion"},{"floor":12,"key":"SteroidPotion"},{"floor":13,"key":"EssenceOfDarkness"},{"floor":13,"key":"LiquidBronze"},{"floor":14,"key":"LiquidMemories"},{"floor":21,"key":"Explosive Potion"},{"floor":27,"key":"Swift Potion"},{"floor":29,"key":"Regen Potion"},{"floor":35,"key":"Fire Potion"},{"floor":46,"key":"DuplicationPotion"},{"floor":48,"key":"Strength Potion"}],"is_trial":false,"path_per_floor":["M","M","$","?","M","R","E","M","T","R","E","M","?","M","R","B",null,"M","M","$","M","?","R","E","R","T","M","E","M","R","M","R","B",null,"M","?","M","$","?","R","T","$","T","M","E","M","R","E","R","B"],"character_chosen":"DEFECT","items_purchased":["Cold Snap","Capacitor","Undo+1","Impatience+1","Lee\u0027s Waffle","Nunchaku","Regal Pillow","Dexterity Potion","BlessingOfTheForge","Lantern","Toy Ornithopter","Static Discharge"],"campfire_rested":2,"item_purchase_floors":[3,20,20,20,38,38,38,38,38,42,42,42],"current_hp_per_floor":[66,65,65,65,62,62,36,32,32,32,24,24,24,24,24,17,61,35,35,35,30,30,30,17,39,39,39,36,40,40,75,75,75,75,75,75,74,82,78,78,78,78,78,73,32,55,78,78,78,25,25],"gold":226,"neow_bonus":"RANDOM_COMMON_RELIC","is_daily":false,"chose_seed":false,"campfire_upgraded":7,"win_rate":0.0,"timestamp":1612057156,"path_taken":["M","M","$","?","?","R","E","M","T","R","E","M","?","?","R","BOSS","M","M","$","M","?","R","E","R","T","M","E","M","R","M","R","BOSS","M","?","M","$","?","R","?","$","T","M","E","M","R","E","R","BOSS"],"items_purchased_type":["Card","Card","Card","Card","Relic","Relic","Relic","Potion","Potion","Relic","Relic","Card"],"build_version":"2020-12-22","purchased_purges":4,"victory":false,"max_hp_per_floor":[75,75,75,75,75,75,75,75,75,75,75,75,75,75,75,75,75,75,75,75,75,75,75,75,75,75,75,75,75,75,75,75,75,75,75,75,75,82,78,78,78,78,78,78,78,78,78,78,78,78,78],"relic_stats":{"Darkstone Periapt":0,"Lee\u0027s Waffle":8,"Regal Pillow":0,"Inserter":[17],"Torii":9,"counters":[25,117],"PreservedInsect":0,"Nunchaku":[4],"Bird Faced Urn":[66],"Pandora\u0027s Box":["Meteor Strike","Loop","Multi-Cast","Biased Cognition","Blizzard","Echo Form"],"Art of War":[18],"obtain_stats":[{"Darkstone Periapt":41,"Lee\u0027s Waffle":38,"Regal Pillow":38,"Lantern":42,"Inserter":34,"Torii":43,"Vajra":9,"PreservedInsect":48,"Incense Burner":45,"Anchor":11,"DataDisk":24,"Nunchaku":38,"Bird Faced Urn":28,"Pandora\u0027s Box":17,"Art of War":0,"Toxic Egg 2":7,"Cracked Core":0,"Toy Ornithopter":42},{"Darkstone Periapt":20,"Lee\u0027s Waffle":20,"Regal Pillow":20,"Lantern":20,"Inserter":18,"Torii":20,"Vajra":5,"PreservedInsect":24,"Incense Burner":22,"Anchor":6,"DataDisk":13,"Nunchaku":20,"Bird Faced Urn":15,"Pandora\u0027s Box":9,"Art of War":0,"Toxic Egg 2":4,"Cracked Core":0,"Toy Ornithopter":20},{"Darkstone Periapt":88,"Lee\u0027s Waffle":88,"Regal Pillow":88,"Lantern":88,"Inserter":80,"Torii":88,"Vajra":15,"PreservedInsect":114,"Incense Burner":101,"Anchor":24,"DataDisk":54,"Nunchaku":88,"Bird Faced Urn":63,"Pandora\u0027s Box":38,"Art of War":0,"Toxic Egg 2":11,"Cracked Core":0,"Toy Ornithopter":88}],"Toy Ornithopter":5},"card_choices":[{"not_picked":["Stack","Blizzard"],"picked":"Gash","floor":1},{"not_picked":["Turbo","Consume"],"picked":"Hologram","floor":2},{"not_picked":["Reprogram","Turbo"],"picked":"Reinforced Body","floor":5},{"not_picked":["Reinforced Body+1","Sunder"],"picked":"Genetic Algorithm+1","floor":7},{"not_picked":["Turbo+1","Conserve Battery+1"],"picked":"Hologram+1","floor":8},{"not_picked":["Beam Cell","Cold Snap"],"picked":"Darkness+1","floor":11},{"not_picked":["BootSequence+1","Stack+1"],"picked":"Coolheaded+1","floor":12},{"not_picked":["Barrage","Streamline"],"picked":"Defragment","floor":14},{"not_picked":["Machine Learning","Fission+1"],"picked":"Seek+1","floor":16},{"not_picked":["Coolheaded+1","Consume+1","Hologram+1"],"picked":"SKIP","floor":18},{"not_picked":["Redo+1","Coolheaded+1"],"picked":"Turbo+1","floor":19},{"not_picked":["Turbo+1","BootSequence+1"],"picked":"Sweeping Beam","floor":21},{"not_picked":["Loop","FTL"],"picked":"Barrage","floor":24},{"not_picked":["Compile Driver+1","Hologram+1"],"picked":"Seek+1","floor":27},{"not_picked":["Redo+1","Chaos+1"],"picked":"Self Repair","floor":28},{"not_picked":["Gash","BootSequence+1"],"picked":"Go for the Eyes+1","floor":29},{"not_picked":["Blizzard+1","Coolheaded+1"],"picked":"Recycle+1","floor":31},{"not_picked":["All For One","Fission+1"],"picked":"Core Surge","floor":33},{"not_picked":["Rebound","Heatsinks+1"],"picked":"Hologram+1","floor":35},{"not_picked":["Hologram+1","Conserve Battery+1"],"picked":"Ball Lightning","floor":37},{"not_picked":["Hello World","Gash+1","Steam+1"],"picked":"SKIP","floor":44},{"not_picked":["Coolheaded+1","BootSequence+1"],"picked":"Glacier+1","floor":45},{"not_picked":["Stack+1","Steam Power+1"],"picked":"Amplify+1","floor":46},{"not_picked":["Beam Cell+1","Blizzard+1"],"picked":"Ball Lightning","floor":48}],"player_experience":232474,"relics_obtained":[{"floor":7,"key":"Toxic Egg 2"},{"floor":9,"key":"Vajra"},{"floor":11,"key":"Anchor"},{"floor":24,"key":"DataDisk"},{"floor":28,"key":"Bird Faced Urn"},{"floor":41,"key":"Darkstone Periapt"},{"floor":43,"key":"Torii"},{"floor":45,"key":"Incense Burner"},{"floor":48,"key":"PreservedInsect"}],"event_choices":[{"cards_removed":["Defend_B"],"damage_healed":0,"gold_gain":0,"player_choice":"Purged","damage_taken":0,"max_hp_gain":0,"max_hp_loss":0,"event_name":"Purifier","floor":4,"gold_loss":0},{"damage_healed":0,"gold_gain":0,"player_choice":"Got Potions","damage_taken":0,"max_hp_gain":0,"max_hp_loss":0,"event_name":"Lab","floor":13,"gold_loss":0},{"cards_removed":["Hologram"],"damage_healed":0,"gold_gain":0,"player_choice":"Elegance","damage_taken":0,"max_hp_gain":0,"max_hp_loss":0,"event_name":"Back to Basics","floor":22,"gold_loss":0},{"damage_healed":0,"gold_gain":999,"player_choice":"Gold","damage_taken":0,"max_hp_gain":0,"max_hp_loss":0,"event_name":"MindBloom","floor":36,"gold_loss":0,"cards_obtained":["Normality","Normality"]},{"damage_healed":0,"gold_gain":0,"player_choice":"Max HP","damage_taken":0,"max_hp_gain":0,"max_hp_loss":4,"event_name":"Winding Halls","floor":39,"gold_loss":0}],"is_beta":false,"boss_relics":[{"not_picked":["Black Star","Snecko Eye"],"picked":"Pandora\u0027s Box"},{"not_picked":["Fusion Hammer","Velvet Choker"],"picked":"Inserter"}],"items_purged_floors":[3,20,38,42],"is_endless":false,"potions_floor_spawned":[5,12,14,21,27,29,35,46,48],"killed_by":"Awakened One","ascension_level":10}}