{"host":"nnmmiiw4bez2c8ei","time":1612061442,"event":{"mods":["AchievementEnabler","BaseMod","Colored Map","Colored Powertips","Minty Spire (QoL Compilation)","Rare Cards Sparkle","StSLib"],"gold_per_floor":[113,132,82,7,7,7,48,48,75,93,93,117,117,138,138,138,138],"floor_reached":16,"language":"KOR","playtime":312,"items_purged":["Strike_R"],"score":156,"play_id":"b8df57d4-d831-402c-8d83-166f123cc713","local_time":"20210131115042","is_ascension_mode":true,"campfire_choices":[{"data":"Clash","floor":6,"key":"SMITH"},{"data":"Flex","floor":11,"key":"SMITH"},{"data":"Seeing Red","floor":15,"key":"SMITH"}],"circlet_count":0,"master_deck":["Strike_R","Strike_R","Strike_R","Defend_R","Defend_R","Defend_R","Defend_R","Bash","Clash+1","Clash","Power Through","Flex+1","Thunderclap","Regret","Seeing Red+1"],"relics":["Burning Blood","NeowsBlessing","Golden Idol","Vajra","Bag of Preparation","Red Skull","Smiling Mask"],"acts_visited":["Exordium"],"potions_floor_usage":[],"damage_taken":[{"damage":0,"enemies":"Small Slimes","floor":1,"turns":1},{"damage":0,"enemies":"2 Louse","floor":2,"turns":1},{"damage":0,"enemies":"3 Sentries","floor":7,"turns":2},{"damage":2,"enemies":"Jaw Worm","floor":10,"turns":2},{"damage":0,"enemies":"3 Louse","floor":12,"turns":5},{"damage":0,"enemies":"2 Fungi Beasts","floor":14,"turns":1},{"damage":73,"enemies":"The Guardian","floor":16,"turns":8}],"seed_played":"1501875052457148750","potions_obtained":[{"floor":12,"key":"Energy Potion"},{"floor":14,"key":"BloodPotion"}],"is_trial":false,"path_per_floor":["M","M","?","$","?","R","E","?","T","M","R","M","?","M","R","B"],"character_chosen":"IRONCLAD","items_purchased":[],"campfire_rested":0,"item_purchase_floors":[],"current_hp_per_floor":[80,80,80,80,60,60,66,54,54,58,58,64,64,70,70,0,0],"gold":138,"neow_bonus":"THREE_ENEMY_KILL","is_daily":false,"chose_seed":false,"campfire_upgraded":3,"win_rate":0.0,"timestamp":1612061442,"path_taken":["M","M","?","$","?","R","E","?","T","M","R","M","?","M","R","BOSS"],"items_purchased_type":[],"build_version":"2020-12-22","purchased_purges":1,"victory":false,"max_hp_per_floor":[80,80,80,80,80,80,80,80,80,80,80,80,80,80,80,80,80],"card_choices":[{"not_picked":["Bloodletting","Blood for Blood"],"picked":"Clash","floor":1},{"not_picked":["Iron Wave","Pommel Strike"],"picked":"Clash","floor":2},{"not_picked":["Shrug It Off","Flex"],"picked":"Power Through","floor":7},{"not_picked":["Havoc","Hemokinesis"],"picked":"Flex","floor":10},{"not_picked":["Clothesline","Pommel Strike"],"picked":"Thunderclap","floor":12},{"not_picked":["Disarm","Pommel Strike"],"picked":"Seeing Red","floor":14}],"player_experience":492123,"relics_obtained":[{"floor":7,"key":"Vajra"},{"floor":9,"key":"Red Skull"}],"event_choices":[{"cards_removed":["Strike_R"],"damage_healed":0,"gold_gain":0,"player_choice":"Card Removal","damage_taken":0,"max_hp_gain":0,"max_hp_loss":0,"event_name":"The Cleric","floor":3,"gold_loss":50},{"damage_healed":0,"gold_gain":0,"player_choice":"Take Damage","damage_taken":20,"relics_obtained":["Golden Idol"],"max_hp_gain":0,"max_hp_loss":0,"event_name":"Golden Idol","floor":5,"gold_loss":0},{"damage_healed":0,"gold_gain":0,"player_choice":"Success","damage_taken":12,"relics_obtained":["Bag of Preparation"],"max_hp_gain":0,"max_hp_loss":0,"event_name":"Scrap Ooze","floor":8,"gold_loss":0},{"damage_healed":0,"gold_gain":0,"player_choice":"Box","damage_taken":0,"relics_obtained":["Smiling Mask"],"max_hp_gain":0,"max_hp_loss":0,"event_name":"Big Fish","floor":13,"gold_loss":0,"cards_obtained":["Regret"]}],"is_beta":false,"boss_relics":[],"items_purged_floors":[4],"is_endless":false,"potions_floor_spawned":[12,14],"killed_by":"The Guardian","ascension_level":5}}