{"host":"sz8c8ni79nvzjmmg","time":1612106745,"event":{"mods":["AchievementEnabler","BaseMod","DeckTracker","Keyboard Shortcuts","Minty Spire (QoL Compilation)","SuperFastMode"],"gold_per_floor":[113,123,139,149,74,85,115,126,126,126,276,276,276,5,5,80,130,140,15,27,46,46,46,65,65,88,113,113,125,139,139,139],"floor_reached":31,"language":"KOR","playtime":806,"items_purged":["Strike_G","Doubt","Strike_G"],"score":518,"play_id":"d405ba0a-f4be-41c5-9824-c2c89388702e","local_time":"20210201002545","is_ascension_mode":true,"campfire_choices":[{"data":"Bouncing Flask","floor":10.0,"key":"SMITH"},{"data":"Neutralize","floor":13,"key":"SMITH"},{"data":"Poisoned Stab","floor":15,"key":"SMITH"},{"data":"Crippling Poison","floor":23,"key":"SMITH"},{"data":"Acrobatics","floor":28,"key":"SMITH"}],"circlet_count":0,"master_deck":["AscendersBane","Strike_G","Strike_G+1","Defend_G","Defend_G","Defend_G","Defend_G","Defend_G","Survivor","Neutralize+1","Poisoned Stab+1","Bouncing Flask+1","Backflip","Dagger Spray","Predator","Phantasmal Killer","Acrobatics+1","Crippling Poison+1"],"relics":["Coffee Dripper","TungstenRod","Letter Opener","Medical Kit","Tiny House","Happy Flower","Ancient Tea Set"],"acts_visited":["Exordium","TheCity"],"potions_floor_usage":[27,31,31],"damage_taken":[{"damage":0.0,"enemies":"Jaw Worm","floor":1.0,"turns":5.0},{"damage":1.0,"enemies":"Small Slimes","floor":2.0,"turns":4.0},{"damage":0.0,"enemies":"Cultist","floor":3.0,"turns":2.0},{"damage":1.0,"enemies":"Looter","floor":4.0,"turns":4.0},{"damage":14.0,"enemies":"Gremlin Gang","floor":6.0,"turns":4.0},{"damage":21.0,"enemies":"3 Sentries","floor":7.0,"turns":9.0},{"damage":5.0,"enemies":"3 Louse","floor":8.0,"turns":2.0},{"damage":3,"enemies":"Hexaghost","floor":16,"turns":9},{"damage":14,"enemies":"Spheric Guardian","floor":18,"turns":5},{"damage":19,"enemies":"Chosen","floor":20,"turns":4},{"damage":14,"enemies":"Centurion and Healer","floor":21,"turns":7},{"damage":17,"enemies":"Cultist and Chosen","floor":24,"turns":5},{"damage":36,"enemies":"Slavers","floor":27,"turns":5},{"damage":9,"enemies":"3 Cultists","floor":29,"turns":4},{"damage":13,"enemies":"Centurion and Healer","floor":30,"turns":6},{"damage":0,"enemies":"Snake Plant","floor":31,"turns":1}],"seed_played":"4139800738410326253","potions_obtained":[{"floor":2.0,"key":"FearPotion"},{"floor":8.0,"key":"Dexterity Potion"},{"floor":16,"key":"Explosive Potion"},{"floor":24,"key":"PowerPotion"},{"floor":27,"key":"Dexterity Potion"}],"is_trial":false,"path_per_floor":["M","M","M","M","$","M","E","M","T","R","?","?","R","$","R","B",null,"M","$","M","M","?","R","M","$","T","E","R","M","M","M"],"character_chosen":"THE_SILENT","items_purchased":["Medical Kit"],"campfire_rested":0,"item_purchase_floors":[14],"current_hp_per_floor":[59,58,58,57,57,43,22,17,17,17,17,17,17,17,17,14,58,44,44,25,11,81,81,64,64,64,28,28,19,6,6,6],"gold":139,"neow_bonus":"BOSS_RELIC","is_daily":false,"chose_seed":false,"campfire_upgraded":5,"win_rate":0.0,"timestamp":1612106745,"path_taken":["M","M","M","M","$","M","E","M","T","R","?","?","R","$","R","BOSS","M","$","?","M","?","R","M","$","T","E","R","M","M","M"],"items_purchased_type":["Relic"],"build_version":"2020-12-22","purchased_purges":3,"victory":false,"max_hp_per_floor":[66,66,66,66,66,66,66,66,66,66,66,66,66,66,66,66,71,71,71,71,71,81,81,81,81,81,81,81,81,81,81,81],"card_choices":[{"not_picked":["Deflect","Skewer"],"picked":"Poisoned Stab","floor":1.0},{"not_picked":["Slice","All Out Attack"],"picked":"Bouncing Flask","floor":2.0},{"not_picked":["Dodge and Roll","Sucker Punch"],"picked":"Backflip","floor":3.0},{"not_picked":["Storm of Steel","Dodge and Roll"],"picked":"Dagger Spray","floor":4.0},{"not_picked":["Terror","Blur","Sucker Punch"],"picked":"SKIP","floor":6.0},{"not_picked":["Deadly Poison","Sucker Punch","Deflect"],"picked":"SKIP","floor":7.0},{"not_picked":["Slice","Deadly Poison"],"picked":"Predator","floor":8.0},{"not_picked":["Bullet Time","Wraith Form v2"],"picked":"Phantasmal Killer","floor":16},{"not_picked":["Prepared","Catalyst"],"picked":"Acrobatics","floor":17},{"not_picked":["Blur","Bouncing Flask","Reflex"],"picked":"SKIP","floor":18},{"not_picked":["Setup","Choke+1","Outmaneuver"],"picked":"SKIP","floor":20},{"not_picked":["Leg Sweep","Deadly Poison"],"picked":"Crippling Poison","floor":21},{"not_picked":["Slice","PiercingWail","Underhanded Strike"],"picked":"SKIP","floor":24},{"not_picked":["Concentrate","Dagger Spray","Deadly Poison"],"picked":"SKIP","floor":27},{"not_picked":["Dagger Spray","Flying Knee","Choke"],"picked":"SKIP","floor":29},{"not_picked":["Setup","Dagger Throw","Skewer"],"picked":"SKIP","floor":30}],"player_experience":1236079,"relics_obtained":[{"floor":7.0,"key":"TungstenRod"},{"floor":9.0,"key":"Letter Opener"},{"floor":26,"key":"Happy Flower"},{"floor":27,"key":"Ancient Tea Set"}],"event_choices":[{"damage_healed":0,"gold_gain":150,"player_choice":"AGREE","damage_taken":0,"max_hp_gain":0,"max_hp_loss":0,"event_name":"Liars Game","floor":11,"gold_loss":0,"cards_obtained":["Doubt"]},{"damage_healed":0,"gold_gain":0,"cards_transformed":["Strike_G"],"player_choice":"Transformed","damage_taken":0,"max_hp_gain":0,"max_hp_loss":0,"event_name":"Transmorgrifier","floor":12,"gold_loss":0,"cards_obtained":["Grand Finale"]},{"cards_removed":["Grand Finale"],"damage_healed":60,"gold_gain":0,"player_choice":"Offered Rare","damage_taken":0,"max_hp_gain":10,"max_hp_loss":0,"event_name":"Bonfire Elementals","floor":22,"gold_loss":0}],"is_beta":false,"boss_relics":[{"not_picked":["Runic Dome","SlaversCollar"],"picked":"Tiny House"}],"items_purged_floors":[5,14,19],"is_endless":false,"potions_floor_spawned":[2,8,16,20,24,27,29,30],"killed_by":"Snake Plant","ascension_level":20}}