{"host":"soyfmymeou4emntr","time":1612133167,"event":{"mods":["BaseMod","BetterRewards","Minty Spire (QoL Compilation)","Relic Sorter","Relic Stats","StSLib"],"gold_per_floor":[217,229,4,79,79,79,29,60,60,91,91,109,109,139,139,218,218,234,234,247,259,259,291,291,291,340,369,381,408,422,437,437,509,509,519,519,479,62,80,115,127,153,153,153,164,181,181,106,106,106,106,106,106,18,50,50,50],"floor_reached":56,"language":"ENG","playtime":6443,"items_purged":["Strike_G","Parasite"],"score":2141,"play_id":"2d1af285-3da9-48ee-8832-2b851634d619","local_time":"20210131154607","is_ascension_mode":true,"campfire_choices":[{"data":"Choke","floor":6.0,"key":"SMITH"},{"data":"Envenom","floor":11.0,"key":"SMITH"},{"data":"Well Laid Plans","floor":13.0,"key":"SMITH"},{"data":"Blade Dance","floor":15.0,"key":"SMITH"},{"floor":25.0,"key":"REST"},{"data":"Cloak And Dagger","floor":32.0,"key":"SMITH"},{"data":"After Image","floor":44,"key":"SMITH"},{"floor":47,"key":"RECALL"},{"data":"Adrenaline","floor":49,"key":"SMITH"},{"data":"Malaise","floor":53,"key":"SMITH"}],"circlet_count":0,"master_deck":["AscendersBane","Strike_G","Strike_G+1","Strike_G","Strike_G","Defend_G","Defend_G","Defend_G","Defend_G","Defend_G","Survivor","Neutralize","Poisoned Stab","Blade Dance+1","Choke+1","Backflip","Cloak And Dagger+1","Finisher","Envenom+1","Well Laid Plans+1","Malaise+1","After Image+1","Backstab+1","Clumsy","Adrenaline+1","Endless Agony","Storm of Steel","Glass Knife","Acrobatics","Terror","Night Terror","Leg Sweep","Catalyst","Blade Dance","Footwork+1","Deflect","Blade Dance","Accuracy","Deflect"],"relics":["Ring of the Snake","Gremlin Horn","Akabeko","Bottled Lightning","Meat on the Bone","Bottled Flame","Cursed Key","Kunai","Snake Skull","Whetstone","Bottled Tornado","Coffee Dripper","MealTicket","Juzu Bracelet","Smiling Mask","Pen Nib"],"acts_visited":["Exordium","TheCity","TheBeyond","TheEnding"],"potions_floor_usage":[42,45,50,50],"damage_taken":[{"damage":11.0,"enemies":"Jaw Worm","floor":1.0,"turns":8.0},{"damage":3.0,"enemies":"2 Louse","floor":2.0,"turns":3.0},{"damage":0.0,"enemies":"3 Sentries","floor":8.0,"turns":7.0},{"damage":0.0,"enemies":"Gremlin Nob","floor":10.0,"turns":2.0},{"damage":3.0,"enemies":"Small Slimes","floor":12.0,"turns":2.0},{"damage":27.0,"enemies":"Lagavulin","floor":14.0,"turns":4.0},{"damage":8.0,"enemies":"The Guardian","floor":16.0,"turns":11.0},{"damage":4.0,"enemies":"2 Thieves","floor":18.0,"turns":4.0},{"damage":0.0,"enemies":"Chosen","floor":20.0,"turns":3.0},{"damage":0.0,"enemies":"Centurion and Healer","floor":21.0,"turns":4.0},{"damage":16.0,"enemies":"Book of Stabbing","floor":23.0,"turns":8.0},{"damage":6.0,"enemies":"Slavers","floor":27.0,"turns":4.0},{"damage":16.0,"enemies":"Chosen and Byrds","floor":28.0,"turns":6.0},{"damage":0.0,"enemies":"Gremlin Leader","floor":29.0,"turns":3.0},{"damage":0.0,"enemies":"Snake Plant","floor":30.0,"turns":1.0},{"damage":0.0,"enemies":"Centurion and Healer","floor":31.0,"turns":3.0},{"damage":16.0,"enemies":"Automaton","floor":33.0,"turns":6.0},{"damage":0.0,"enemies":"3 Shapes","floor":35.0,"turns":1.0},{"damage":0.0,"enemies":"Orb Walker","floor":39.0,"turns":1.0},{"damage":5.0,"enemies":"Nemesis","floor":40.0,"turns":3.0},{"damage":12.0,"enemies":"Jaw Worm Horde","floor":41.0,"turns":3.0},{"damage":20,"enemies":"Reptomancer","floor":42,"turns":6},{"damage":5,"enemies":"Spire Growth","floor":45,"turns":3},{"damage":5,"enemies":"Sphere and 2 Shapes","floor":46,"turns":4},{"damage":26,"enemies":"Donu and Deca","floor":50,"turns":8},{"damage":29,"enemies":"Awakened One","floor":51,"turns":13},{"damage":27,"enemies":"Shield and Spear","floor":55,"turns":10},{"damage":66,"enemies":"The Heart","floor":56,"turns":2}],"seed_played":"5093082504556624661","potions_obtained":[{"floor":1.0,"key":"EntropicBrew"},{"floor":8.0,"key":"LiquidMemories"},{"floor":10.0,"key":"ColorlessPotion"},{"floor":14.0,"key":"Energy Potion"},{"floor":21.0,"key":"SpeedPotion"},{"floor":23.0,"key":"Fire Potion"},{"floor":28.0,"key":"Poison Potion"},{"floor":29.0,"key":"CultistPotion"},{"floor":37.0,"key":"Poison Potion"},{"floor":40.0,"key":"PowerPotion"},{"floor":42,"key":"Block Potion"},{"floor":46,"key":"Swift Potion"}],"is_trial":false,"path_per_floor":["M","M","$","?","T","R","$","E","T","E","R","M","R","E","R","B",null,"M","?","M","M","?","E","?","R","T","E","M","E","M","M","R","B",null,"M","?","?","$","M","E","M","E","T","R","M","M","R","$","R","B","B",null,"R","$","E","B"],"character_chosen":"THE_SILENT","items_purchased":["Blade Dance","Choke","Backflip","Cloak And Dagger","Terror","Night Terror","MealTicket","Blade Dance","Accuracy"],"campfire_rested":1,"item_purchase_floors":[3,3,3,7,38,38,38,48,54],"current_hp_per_floor":[48,45,45,34,34,34,34,34,34,34,34,43,43,28,28,32,58,54,54,54,54,54,38,20,41,41,47,43,43,43,43,43,39,63,63,63,63,63,63,58,46,38,38,38,45,40,40,55,55,41,24,57,57,68,41,0,0],"gold":50,"neow_bonus":"HUNDRED_GOLD","is_daily":false,"chose_seed":false,"campfire_upgraded":8,"win_rate":0.0,"timestamp":1612133167,"path_taken":["M","M","$","?","?","R","$","E","T","E","R","M","R","E","R","BOSS","M","?","M","M","?","E","?","R","T","E","M","E","M","M","R","BOSS","M","?","?","$","M","E","M","E","T","R","M","M","R","$","R","BOSS","BOSS","R","$","E","BOSS"],"items_purchased_type":["Card","Card","Card","Card","Card","Card","Relic","Card","Card"],"build_version":"2020-12-22","purchased_purges":2,"victory":false,"max_hp_per_floor":[66,66,66,66,66,66,66,66,66,66,66,66,66,66,66,66,66,66,66,66,66,66,66,71,71,71,71,71,71,71,71,71,71,71,71,71,71,71,71,71,71,71,71,71,71,71,71,68,68,68,68,68,68,68,68,68,68],"relic_stats":{"Gremlin Horn":[30,30],"counters":[28,133],"Snake Skull":[318],"Pen Nib":[0],"Juzu Bracelet":0,"Whetstone":["Backstab","Strike_G"],"Cursed Key":2,"Smiling Mask":50,"MealTicket":26,"Kunai":[84],"obtain_stats":[{"Gremlin Horn":5,"Snake Skull":26,"Pen Nib":55,"Juzu Bracelet":40,"Whetstone":27,"Bottled Tornado":29,"Cursed Key":17,"Smiling Mask":42,"Akabeko":8,"Bottled Flame":14,"MealTicket":38,"Coffee Dripper":34,"Bottled Lightning":9,"Kunai":23,"Ring of the Snake":0,"Meat on the Bone":10},{"Gremlin Horn":2,"Snake Skull":11,"Pen Nib":27,"Juzu Bracelet":20,"Whetstone":12,"Bottled Tornado":14,"Cursed Key":7,"Smiling Mask":22,"Akabeko":3,"Bottled Flame":6,"MealTicket":18,"Coffee Dripper":17,"Bottled Lightning":3,"Kunai":11,"Ring of the Snake":0,"Meat on the Bone":4},{"Gremlin Horn":11,"Snake Skull":56,"Pen Nib":131,"Juzu Bracelet":84,"Whetstone":60,"Bottled Tornado":69,"Cursed Key":37,"Smiling Mask":93,"Akabeko":18,"Bottled Flame":26,"MealTicket":80,"Coffee Dripper":79,"Bottled Lightning":18,"Kunai":56,"Ring of the Snake":0,"Meat on the Bone":20}],"Ring of the Snake":[57],"Meat on the Bone":120},"card_choices":[{"not_picked":["Catalyst","Deadly Poison"],"picked":"Poisoned Stab","floor":1.0},{"not_picked":["Accuracy","Choke"],"picked":"Slice","floor":2.0},{"not_picked":["Escape Plan","Sucker Punch"],"picked":"Finisher","floor":8.0},{"not_picked":["Sucker Punch","Bullet Time"],"picked":"Envenom","floor":10.0},{"not_picked":["PiercingWail","Predator"],"picked":"Well Laid Plans","floor":12.0},{"not_picked":["Outmaneuver","Blur"],"picked":"Malaise","floor":14.0},{"not_picked":["Night Terror","Tools of the Trade"],"picked":"After Image","floor":16.0},{"not_picked":["Crippling Poison","Sucker Punch+1","Dagger Throw"],"picked":"SKIP","floor":18.0},{"not_picked":["Prepared","Skewer","Deadly Poison"],"picked":"SKIP","floor":20.0},{"not_picked":["Crippling Poison","Bane","Outmaneuver+1"],"picked":"SKIP","floor":21.0},{"not_picked":["Crippling Poison","Skewer","Dash"],"picked":"SKIP","floor":23.0},{"not_picked":["Predator","Backstab"],"picked":"Adrenaline","floor":27.0},{"not_picked":["Predator","Heel Hook","Tactician"],"picked":"SKIP","floor":28.0},{"not_picked":["Predator","Heel Hook","Tactician"],"picked":"SKIP","floor":28.0},{"not_picked":["Sucker Punch","Flying Knee"],"picked":"Endless Agony","floor":29.0},{"not_picked":["Setup","Deadly Poison","Tactician"],"picked":"SKIP","floor":30.0},{"not_picked":["Poisoned Stab","Skewer+1"],"picked":"Storm of Steel","floor":31.0},{"not_picked":["Grand Finale","Envenom"],"picked":"Glass Knife","floor":33.0},{"not_picked":["Heel Hook","Sucker Punch"],"picked":"Acrobatics","floor":35.0},{"not_picked":["Deadly Poison+1","Poisoned Stab+1"],"picked":"Leg Sweep","floor":39.0},{"not_picked":["Setup+1","Flying Knee","Poisoned Stab+1"],"picked":"SKIP","floor":40.0},{"not_picked":["Deadly Poison","Crippling Poison+1"],"picked":"Catalyst","floor":41.0},{"not_picked":["Concentrate","Underhanded Strike"],"picked":"Blade Dance","floor":42},{"not_picked":["Deflect","Cloak And Dagger"],"picked":"Footwork+1","floor":45},{"not_picked":["Prepared","Glass Knife"],"picked":"Deflect","floor":46},{"not_picked":["Finisher+1","Eviscerate"],"picked":"Deflect","floor":55}],"player_experience":2957501,"relics_obtained":[{"floor":5.0,"key":"Gremlin Horn"},{"floor":8.0,"key":"Akabeko"},{"floor":9.0,"key":"Bottled Lightning"},{"floor":10.0,"key":"Meat on the Bone"},{"floor":14.0,"key":"Bottled Flame"},{"floor":23.0,"key":"Kunai"},{"floor":26.0,"key":"Snake Skull"},{"floor":27.0,"key":"Whetstone"},{"floor":29.0,"key":"Bottled Tornado"},{"floor":40.0,"key":"Juzu Bracelet"},{"floor":42,"key":"Smiling Mask"},{"floor":55,"key":"Pen Nib"}],"event_choices":[{"damage_healed":0.0,"max_hp_gain":0.0,"max_hp_loss":0.0,"gold_gain":75.0,"event_name":"World of Goop","player_choice":"Gather Gold","floor":4.0,"gold_loss":0.0,"damage_taken":11.0},{"damage_healed":0.0,"max_hp_gain":0.0,"max_hp_loss":0.0,"gold_gain":0.0,"event_name":"The Library","player_choice":"Read","floor":19.0,"gold_loss":0.0,"damage_taken":0.0,"cards_obtained":["Backstab"]},{"damage_healed":0.0,"max_hp_gain":0.0,"max_hp_loss":0.0,"gold_gain":0.0,"event_name":"Ghosts","player_choice":"Ignored","floor":22.0,"gold_loss":0.0,"damage_taken":0.0},{"damage_healed":0.0,"max_hp_gain":5.0,"max_hp_loss":0.0,"gold_gain":0.0,"event_name":"Forgotten Altar","player_choice":"Shed Blood","floor":24.0,"gold_loss":0.0,"damage_taken":23.0},{"cards_removed":["Slice"],"damage_healed":0.0,"max_hp_gain":0.0,"max_hp_loss":0.0,"gold_gain":0.0,"event_name":"Falling","player_choice":"Removed Attack","floor":36.0,"gold_loss":0.0,"damage_taken":0.0},{"damage_healed":0.0,"max_hp_gain":0.0,"max_hp_loss":0.0,"gold_gain":0.0,"event_name":"The Woman in Blue","player_choice":"Bought 3 Potions","floor":37.0,"gold_loss":0.0,"damage_taken":0.0}],"is_beta":false,"boss_relics":[{"not_picked":["Runic Pyramid","Astrolabe"],"picked":"Cursed Key"},{"not_picked":["Runic Dome","Velvet Choker"],"picked":"Coffee Dripper"}],"items_purged_floors":[3,48],"is_endless":false,"potions_floor_spawned":[1,8,10,14,21,23,28,29,31,40,42,46],"killed_by":"The Heart","ascension_level":20}}