{"host":"vb6wt0mawj2xz8v4","time":1612119675,"event":{"mods":["AchievementEnabler","Aspiration","BaseMod","Conspire","Hermit","Highlight Path","Hubris","Jorbs\u0027s Wanderer Trilogy","Minty Spire (QoL Compilation)","Quick Restart","Replay The Spire","Shop Mod","StSLib","SuperFastMode","The Cursed","The Disciple","The Hierophant","The Jungle","The Runesmith"],"gold_per_floor":[111,124,124,135,148,148,179,179,179,192,207,61,61,81,81,179,179,190,190,190,10,10,26,26,53,102,132,151,165,183,35,35,133,133,150,163,178,197,197,197,297,297,297,315,315,315],"floor_reached":45,"language":"ENG","playtime":2029,"items_purged":["Shame"],"score":585,"play_id":"eb11a2ee-8c3e-4036-89b5-f6072daf17f0","local_time":"20210131140115","is_ascension_mode":false,"campfire_choices":[{"data":"Runesmith:RunicBlueprint","floor":6,"key":"SMITH"},{"data":"Runesmith:HammerThrow","floor":8,"key":"SMITH"},{"data":"Runesmith:Defend_RS","floor":13,"key":"SMITH"},{"data":"Runesmith:Augment","floor":15,"key":"SMITH"},{"floor":24,"key":"REST"},{"floor":32,"key":"REST"},{"floor":40,"key":"REST"}],"circlet_count":0,"master_deck":["Runesmith:Strike_RS","Runesmith:Strike_RS","Runesmith:Defend_RS","Runesmith:Defend_RS+1","Runesmith:Defend_RS","Runesmith:CraftFirestone","Runesmith:Fortify","Runesmith:Augment+1","Runesmith:HammerThrow+1","Runesmith:HeatExchange","Runesmith:RunicBlueprint+1","Runesmith:ChaoticBlast","Runesmith:StaticCage","Runesmith:CraftIncendium","Runesmith:HammerThrow","Runesmith:ReplicatingBarrier","Runesmith:RuneHurl","Runesmith:LightningRod","Runesmith:LightningRod","Runesmith:FrozenChisel","Runesmith:LithiumIon","Runesmith:Grindstone","Runesmith:EnergizedChisel","Runesmith:LightningRod","Runesmith:HammerThrow","Runesmith:CreatorForm","Runesmith:HeatExchange+1","Runesmith:BackupBattery+1","Runesmith:ChaoticBlast+1","Parasite","Runesmith:GoWithTheFlow","Runesmith:EnergizedChisel+1"],"relics":["Runesmith:BrokenRuby","aspiration:Nostalgia","Ring of the Snake","hubris:Reverence","Onion Ring","Replay:Baseball","Ring of Chaos","hubris:Icosahedron","theJungle:PaperFaux","theJungle:SpiritDisease","PreservedInsect","Spirit Poop","Regal Pillow","ClockworkSouvenir","Philosopher\u0027s Stone","Replay:Accelerometer"],"acts_visited":["Exordium","Exordium","TheBeyond"],"potions_floor_usage":[7,7,16,16,16,25,28,29,33,42],"damage_taken":[{"damage":1,"enemies":"2 Louse","floor":1,"turns":4},{"damage":0,"enemies":"Cultist","floor":2,"turns":4},{"damage":6,"enemies":"Jaw Worm","floor":4,"turns":3},{"damage":3,"enemies":"Blue Slaver","floor":5,"turns":4},{"damage":4,"enemies":"3 Sentries","floor":7,"turns":6},{"damage":0,"enemies":"2 Fungi Beasts","floor":10,"turns":2},{"damage":7,"enemies":"Large Slime","floor":11,"turns":5},{"damage":0,"enemies":"Exordium Thugs","floor":14,"turns":3},{"damage":0,"enemies":"Slime Boss","floor":16,"turns":4},{"damage":26,"enemies":"theJungle:GiantWrat","floor":18,"turns":7},{"damage":16,"enemies":"theJungle:MUSHROOMGANG","floor":23,"turns":4},{"damage":12,"enemies":"theJungle:2_Phrogs","floor":25,"turns":7},{"damage":0,"enemies":"theJungle:MamaSnecko","floor":27,"turns":5},{"damage":11,"enemies":"theJungle:Lyon","floor":28,"turns":5},{"damage":0,"enemies":"theJungle:JungleHuntersEncounter","floor":29,"turns":7},{"damage":1,"enemies":"theJungle:2_Snecko_Cultists","floor":30,"turns":6},{"damage":0,"enemies":"theJungle:FunGuy","floor":33,"turns":15},{"damage":11,"enemies":"Orb Walker","floor":35,"turns":4},{"damage":0,"enemies":"3 Shapes","floor":36,"turns":4},{"damage":12,"enemies":"Maw","floor":37,"turns":7},{"damage":26,"enemies":"Writhing Mass","floor":38,"turns":6},{"damage":26,"enemies":"Transient","floor":42,"turns":4},{"damage":12,"enemies":"Spire Growth","floor":44,"turns":5},{"damage":21,"enemies":"4 Shapes","floor":45,"turns":2}],"seed_played":"-6592117013640402355","potions_obtained":[{"floor":2,"key":"FairyPotion"},{"floor":3,"key":"Fire Potion"},{"floor":3,"key":"PowerPotion"},{"floor":5,"key":"Adrenaline Potion"},{"floor":7,"key":"Swift Potion"},{"floor":14,"key":"Energy Potion"},{"floor":16,"key":"Strength Potion"},{"floor":18,"key":"Strength Potion"},{"floor":23,"key":"SteroidPotion"},{"floor":27,"key":"Ancient Potion"},{"floor":36,"key":"GamblersBrew"},{"floor":37,"key":"Dexterity Potion"}],"is_trial":false,"path_per_floor":["M","M","?","M","M","R","E","R","T","M","M","$","R","M","R","B",null,"M","?","?","$","?","M","R","E","T","E","M","M","M","$","R","B",null,"M","M","M","M","?","R","?","M","T","M","M"],"character_chosen":"RUNESMITH_CLASS","items_purchased":["Replay:Baseball","Runesmith:LightningRod","ClockworkSouvenir"],"campfire_rested":3,"item_purchase_floors":[12,21,31],"current_hp_per_floor":[69,69,69,63,60,60,56,56,56,56,49,49,49,49,49,49,70,44,44,44,44,44,28,49,37,37,37,26,26,25,25,61,61,70,59,59,47,21,21,57,57,31,31,19,0,0],"gold":315,"neow_bonus":"NOSTALGIA","is_daily":false,"chose_seed":false,"campfire_upgraded":4,"win_rate":0.0,"timestamp":1612119675,"path_taken":["M","M","?","?","M","R","E","R","T","M","M","?","R","M","R","BOSS","M","?","?","?","?","M","R","E","T","E","M","?","M","$","R","BOSS","M","M","M","M","?","R","?","?","T","M","M"],"items_purchased_type":["Relic","Card","Relic"],"build_version":"2020-12-22","purchased_purges":1,"victory":false,"max_hp_per_floor":[70,70,70,70,70,70,70,70,70,70,70,70,70,70,70,70,70,70,70,70,70,70,70,70,70,70,70,70,70,70,70,70,70,70,70,70,70,70,70,70,70,70,70,70,70,70],"card_choices":[{"not_picked":["Runesmith:MakeshiftArmor","Runesmith:EnergizedChisel"],"picked":"Runesmith:Augment","floor":1},{"not_picked":["Runesmith:ChiselStab","Runesmith:ElementalConversion"],"picked":"Runesmith:HammerThrow","floor":2},{"not_picked":["Runesmith:HammerAndChisel","Runesmith:StaticCage"],"picked":"Runesmith:HeatExchange","floor":4},{"not_picked":["Runesmith:CraftIndustria","Runesmith:Empowerment"],"picked":"Runesmith:RunicBlueprint","floor":5},{"not_picked":["Runesmith:Electrocute","Runesmith:HammerAndChisel"],"picked":"Runesmith:ChaoticBlast","floor":7},{"not_picked":["Runesmith:ElementalConversion","Runesmith:CraftProtectio"],"picked":"Runesmith:StaticCage","floor":10},{"not_picked":["Runesmith:Augment","Runesmith:HeatExchange"],"picked":"Runesmith:CraftIncendium","floor":11},{"not_picked":["Runesmith:CraftIncendium","Runesmith:MakeshiftArmor"],"picked":"Runesmith:HammerThrow","floor":14},{"not_picked":["Runesmith:LastStand","Runesmith:CraftMedicinae"],"picked":"Runesmith:ReplicatingBarrier","floor":16},{"not_picked":["Runesmith:ChiselStab","Runesmith:HeatedChisel"],"picked":"Runesmith:RuneHurl","floor":18},{"not_picked":["Runesmith:UnstableHammer","Runesmith:CraftVitae"],"picked":"Runesmith:FrozenChisel","floor":23},{"not_picked":["Runesmith:Grindstone","Runesmith:HammerThrow"],"picked":"Runesmith:LithiumIon","floor":25},{"not_picked":["Runesmith:EnergizedChisel","Runesmith:Electrocute"],"picked":"Runesmith:Grindstone","floor":27},{"not_picked":["Runesmith:HammerTime+1","Runesmith:ShiftingStrike"],"picked":"Runesmith:EnergizedChisel","floor":28},{"not_picked":["Runesmith:ElementalConversion","Runesmith:HeatedChisel"],"picked":"Runesmith:LightningRod","floor":29},{"not_picked":["Runesmith:BackupBattery","Runesmith:ShiftingStrike"],"picked":"Runesmith:HammerThrow","floor":30},{"not_picked":["Runesmith:DuctTape","Runesmith:Supernova"],"picked":"Runesmith:CreatorForm","floor":33},{"not_picked":["Runesmith:HeatedChisel+1","Runesmith:CraftProtectio+1"],"picked":"Runesmith:HeatExchange+1","floor":35},{"not_picked":["Runesmith:ShiftingStrike+1","Runesmith:HeatExchange+1"],"picked":"Runesmith:BackupBattery+1","floor":36},{"not_picked":["Runesmith:UnstableHammer","Runesmith:FrozenChisel"],"picked":"Runesmith:ChaoticBlast+1","floor":37},{"not_picked":["Runesmith:ChiselStab","Runesmith:Repurpose+1"],"picked":"Runesmith:GoWithTheFlow","floor":38},{"not_picked":["Runesmith:ArcReactor","Runesmith:HeatExchange"],"picked":"Runesmith:EnergizedChisel+1","floor":44}],"player_experience":453053,"relics_obtained":[{"floor":7,"key":"hubris:Reverence"},{"floor":9,"key":"Onion Ring"},{"floor":25,"key":"PreservedInsect"},{"floor":26,"key":"Spirit Poop"},{"floor":27,"key":"Regal Pillow"},{"floor":43,"key":"Replay:Accelerometer"}],"event_choices":[{"damage_healed":0,"gold_gain":0,"player_choice":"Got Potions","damage_taken":0,"max_hp_gain":0,"max_hp_loss":0,"event_name":"Lab","floor":3,"gold_loss":0},{"damage_healed":0,"gold_gain":0,"player_choice":"Leave","damage_taken":0,"max_hp_gain":0,"max_hp_loss":0,"event_name":"conspire:Investor","floor":39,"gold_loss":0},{"damage_healed":0,"gold_gain":100,"player_choice":"Pray","damage_taken":0,"max_hp_gain":0,"max_hp_loss":0,"event_name":"Golden Shrine","floor":41,"gold_loss":0}],"is_beta":false,"boss_relics":[{"not_picked":["hubris:CrackedHourglass","hubris:HollowSoul"],"picked":"Ring of Chaos"},{"not_picked":["Runesmith:UraniumAnvil","Replay:Bronze Core"],"picked":"Philosopher\u0027s Stone"}],"items_purged_floors":[21],"is_endless":false,"potions_floor_spawned":[2,5,7,14,16,18,23,27,36,37],"killed_by":"4 Shapes","ascension_level":0}}