{"host":"nug5xkek4sujf8as","time":1612073730,"event":{"mods":["Act Like it!","Aspiration","BaseMod","Booster Modes","CapriCore","Colored Powertips","Conspire","Energized Spire","Gensokyo","Minty Spire (QoL Compilation)","Permanent Neow","Quick Restart","Replay The Spire","Shop Mod","Spicy Shops","StSLib","¡¾¹¦ÄÜMod¡¿»ìãçÖ®»·ÐÞ¸´²¹¶¡","¡¾ÒÅÎï¿¨ÅÆ¡¿REMEMod","óô»ðÖ¸ÄÏ"],"gold_per_floor":[12,12,12,22,22,56,56,84,133,159,96,121,150,42,42,113,113,127,127,127,127,36,36,62,62,62,95,95,111,143,6,6,77,77,94,106,122,172,172,206,6,19,71,98,223,253,253,253,255,255,255,155,36,36,36],"floor_reached":56,"language":"ZHS","playtime":2057,"items_purged":["Pain","conspire:NecroticWound","Strike_P","Amnesia","Injury","Strike_P+1","Strike_P+1"],"score":2919,"play_id":"a40a5221-cf11-46b2-9270-c7ffcc7fe2ac","local_time":"20210131141530","is_ascension_mode":true,"campfire_choices":[{"data":"Hyperbeam","floor":7.0,"key":"SMITH"},{"data":"Vault","floor":15.0,"key":"SMITH"},{"floor":23.0,"key":"RECALL"},{"data":"Eruption","floor":25.0,"key":"SMITH"},{"data":"TalkToTheHand","floor":32.0,"key":"SMITH"}],"circlet_count":0,"master_deck":["AscendersBane","Defend_P+1","Defend_P+1","Defend_P+1","Defend_P+1","Eruption+1","Vigilance+1","Hyperbeam+1","REME_BodyOfCthun+1","Replay:Cycle+1","Vault+1","TalkToTheHand+1","FlurryOfBlows+1","REME_CRH+1","Scrawl+1","FlurryOfBlows+1","REME_PuzzleBox+1","Adaptation+1","Devotion+1","Devotion+1","TalkToTheHand+1","EmptyMind+1","Adaptation+1","Wish"],"relics":["PureWater","REME_ComplimentaryCards","WarpedTongs","Centennial Puzzle","aspiration:Lifesprig","Ice Cream","Coffee Dripper","ReplayTheSpireMod:CursedCoin","Turnip","HornCleat","Replay:Accelerometer","energizedSpire:OgreHead","Ring of Greed","Membership Card","Sundial","The Courier","Smiling Mask","Toy Ornithopter","Bag of Marbles","Vajra","Mark of the Bloom","Spirit Poop","ReplayTheSpireMod:Ninjato","MerchantsRug","ReplayTheSpireMod:TigerMarble","Bag of Preparation","Medical Kit","aspiration:ChemicalBlood"],"acts_visited":["Exordium","TheCity","TheBeyond","TheEnding"],"potions_floor_usage":[44,44,45,45,45,45,45,45,46,55],"damage_taken":[{"damage":0.0,"enemies":"2 Louse","floor":1.0,"turns":1.0},{"damage":1.0,"enemies":"Cultist","floor":4.0,"turns":3.0},{"damage":1.0,"enemies":"3 Sentries","floor":6.0,"turns":2.0},{"damage":3.0,"enemies":"Gremlin Nob","floor":8.0,"turns":2.0},{"damage":2.0,"enemies":"3 Sentries","floor":10.0,"turns":2.0},{"damage":0.0,"enemies":"Jaw Worm","floor":12.0,"turns":2.0},{"damage":5.0,"enemies":"Red Slaver","floor":13.0,"turns":2.0},{"damage":0.0,"enemies":"Slime Boss","floor":16.0,"turns":2.0},{"damage":0.0,"enemies":"2 Thieves","floor":18.0,"turns":2.0},{"damage":22.0,"enemies":"Slavers","floor":24.0,"turns":5.0},{"damage":9.0,"enemies":"Book of Stabbing","floor":27.0,"turns":3.0},{"damage":4.0,"enemies":"Shell Parasite","floor":29.0,"turns":3.0},{"damage":0.0,"enemies":"Gremlin Leader","floor":30.0,"turns":4.0},{"damage":4.0,"enemies":"Champ","floor":33.0,"turns":6.0},{"damage":10.0,"enemies":"3 Darklings","floor":35.0,"turns":2.0},{"damage":0.0,"enemies":"Orb Walker","floor":36.0,"turns":2.0},{"damage":51.0,"enemies":"Maw","floor":37.0,"turns":4.0},{"damage":8.0,"enemies":"Nemesis","floor":40.0,"turns":3.0},{"damage":0,"enemies":"Spire Growth","floor":42,"turns":3},{"damage":0,"enemies":"Reptomancer","floor":44,"turns":3},{"damage":22,"enemies":"conspire:MimicChest","floor":45,"turns":9},{"damage":0,"enemies":"R_Hoarder","floor":46,"turns":6},{"damage":2,"enemies":"Donu and Deca","floor":50,"turns":4},{"damage":0,"enemies":"Shield and Spear","floor":54,"turns":1},{"damage":21,"enemies":"The Heart","floor":55,"turns":6}],"seed_played":"2741526124315771187","potions_obtained":[{"floor":4.0,"key":"AttackPotion"},{"floor":10.0,"key":"LiquidBronze"},{"floor":13.0,"key":"Elixir"},{"floor":16.0,"key":"Dexterity Potion"},{"floor":27.0,"key":"Reflective Coating"},{"floor":37.0,"key":"DistilledChaos"},{"floor":44,"key":"LiquidMemories"},{"floor":46,"key":"PowerPotion"},{"floor":54,"key":"FearPotion"}],"is_trial":false,"path_per_floor":["M","?","$","M","$","E","R","E","T","E","R","M","M","$","R","B",null,"M","?","?","T","$","R","E","R","T","E","R","M","E","$","R","B",null,"M","M","M","?","?","E","R","M","T","E","?","E","?","?","R","B",null,"R","$","E","B",null],"character_chosen":"WATCHER","items_purchased":["Ice Cream","ReplayTheSpireMod:CursedCoin","ReplayTheSpireMod:ShopPack","BargainBundle","FearPotion","conspire:TimeTravelPotion","The Courier","Omamori","Smiling Mask","ReplayTheSpireMod:Ninjato","MerchantsRug","Adaptation+1","ReplayTheSpireMod:TigerMarble","Bag of Preparation","Medical Kit"],"campfire_rested":0,"item_purchase_floors":[14,22,22,31,31,31,41,41,41,49,49,49,49,49,53],"current_hp_per_floor":[61,61,61,60,60,59,59,56,56,54,54,54,49,49,49,49,63,63,63,63,63,63,63,41,41,51,42,42,38,38,38,38,34,67,57,57,57,57,57,49,49,49,49,59,67,72,72,72,72,70,70,70,70,70,49],"gold":36,"neow_bonus":"RANDOM_COLORLESS_2","is_daily":false,"chose_seed":false,"campfire_upgraded":4,"win_rate":0.0,"timestamp":1612073730,"path_taken":["M","?","$","M","?","E","R","E","T","E","R","M","?","?","R","BOSS","M","?","?","?","$","R","E","R","T","E","R","?","E","$","R","BOSS","M","M","M","?","?","E","R","?","T","E","?","E","?","?","R","BOSS","R","$","E","BOSS"],"items_purchased_type":["Relic","Relic","Relic","Relic","Potion","Potion","Relic","Relic","Relic","Relic","Relic","Card","Relic","Relic","Relic"],"build_version":"2020-12-22","purchased_purges":7,"victory":true,"max_hp_per_floor":[68,68,68,68,68,68,68,68,68,68,68,68,68,68,68,68,68,68,68,68,68,68,68,68,68,78,78,78,78,78,78,78,78,78,78,78,78,78,78,78,78,78,78,78,78,78,78,78,78,78,78,78,78,78,78],"card_choices":[{"not_picked":["Chrysalis","The Bomb"],"picked":"REME_BodyOfCthun","floor":0.0},{"not_picked":["Halt","JustLucky"],"picked":"Replay:Cycle","floor":1.0},{"not_picked":["Replay:BluntJabs","ReachHeaven"],"picked":"Vault","floor":4.0},{"not_picked":["PathToVictory","Consecrate","Replay:AtTheReady"],"picked":"SKIP","floor":6.0},{"not_picked":["Perseverance","Protect","WaveOfTheHand"],"picked":"SKIP","floor":8.0},{"not_picked":["CarveReality","Vengeance"],"picked":"TalkToTheHand","floor":10.0},{"not_picked":["PathToVictory","Replay:BluntJabs"],"picked":"FlurryOfBlows","floor":12.0},{"not_picked":["SashWhip","Vengeance"],"picked":"REME_CRH","floor":13.0},{"not_picked":["REME_EmptyShield","Replay:LoomingThreat"],"picked":"Scrawl","floor":16.0},{"not_picked":["EmptyFist","BattleHymn+1","BowlingBash"],"picked":"SKIP","floor":18.0},{"not_picked":["Chrysalis","REME_BuildACard"],"picked":"REME_PuzzleBox","floor":22.0},{"not_picked":["PathToVictory","ReachHeaven","Conclude"],"picked":"SKIP","floor":24.0},{"not_picked":["Collect","Replay:Battleflow"],"picked":"Adaptation","floor":27.0},{"not_picked":["WaveOfTheHand","FlurryOfBlows","SandsOfTime"],"picked":"SKIP","floor":29.0},{"not_picked":["FlyingSleeves","Replay:Cycle","ClearTheMind"],"picked":"SKIP","floor":30.0},{"not_picked":["Judgement","REME_CRH"],"picked":"Devotion","floor":33.0},{"not_picked":["SignatureMove","EmptyFist","CutThroughFate"],"picked":"SKIP","floor":35.0},{"not_picked":["ReachHeaven","Indignation+1","Replay:Hum"],"picked":"SKIP","floor":36.0},{"not_picked":["REME_MusicOfDeath+1","JustLucky","EmptyBody"],"picked":"SKIP","floor":37.0},{"not_picked":["Conclude","Brilliance"],"picked":"Devotion","floor":40.0},{"not_picked":["ClearTheMind+1","ThirdEye"],"picked":"TalkToTheHand","floor":42},{"not_picked":["Replay:ManipulateFuture","LikeWater+1"],"picked":"EmptyMind","floor":44},{"not_picked":["ForeignInfluence","SashWhip","Wallop"],"picked":"SKIP","floor":46},{"not_picked":["FlyingSleeves","FollowUp"],"picked":"Wish","floor":54}],"player_experience":755033,"relics_obtained":[{"floor":6.0,"key":"Centennial Puzzle"},{"floor":8.0,"key":"Potion Belt"},{"floor":9.0,"key":"aspiration:Lifesprig"},{"floor":10.0,"key":"MawBank"},{"floor":24.0,"key":"Turnip"},{"floor":26.0,"key":"Pear"},{"floor":27.0,"key":"HornCleat"},{"floor":30.0,"key":"Replay:Accelerometer"},{"floor":38.0,"key":"Ring of Greed"},{"floor":38.0,"key":"Membership Card"},{"floor":38.0,"key":"MealTicket"},{"floor":40.0,"key":"Sundial"},{"floor":43,"key":"Toy Ornithopter"},{"floor":44,"key":"Frozen Egg 2"},{"floor":45,"key":"Bag of Marbles"},{"floor":46,"key":"Vajra"},{"floor":54,"key":"aspiration:ChemicalBlood"}],"event_choices":[{"damage_healed":0.0,"max_hp_gain":0.0,"max_hp_loss":0.0,"gold_gain":0.0,"event_name":"Accursed Blacksmith","player_choice":"Rummage","floor":2.0,"gold_loss":0.0,"damage_taken":0.0,"relics_obtained":["WarpedTongs"],"cards_obtained":["Pain"]},{"damage_healed":0.0,"max_hp_gain":0.0,"max_hp_loss":0.0,"gold_gain":0.0,"event_name":"Vampires","player_choice":"Ignored","floor":19.0,"gold_loss":0.0,"damage_taken":0.0},{"damage_healed":0.0,"max_hp_gain":0.0,"max_hp_loss":0.0,"gold_gain":0.0,"event_name":"The Library","player_choice":"Read","floor":20.0,"gold_loss":0.0,"damage_taken":0.0,"cards_obtained":["FlurryOfBlows"]},{"damage_healed":0.0,"max_hp_gain":0.0,"max_hp_loss":0.0,"gold_gain":0.0,"event_name":"Upgrade Shrine","player_choice":"Upgraded","floor":39.0,"gold_loss":0.0,"damage_taken":0.0,"cards_upgraded":["REME_PuzzleBox"]},{"damage_healed":0,"gold_gain":0,"player_choice":"Upgrade","damage_taken":0,"relics_obtained":["Mark of the Bloom"],"max_hp_gain":0,"max_hp_loss":0,"event_name":"MindBloom","floor":47,"gold_loss":0,"cards_upgraded":["Strike_P","Strike_P","Defend_P","Defend_P","Defend_P","Defend_P","Vigilance","REME_BodyOfCthun","Replay:Cycle","FlurryOfBlows","REME_CRH","Scrawl","FlurryOfBlows","Adaptation","Devotion","Devotion","TalkToTheHand","EmptyMind"]},{"cards_removed":["Doubt"],"damage_healed":0,"gold_gain":0,"player_choice":"Offered Curse","damage_taken":0,"relics_obtained":["Spirit Poop"],"max_hp_gain":0,"max_hp_loss":0,"event_name":"Bonfire Elementals","floor":48,"gold_loss":0}],"is_beta":false,"boss_relics":[{"not_picked":["aspiration:PoetsPen_weak","energizedSpire:CrystalSphere"],"picked":"Coffee Dripper"},{"not_picked":["Runic Dome","Velvet Choker"],"picked":"energizedSpire:OgreHead"}],"items_purged_floors":[11,22,31,49,52,52,53],"is_endless":false,"potions_floor_spawned":[4,10,13,16,27,29,30,36,37,42,44,46,54],"ascension_level":19}}