{"host":"17uu0q65fspg4e3h","time":1612122114,"event":{"mods":["Alarm Clock","BaseMod","Colored Map","Colored Powertips","Highlight Path","Minty Spire (QoL Compilation)","Quick Restart","Relic Stats","SOS（斯巴达之子）","Shop Mod","StSLib","The Administrix","The Runesmith","篝火指南"],"gold_per_floor":[114,126,76,76,90,90,122,122,122,122,122,150,150,150,23,122,122,134,160,85,97,114,147,147,147,200,229,340,166,177,188,188,292,292,307,105,155,175,175,175,188,203,203,203,203,203,203,214,34,34],"floor_reached":51,"language":"ZHS","playtime":3261,"items_purged":["Regret","Decay"],"score":860,"play_id":"99986ab2-f460-45bd-afa8-d8e05db1a2d6","local_time":"20210201034154","is_ascension_mode":true,"campfire_choices":[{"data":"Zap","floor":6.0,"key":"SMITH"},{"floor":8.0,"key":"REST"},{"data":"Defragment","floor":10.0,"key":"SMITH"},{"floor":24.0,"key":"REST"},{"floor":32.0,"key":"REST"},{"data":"Apotheosis","floor":40.0,"key":"SMITH"},{"floor":45.0,"key":"REST"},{"floor":47.0,"key":"REST"}],"circlet_count":0,"master_deck":["Defend_B","Defend_B","Zap+1","Dualcast","Ball Lightning","Gash","Cold Snap","Defragment+1","Conserve Battery","Core Surge","Melter","Compile Driver+1","Coolheaded","Rebound","Beam Cell","Apotheosis+1","Blizzard","Cold Snap+1","Seek","Machine Learning+1","Redo+1","Seek+1","BootSequence","Cold Snap","Go for the Eyes","Conserve Battery","Capacitor","Swift Strike","Bandage Up","Swift Strike","White Noise+1","Loop"],"relics":["Cracked Core","TungstenRod","Mummified Hand","Boot","Strawberry","Mango","Happy Flower","Nuclear Battery","Toy Ornithopter","Anchor","Nilry\u0027s Codex","MawBank","Astrolabe","Medical Kit","Pocketwatch","CaptainsWheel"],"acts_visited":["Exordium","TheCity","TheBeyond"],"potions_floor_usage":[50,50,50],"damage_taken":[{"damage":6.0,"enemies":"Jaw Worm","floor":1.0,"turns":4.0},{"damage":7.0,"enemies":"Small Slimes","floor":2.0,"turns":3.0},{"damage":0.0,"enemies":"Cultist","floor":5.0,"turns":3.0},{"damage":19.0,"enemies":"Lagavulin","floor":7.0,"turns":5.0},{"damage":0.0,"enemies":"Gremlin Nob","floor":12.0,"turns":3.0},{"damage":15.0,"enemies":"The Guardian","floor":16.0,"turns":12.0},{"damage":1.0,"enemies":"Spheric Guardian","floor":18.0,"turns":4.0},{"damage":3.0,"enemies":"Chosen","floor":21.0,"turns":5.0},{"damage":27.0,"enemies":"Snake Plant","floor":22.0,"turns":4.0},{"damage":34.0,"enemies":"Slavers","floor":23.0,"turns":6.0},{"damage":4.0,"enemies":"Centurion and Healer","floor":27.0,"turns":7.0},{"damage":1.0,"enemies":"Snecko","floor":30.0,"turns":4.0},{"damage":3.0,"enemies":"3 Cultists","floor":31.0,"turns":3.0},{"damage":11.0,"enemies":"Collector","floor":33.0,"turns":10.0},{"damage":13.0,"enemies":"3 Darklings","floor":35.0,"turns":5.0},{"damage":0.0,"enemies":"Mind Bloom Boss Battle","floor":37.0,"turns":6.0},{"damage":2.0,"enemies":"3 Shapes","floor":38.0,"turns":5.0},{"damage":24.0,"enemies":"Maw","floor":41.0,"turns":9.0},{"damage":0.0,"enemies":"Sphere and 2 Shapes","floor":42.0,"turns":4.0},{"damage":22.0,"enemies":"Writhing Mass","floor":48.0,"turns":4.0},{"damage":45,"enemies":"Time Eater","floor":50,"turns":8}],"seed_played":"2995578451724352448","potions_obtained":[{"floor":2.0,"key":"Energy Potion"},{"floor":5.0,"key":"EssenceOfSteel"},{"floor":18.0,"key":"Weak Potion"},{"floor":21.0,"key":"EssenceOfDarkness"},{"floor":31.0,"key":"PotionOfCapacity"},{"floor":33.0,"key":"FocusPotion"},{"floor":42.0,"key":"Dexterity Potion"}],"is_trial":false,"path_per_floor":["M","M","?","?","M","R","E","R","T","R","?","E","?","?","R","B",null,"M","T","?","M","M","E","R","?","T","M","?","$","M","M","R","B",null,"M","$","?","M","?","R","M","M","T","?","R","?","R","M","R","B",null],"character_chosen":"DEFECT","items_purchased":["Conserve Battery","Apotheosis","Medical Kit","Cold Snap","Loop"],"campfire_rested":5,"item_purchase_floors":[15,29,36,36,49],"current_hp_per_floor":[62,55,55,53,53,53,34,54,61,61,55,69,69,69,69,54,80,79,79,79,76,49,15,41,29,29,25,25,25,29,31,57,46,78,65,65,65,63,63,63,39,39,39,39,65,56,82,60,60,34],"gold":34,"neow_bonus":"ONE_RARE_RELIC","is_daily":false,"chose_seed":false,"campfire_upgraded":3,"win_rate":0.0,"timestamp":1612122114,"path_taken":["M","M","?","?","M","R","E","R","T","R","?","E","?","?","R","BOSS","M","?","?","?","?","E","R","?","T","M","?","?","M","M","R","BOSS","M","$","?","M","?","R","M","?","T","?","R","?","R","M","R","BOSS"],"items_purchased_type":["Card","Card","Relic","Card","Card"],"build_version":"2020-12-22","purchased_purges":2,"victory":true,"max_hp_per_floor":[68,68,68,68,68,68,68,68,75,75,75,89,89,89,89,89,89,89,89,89,89,89,89,89,89,89,89,89,89,89,89,89,89,89,89,89,89,89,89,89,89,89,89,89,89,89,89,89,89,89],"relic_stats":{"Happy Flower":[32],"counters":[21,114],"Mummified Hand":[39],"Astrolabe":["Machine Learning","Redo","Seek"],"Boot":[81],"MawBank":36,"Medical Kit":[2],"obtain_stats":[{"Happy Flower":13,"Nilry\u0027s Codex":25,"Astrolabe":34,"Mango":12,"Boot":7,"MawBank":26,"Medical Kit":36,"Nuclear Battery":17,"Anchor":23,"CaptainsWheel":43,"Mummified Hand":4,"Strawberry":9,"Cracked Core":0,"TungstenRod":0,"Toy Ornithopter":19,"Pocketwatch":37},{"Happy Flower":5,"Nilry\u0027s Codex":10,"Astrolabe":14,"Mango":5,"Boot":4,"MawBank":10,"Medical Kit":15,"Nuclear Battery":6,"Anchor":10,"CaptainsWheel":19,"Mummified Hand":2,"Strawberry":4,"Cracked Core":0,"TungstenRod":0,"Toy Ornithopter":7,"Pocketwatch":16},{"Happy Flower":18,"Nilry\u0027s Codex":49,"Astrolabe":73,"Mango":18,"Boot":15,"MawBank":49,"Medical Kit":78,"Nuclear Battery":30,"Anchor":49,"CaptainsWheel":102,"Mummified Hand":7,"Strawberry":15,"Cracked Core":0,"TungstenRod":0,"Toy Ornithopter":34,"Pocketwatch":84}],"TungstenRod":47,"Toy Ornithopter":25,"Pocketwatch":[3]},"card_choices":[{"not_picked":["Consume","Conserve Battery"],"picked":"Ball Lightning","floor":1.0},{"not_picked":["Compile Driver","Sunder"],"picked":"Gash","floor":2.0},{"not_picked":["Steam Power","Double Energy"],"picked":"Cold Snap","floor":5.0},{"not_picked":["Leap","Genetic Algorithm"],"picked":"Defragment","floor":7.0},{"not_picked":["Hologram","Gash"],"picked":"Conserve Battery","floor":12.0},{"not_picked":["Thunder Strike","Creative AI"],"picked":"Core Surge","floor":16.0},{"not_picked":["White Noise","Skim+1"],"picked":"Melter","floor":18.0},{"not_picked":["Double Energy+1","Turbo"],"picked":"Compile Driver+1","floor":21.0},{"not_picked":["Steam","Barrage"],"picked":"Coolheaded","floor":22.0},{"not_picked":["Ball Lightning+1","Turbo"],"picked":"Rebound","floor":23.0},{"not_picked":["Thunder Strike","Steam+1"],"picked":"Beam Cell","floor":27.0},{"not_picked":["Reinforced Body","Double Energy"],"picked":"Blizzard","floor":30.0},{"not_picked":["Sweeping Beam+1","Doom and Gloom"],"picked":"Cold Snap+1","floor":31.0},{"not_picked":["Amplify","Creative AI"],"picked":"Seek","floor":33.0},{"not_picked":["Doom and Gloom+1","Storm+1"],"picked":"BootSequence","floor":35.0},{"not_picked":["Ball Lightning","Rebound+1"],"picked":"Go for the Eyes","floor":37.0},{"not_picked":["Rebound","Hologram+1"],"picked":"Conserve Battery","floor":38.0},{"not_picked":["Go for the Eyes","Stack"],"picked":"Capacitor","floor":41.0},{"not_picked":["Ball Lightning","Meteor Strike","Compile Driver+1"],"picked":"SKIP","floor":42.0},{"not_picked":["Enlightenment","Mind Blast"],"picked":"Swift Strike","floor":46.0},{"not_picked":["Secret Technique","Panacea"],"picked":"Bandage Up","floor":46.0},{"not_picked":["Bandage Up","HandOfGreed"],"picked":"Swift Strike","floor":46.0},{"not_picked":["Chaos+1","Consume"],"picked":"White Noise+1","floor":48.0}],"player_experience":646363,"relics_obtained":[{"floor":7.0,"key":"Boot"},{"floor":9.0,"key":"Strawberry"},{"floor":12.0,"key":"Mango"},{"floor":19.0,"key":"Toy Ornithopter"},{"floor":23.0,"key":"Anchor"},{"floor":25.0,"key":"Nilry\u0027s Codex"},{"floor":26.0,"key":"MawBank"},{"floor":37.0,"key":"Pocketwatch"},{"floor":43.0,"key":"CaptainsWheel"}],"event_choices":[{"cards_removed":["Strike_B"],"damage_healed":0.0,"max_hp_gain":0.0,"max_hp_loss":0.0,"gold_gain":0.0,"event_name":"The Cleric","player_choice":"Card Removal","floor":3.0,"gold_loss":50.0,"damage_taken":0.0},{"damage_healed":0.0,"max_hp_gain":0.0,"max_hp_loss":0.0,"gold_gain":0.0,"event_name":"Scrap Ooze","player_choice":"Success","floor":4.0,"gold_loss":0.0,"damage_taken":3.0,"relics_obtained":["Mummified Hand"]},{"cards_removed":["Strike_B"],"damage_healed":0.0,"max_hp_gain":0.0,"max_hp_loss":0.0,"gold_gain":0.0,"event_name":"Golden Wing","player_choice":"Card Removal","floor":11.0,"gold_loss":0.0,"damage_taken":7.0},{"damage_healed":0.0,"max_hp_gain":0.0,"max_hp_loss":0.0,"gold_gain":0.0,"event_name":"Big Fish","player_choice":"Box","floor":13.0,"gold_loss":0.0,"damage_taken":0.0,"relics_obtained":["Happy Flower"],"cards_obtained":["Regret"]},{"damage_healed":0.0,"max_hp_gain":0.0,"max_hp_loss":0.0,"gold_gain":0.0,"event_name":"The Woman in Blue","player_choice":"Bought 0 Potions","floor":14.0,"gold_loss":0.0,"damage_taken":0.0},{"cards_removed":["Strike_B"],"damage_healed":0.0,"max_hp_gain":0.0,"max_hp_loss":0.0,"gold_gain":0.0,"event_name":"Beggar","player_choice":"Gave Gold","floor":20.0,"gold_loss":75.0,"damage_taken":0.0},{"damage_healed":0.0,"max_hp_gain":0.0,"max_hp_loss":0.0,"gold_gain":0.0,"event_name":"Cursed Tome","player_choice":"Obtained Book","floor":25.0,"gold_loss":0.0,"damage_taken":16.0},{"damage_healed":0.0,"max_hp_gain":0.0,"max_hp_loss":0.0,"gold_gain":99.0,"event_name":"Nest","player_choice":"Stole From Cult","floor":28.0,"gold_loss":0.0,"damage_taken":0.0},{"damage_healed":0.0,"max_hp_gain":0.0,"max_hp_loss":0.0,"gold_gain":0.0,"event_name":"MindBloom","player_choice":"Fight","floor":37.0,"gold_loss":0.0,"damage_taken":0.0},{"damage_healed":0.0,"max_hp_gain":0.0,"max_hp_loss":0.0,"gold_gain":0.0,"event_name":"Wheel of Change","player_choice":"Cursed","floor":39.0,"gold_loss":0.0,"damage_taken":0.0,"cards_obtained":["Decay"]},{"cards_removed":["Conserve Battery"],"damage_healed":0.0,"max_hp_gain":0.0,"max_hp_loss":0.0,"gold_gain":0.0,"event_name":"Falling","player_choice":"Removed Skill","floor":44.0,"gold_loss":0.0,"damage_taken":0.0},{"damage_healed":0.0,"max_hp_gain":0.0,"max_hp_loss":0.0,"gold_gain":0.0,"event_name":"SensoryStone","player_choice":"Memory 3","floor":46.0,"gold_loss":0.0,"damage_taken":10.0}],"is_beta":false,"boss_relics":[{"not_picked":["Velvet Choker","SacredBark"],"picked":"Nuclear Battery"},{"not_picked":["Coffee Dripper","Philosopher\u0027s Stone"],"picked":"Astrolabe"}],"items_purged_floors":[15,49],"is_endless":false,"potions_floor_spawned":[2,5,18,21,31,33,42],"ascension_level":5}}