{"host":"bbjnqymry46jz0fa","time":1612079618,"event":{"mods":["BaseMod","DeckTracker","Minty Spire (QoL Compilation)","Quick Restart","StSLib","SuperFastMode"],"gold_per_floor":[117,117,137,12,32,62,132,132,158,170,170,170,184,202,202,276,276,291,310,320,220,220,21,21,55,78,88,100,116,134,148,148,225,225,239,11,11,26,44,44,77,102,154,7,44,57,95,95,95,95,95,95,95,120,120],"floor_reached":56,"language":"KOR","playtime":1654,"items_purged":["Strike_P","Strike_P","Defend_P","BowlingBash"],"score":2419,"play_id":"0128c071-92b8-4670-9769-bbb730912a12","local_time":"20210131165338","is_ascension_mode":true,"campfire_choices":[{"data":"Eruption","floor":8.0,"key":"SMITH"},{"data":"Strike_P","floor":11.0,"key":"PURGE"},{"data":"Defend_P","floor":15.0,"key":"PURGE"},{"data":"Defend_P","floor":24.0,"key":"PURGE"},{"data":"Vault","floor":32.0,"key":"SMITH"},{"data":"Adaptation","floor":40.0,"key":"SMITH"},{"floor":49.0,"key":"RECALL"},{"data":"FlurryOfBlows","floor":52.0,"key":"PURGE"}],"circlet_count":0,"master_deck":["AscendersBane","Eruption+1","Vigilance","Prostrate+1","Worship","Scrawl","Vault+1","FlurryOfBlows","InnerPeace","Prostrate","Adaptation+1","MentalFortress","Adaptation"],"relics":["PureWater","NeowsBlessing","Anchor","Peace Pipe","Shuriken","Bag of Marbles","Empty Cage","GoldenEye","VioletLotus","Regal Pillow","Shovel","CeramicFish","Bag of Preparation","Ancient Tea Set","MealTicket","Art of War"],"acts_visited":["Exordium","TheCity","TheBeyond","TheEnding"],"potions_floor_usage":[55,55],"damage_taken":[{"damage":0.0,"enemies":"Cultist","floor":1.0,"turns":1.0},{"damage":0.0,"enemies":"Small Slimes","floor":3.0,"turns":1.0},{"damage":0.0,"enemies":"2 Louse","floor":5.0,"turns":2.0},{"damage":54.0,"enemies":"Lagavulin","floor":6.0,"turns":11.0},{"damage":2.0,"enemies":"Large Slime","floor":10.0,"turns":4.0},{"damage":0.0,"enemies":"Blue Slaver","floor":13.0,"turns":4.0},{"damage":0.0,"enemies":"Exordium Thugs","floor":14.0,"turns":2.0},{"damage":0.0,"enemies":"Slime Boss","floor":16.0,"turns":6.0},{"damage":12.0,"enemies":"3 Byrds","floor":18.0,"turns":6.0},{"damage":16.0,"enemies":"2 Thieves","floor":19.0,"turns":3.0},{"damage":0.0,"enemies":"Cultist and Chosen","floor":20.0,"turns":2.0},{"damage":0.0,"enemies":"Slavers","floor":25.0,"turns":1.0},{"damage":0.0,"enemies":"3 Cultists","floor":27.0,"turns":4.0},{"damage":0.0,"enemies":"Shelled Parasite and Fungi","floor":28.0,"turns":2.0},{"damage":0.0,"enemies":"Centurion and Healer","floor":29.0,"turns":1.0},{"damage":0.0,"enemies":"Snecko","floor":30.0,"turns":1.0},{"damage":0.0,"enemies":"Snake Plant","floor":31.0,"turns":3.0},{"damage":0.0,"enemies":"Automaton","floor":33.0,"turns":5.0},{"damage":0.0,"enemies":"3 Shapes","floor":35.0,"turns":1.0},{"damage":1.0,"enemies":"3 Darklings","floor":38.0,"turns":2.0},{"damage":0.0,"enemies":"Sphere and 2 Shapes","floor":39.0,"turns":3.0},{"damage":0.0,"enemies":"Reptomancer","floor":41.0,"turns":4.0},{"damage":0.0,"enemies":"Mind Bloom Boss Battle","floor":42.0,"turns":3.0},{"damage":0.0,"enemies":"Giant Head","floor":45.0,"turns":2.0},{"damage":0.0,"enemies":"Jaw Worm Horde","floor":46.0,"turns":1.0},{"damage":0.0,"enemies":"Nemesis","floor":47.0,"turns":2.0},{"damage":47.0,"enemies":"Time Eater","floor":50.0,"turns":6.0},{"damage":0.0,"enemies":"Shield and Spear","floor":54.0,"turns":3.0},{"damage":53,"enemies":"The Heart","floor":55,"turns":8}],"seed_played":"8609536264302375722","potions_obtained":[{"floor":3.0,"key":"Explosive Potion"},{"floor":10.0,"key":"SkillPotion"},{"floor":20.0,"key":"BottledMiracle"},{"floor":25.0,"key":"Swift Potion"},{"floor":42.0,"key":"DuplicationPotion"}],"is_trial":false,"path_per_floor":["M","T","M","$","M","E","T","R","T","M","R","?","M","M","R","B",null,"M","M","M","$","?","$","R","E","T","M","M","M","M","M","R","B",null,"M","$","?","M","M","R","E","?","T","$","E","M","E","?","R","B",null,"R","$","E","B",null],"character_chosen":"WATCHER","items_purchased":["Strength Potion","DistilledChaos","Adaptation","Bag of Preparation"],"campfire_rested":0,"item_purchase_floors":[4,23,36,44],"current_hp_per_floor":[61,61,61,61,61,7,7,7,7,5,5,5,5,5,5,5,52,40,24,24,24,68,68,68,68,68,68,68,68,68,68,68,68,68,68,68,68,67,67,67,67,67,67,67,67,67,67,67,67,20,56,56,68,68,15],"gold":120,"neow_bonus":"THREE_ENEMY_KILL","is_daily":false,"chose_seed":false,"campfire_upgraded":3,"win_rate":0.0,"timestamp":1612079618,"path_taken":["M","?","?","$","M","E","?","R","T","?","R","?","M","M","R","BOSS","M","M","M","$","?","$","R","E","T","M","M","M","?","M","R","BOSS","M","$","?","?","M","R","E","?","T","$","E","M","E","?","R","BOSS","R","$","E","BOSS"],"items_purchased_type":["Potion","Potion","Card","Relic"],"build_version":"2020-12-22","purchased_purges":4,"victory":true,"max_hp_per_floor":[68,68,68,68,68,68,68,68,68,68,68,68,68,68,68,68,68,68,68,68,68,68,68,68,68,68,68,68,68,68,68,68,68,68,68,68,68,68,68,68,68,68,68,68,68,68,68,68,68,68,68,68,68,68,68],"card_choices":[{"not_picked":["ThirdEye","Sanctity"],"picked":"BowlingBash","floor":1.0},{"not_picked":["SignatureMove","Indignation"],"picked":"Prostrate","floor":3.0},{"not_picked":["WreathOfFlame","Consecrate"],"picked":"Worship","floor":5.0},{"not_picked":["Protect","PathToVictory","SpiritShield"],"picked":"SKIP","floor":6.0},{"not_picked":["CrushJoints","FlyingSleeves","SandsOfTime"],"picked":"SKIP","floor":10.0},{"not_picked":["CrushJoints","Crescendo"],"picked":"Worship","floor":13.0},{"not_picked":["ThirdEye","CrushJoints"],"picked":"Scrawl","floor":14.0},{"not_picked":["Wish","MasterReality"],"picked":"Vault","floor":16.0},{"not_picked":["Evaluate","BattleHymn"],"picked":"FlurryOfBlows","floor":18.0},{"not_picked":["Evaluate","Fasting2+1"],"picked":"FlurryOfBlows","floor":19.0},{"not_picked":["Nirvana","FearNoEvil+1"],"picked":"InnerPeace","floor":20.0},{"not_picked":["ClearTheMind+1","Indignation+1","Perseverance"],"picked":"SKIP","floor":25.0},{"not_picked":["FlyingSleeves","CrushJoints","WindmillStrike"],"picked":"SKIP","floor":27.0},{"not_picked":["Conclude","ClearTheMind","FlurryOfBlows"],"picked":"SKIP","floor":28.0},{"not_picked":["ReachHeaven","BowlingBash","LikeWater"],"picked":"SKIP","floor":29.0},{"not_picked":["Worship","WindmillStrike","Evaluate"],"picked":"SKIP","floor":30.0},{"not_picked":["FlyingSleeves","EmptyBody+1"],"picked":"Prostrate","floor":31.0},{"not_picked":["Wallop+1","Study","EmptyBody"],"picked":"SKIP","floor":35.0},{"not_picked":["ClearTheMind","EmptyFist","Collect"],"picked":"SKIP","floor":38.0},{"not_picked":["FlurryOfBlows","Wireheading+1","EmptyBody"],"picked":"SKIP","floor":39.0},{"not_picked":["ClearTheMind","FearNoEvil","MasterReality"],"picked":"SKIP","floor":41.0},{"not_picked":["DevaForm","FollowUp"],"picked":"MentalFortress","floor":45.0},{"not_picked":["BattleHymn+1","SashWhip","JustLucky"],"picked":"SKIP","floor":46.0},{"not_picked":["EmptyBody","Omniscience"],"picked":"Adaptation","floor":47.0},{"not_picked":["JustLucky","FollowUp","WheelKick"],"picked":"SKIP","floor":54.0}],"player_experience":739183,"relics_obtained":[{"floor":2.0,"key":"Anchor"},{"floor":6.0,"key":"Peace Pipe"},{"floor":7.0,"key":"Shuriken"},{"floor":9.0,"key":"Bag of Marbles"},{"floor":25.0,"key":"GoldenEye"},{"floor":41.0,"key":"Regal Pillow"},{"floor":42.0,"key":"Shovel"},{"floor":43.0,"key":"CeramicFish"},{"floor":45.0,"key":"Ancient Tea Set"},{"floor":47.0,"key":"MealTicket"},{"floor":54.0,"key":"Art of War"}],"event_choices":[{"damage_healed":0.0,"max_hp_gain":0.0,"max_hp_loss":0.0,"gold_gain":0.0,"event_name":"Accursed Blacksmith","player_choice":"Forge","floor":12.0,"gold_loss":0.0,"damage_taken":0.0,"cards_upgraded":["Prostrate"]},{"damage_healed":44.0,"max_hp_gain":0.0,"max_hp_loss":0.0,"gold_gain":0.0,"event_name":"Wheel of Change","player_choice":"Full Heal","floor":22.0,"gold_loss":0.0,"damage_taken":0.0},{"damage_healed":0.0,"max_hp_gain":0.0,"max_hp_loss":0.0,"gold_gain":0.0,"event_name":"Lab","player_choice":"Got Potions","floor":37.0,"gold_loss":0.0,"damage_taken":0.0},{"damage_healed":0.0,"max_hp_gain":0.0,"max_hp_loss":0.0,"gold_gain":0.0,"event_name":"MindBloom","player_choice":"Fight","floor":42.0,"gold_loss":0.0,"damage_taken":0.0},{"cards_removed":["Worship"],"damage_healed":0.0,"max_hp_gain":0.0,"max_hp_loss":0.0,"gold_gain":0.0,"event_name":"Falling","player_choice":"Removed Skill","floor":48.0,"gold_loss":0.0,"damage_taken":0.0}],"is_beta":false,"boss_relics":[{"not_picked":["Philosopher\u0027s Stone","Fusion Hammer"],"picked":"Empty Cage"},{"not_picked":["SacredBark","HolyWater"],"picked":"VioletLotus"}],"items_purged_floors":[4,21,23,36],"is_endless":false,"potions_floor_spawned":[3,6,10,20,25,28,30,33,42,45,46,47],"ascension_level":15}}