{"host":"klqcd4cqxrk2p1u3","time":1612126113,"event":{"mods":["BaseMod","Downfall","Minty Spire (QoL Compilation)","StSLib"],"gold_per_floor":[99,114,114,131,141,141,141,161,0,32,45,60,20,34,48,143,143,43,54,54,67,79,79,79,79,79,92,92,92,126,136,150,150,150,150],"floor_reached":33,"language":"ENG","playtime":4512,"items_purged":[],"score":303,"play_id":"c8fae642-2e3f-492a-b0fe-fe6f956d4639","local_time":"20210131154833","is_ascension_mode":false,"campfire_choices":[{"floor":1,"key":"RECALL"},{"data":"bronze:GetLatest","floor":18,"key":"SMITH"},{"data":"bronze:MaxOutput","floor":26,"key":"SMITH"},{"data":"bronze:Mutator","floor":28,"key":"SMITH"}],"circlet_count":0,"master_deck":["bronze:Defend+1","bronze:Defend+1","bronze:Defend+1","bronze:Defend+1","bronze:Replicate","bronze:Goto","bronze:Branch","bronze:Frontload","bronze:ChosenStrike","bronze:NullPointer","bronze:Iterate","bronze:ChildClass","bronze:Overheat","bronze:Overload","bronze:WhirlingStrike","bronze:Mutator+1","bronze:DelayedGuard","bronze:Overheat","bronze:GetLatest+1","bronze:DelayedSlice","bronze:MaxOutput+1","bronze:Branch","bronze:CleanCode","bronze:WhirlingStrike","bronze:WhirlingStrike","bronze:Backtrace+1","Bite","Bite","Bite","Bite","Bite","bronze:FollowUp","bronze:OilSpill","bronze:Philosophize+1","bronze:SpaghettiCode+1"],"relics":["bronze:PlatinumCore","Ornamental Fan","Nunchaku","downfall:HeartBlessingBlue","Toxic Egg 2","Bag of Preparation","Red Mask"],"acts_visited":["Exordium","TheCity"],"potions_floor_usage":[11,11,16,16,16,16,30,31,33,33],"damage_taken":[{"damage":0,"enemies":"Small Slimes","floor":2,"turns":3},{"damage":0,"enemies":"2 Louse","floor":4,"turns":2},{"damage":15,"enemies":"Jaw Worm","floor":5,"turns":6},{"damage":0,"enemies":"Exordium Wildlife","floor":8,"turns":3},{"damage":0,"enemies":"downfall:FleeingMerchant","floor":9,"turns":4},{"damage":2,"enemies":"3 Sentries","floor":10,"turns":6},{"damage":0,"enemies":"Blue Slaver","floor":11,"turns":2},{"damage":0,"enemies":"3 Louse","floor":12,"turns":2},{"damage":0,"enemies":"downfall:FleeingMerchant","floor":13,"turns":4},{"damage":0,"enemies":"Large Slime","floor":14,"turns":3},{"damage":2,"enemies":"Blue Slaver","floor":15,"turns":2},{"damage":17,"enemies":"WA_ARCHETYPE_RETAIN","floor":16,"turns":7},{"damage":1,"enemies":"Spheric Guardian","floor":19,"turns":4},{"damage":6,"enemies":"Shell Parasite","floor":21,"turns":4},{"damage":7,"enemies":"Centurion and Healer","floor":22,"turns":4},{"damage":13,"enemies":"Snake Plant","floor":27,"turns":2},{"damage":0,"enemies":"Masked Bandits","floor":30,"turns":3},{"damage":18,"enemies":"Cultist and Chosen","floor":31,"turns":5},{"damage":0,"enemies":"3 Cultists","floor":32,"turns":2},{"damage":53,"enemies":"IC_MUSHROOM_ARCHETYPE","floor":33,"turns":7}],"seed_played":"-1710572300396210369","potions_obtained":[{"floor":2,"key":"EntropicBrew"},{"floor":4,"key":"bronze:BurnAndBuffPotion"},{"floor":5,"key":"sneckomod:MuddlingPotion"},{"floor":11,"key":"Strength Potion"},{"floor":22,"key":"DuplicationPotion"},{"floor":27,"key":"LiquidBronze"},{"floor":31,"key":"LiquidMemories"}],"is_trial":false,"path_per_floor":["R","M","?","M","M","?","T","M","$","E","M","M","$","M","M","B",null,"R","M","?","M","M","?","T","T","R","M","R","?","?","M","M","B"],"character_chosen":"THE_AUTOMATON","items_purchased":["bronze:Overheat","bronze:Overload","bronze:WhirlingStrike","bronze:DelayedSlice"],"campfire_rested":0,"item_purchase_floors":[9,9,9,13],"current_hp_per_floor":[77,77,77,77,62,62,62,62,62,60,60,60,60,60,58,41,77,87,86,69,63,56,56,56,56,56,47,47,47,51,39,45,0,0,0],"gold":150,"neow_bonus":"TEN_PERCENT_HP_BONUS","is_daily":false,"chose_seed":false,"campfire_upgraded":3,"win_rate":0.0,"timestamp":1612126113,"path_taken":["R","M","?","M","M","?","T","M","$","E","M","M","?","M","M","BOSS","R","M","?","M","M","?","T","?","R","M","R","?","?","M","M","BOSS"],"items_purchased_type":["Card","Card","Card","Card"],"build_version":"2020-12-22","purchased_purges":0,"victory":false,"max_hp_per_floor":[77,77,77,77,77,77,77,77,77,77,77,77,77,77,77,77,77,87,87,92,92,92,64,64,64,64,64,64,64,64,64,64,64,64,64],"card_choices":[{"not_picked":["bronze:ChildClass","bronze:Overheat"],"picked":"bronze:Branch","floor":2},{"not_picked":["bronze:Turbo","bronze:BuggyMess"],"picked":"bronze:Frontload","floor":4},{"not_picked":["bronze:GetLatest","bronze:Boost"],"picked":"bronze:ChosenStrike","floor":5},{"not_picked":["bronze:Turbo","bronze:DelayedGuard"],"picked":"bronze:Iterate","floor":8},{"not_picked":["bronze:FineTuning","bronze:FollowUp"],"picked":"bronze:ChildClass","floor":9},{"not_picked":["bronze:BitShift","bronze:FineTuning"],"picked":"bronze:Mutator","floor":10},{"not_picked":["bronze:Frontload","bronze:DigitalCarnage"],"picked":"bronze:DelayedGuard","floor":11},{"not_picked":["bronze:Branch","bronze:FollowUp"],"picked":"bronze:Overheat","floor":12},{"not_picked":["bronze:ForceShield","bronze:DelayedSlice"],"picked":"bronze:GetLatest","floor":13},{"not_picked":["bronze:Overload","bronze:WhirlingStrike"],"picked":"bronze:MaxOutput","floor":14},{"not_picked":["bronze:NullPointer","bronze:Iterate"],"picked":"bronze:Branch","floor":15},{"not_picked":["bronze:Mutator","bronze:FindAndReplace"],"picked":"bronze:CleanCode","floor":16},{"not_picked":["bronze:BuggyMess","bronze:ForLoop"],"picked":"bronze:WhirlingStrike","floor":19},{"not_picked":["bronze:Invalidate","bronze:Overheat"],"picked":"bronze:WhirlingStrike","floor":21},{"not_picked":["bronze:ChosenStrike","bronze:Iterate+1"],"picked":"bronze:Backtrace+1","floor":22},{"not_picked":["bronze:Safeguard+1","bronze:Invalidate+1"],"picked":"bronze:FollowUp","floor":27},{"not_picked":["bronze:Frontload+1","bronze:ForLoop+1"],"picked":"bronze:OilSpill","floor":30},{"not_picked":["bronze:BugBarrage","bronze:CutThrough"],"picked":"bronze:Philosophize+1","floor":31},{"not_picked":["bronze:DigitalCarnage","bronze:Frontload+1"],"picked":"bronze:SpaghettiCode+1","floor":32}],"player_experience":1350829,"relics_obtained":[{"floor":10,"key":"Nunchaku"},{"floor":24,"key":"Toxic Egg 2"},{"floor":25,"key":"Bag of Preparation"},{"floor":30,"key":"Red Mask"}],"event_choices":[{"damage_healed":0,"gold_gain":0,"player_choice":"Box","damage_taken":0,"relics_obtained":["Ornamental Fan"],"max_hp_gain":0,"max_hp_loss":0,"event_name":"Big Fish","floor":3,"gold_loss":0,"cards_obtained":["Regret"]},{"damage_healed":0,"gold_gain":0,"player_choice":"Became a vampire","damage_taken":0,"max_hp_gain":0,"max_hp_loss":28,"event_name":"Vampires","floor":23,"gold_loss":0,"cards_obtained":["Bite","Bite","Bite","Bite","Bite"]},{"damage_healed":0,"gold_gain":0,"player_choice":"Fought Bandits","damage_taken":0,"max_hp_gain":0,"max_hp_loss":0,"event_name":"Masked Bandits","floor":30,"gold_loss":0}],"is_beta":false,"boss_relics":[{"not_picked":["Busted Crown","bronze:MakeshiftBattery"],"picked":"bronze:PlatinumCore"}],"items_purged_floors":[],"is_endless":false,"potions_floor_spawned":[2,4,5,11,22,27,31],"killed_by":"IC_MUSHROOM_ARCHETYPE","ascension_level":0}}