{"host":"nlowmoq7gy18n72d","time":1612129038,"event":{"mods":["BaseMod","Colored Powertips","Conspire","Downfall","Hermit","Highlight Path","Infinite Spire","Jorbs\u0027s Wanderer Trilogy","Minty Spire (QoL Compilation)","Rare Cards Sparkle","Replay The Spire","StSLib","The Cursed","The Hierophant"],"gold_per_floor":[112,129,129,204,219,224,224],"floor_reached":6,"language":"ENG","playtime":267,"items_purged":[],"score":38,"play_id":"4a2f7263-c7bc-494f-8c95-92e816e133df","local_time":"20210201003718","is_ascension_mode":true,"campfire_choices":[],"circlet_count":0,"master_deck":["hermit:Strike_Hermit","hermit:Strike_Hermit","hermit:Strike_Hermit","hermit:Strike_Hermit","hermit:Defend_Hermit","hermit:Defend_Hermit","hermit:Defend_Hermit","hermit:Defend_Hermit","hermit:Snapshot","hermit:Covet","ReplayTheSpireMod:Uncanny Aura","hermit:TakeAim","hermit:Scavenge"],"relics":["hermit:Momento","ReplayTheSpireMod:Ninjato"],"acts_visited":["Exordium"],"potions_floor_usage":[6],"damage_taken":[{"damage":0,"enemies":"2 Louse","floor":1,"turns":4},{"damage":2,"enemies":"Small Slimes","floor":2,"turns":4},{"damage":15,"enemies":"Jaw Worm","floor":5,"turns":5},{"damage":47,"enemies":"3 Sentries","floor":6,"turns":10}],"seed_played":"6202313754299120545","potions_obtained":[{"floor":1,"key":"Milkshake"},{"floor":5,"key":"Milkshake"}],"is_trial":false,"path_per_floor":["M","M","?","?","M","E"],"character_chosen":"HERMIT","items_purchased":[],"campfire_rested":0,"item_purchase_floors":[],"current_hp_per_floor":[75,73,73,62,47,0,0],"gold":224,"neow_bonus":"RANDOM_COLORLESS","is_daily":false,"chose_seed":false,"campfire_upgraded":0,"win_rate":0.0,"timestamp":1612129038,"path_taken":["M","M","?","?","M","E"],"items_purchased_type":[],"build_version":"2020-12-22","purchased_purges":0,"victory":false,"max_hp_per_floor":[75,75,75,75,75,75,75],"card_choices":[{"not_picked":["Replay:BasicMightCard","Deep Breath"],"picked":"ReplayTheSpireMod:Uncanny Aura","floor":0},{"not_picked":["hermit:Desperado","hermit:TrackingShot"],"picked":"hermit:TakeAim","floor":1},{"not_picked":["hermit:LoneWolf","hermit:Roulette","hermit:Feint"],"picked":"SKIP","floor":2},{"not_picked":["hermit:EyeOfTheStorm","hermit:Desperado"],"picked":"hermit:Scavenge","floor":5}],"player_experience":749314,"relics_obtained":[{"floor":3,"key":"ReplayTheSpireMod:Ninjato"}],"event_choices":[{"damage_healed":0,"gold_gain":75,"player_choice":"Gather Gold","damage_taken":11,"max_hp_gain":0,"max_hp_loss":0,"event_name":"World of Goop","floor":4,"gold_loss":0}],"is_beta":false,"boss_relics":[],"items_purged_floors":[],"is_endless":false,"potions_floor_spawned":[1,5],"killed_by":"3 Sentries","ascension_level":1}}