{"host":"haq22x9zdvtvc76a","time":1612068772,"event":{"mods":["BaseMod","Downfall","Minty Spire (QoL Compilation)","StSLib"],"gold_per_floor":[99,118,138,197,207,234,234,263,263,66,77,111,130,164,175,280,280,180,192,192,192,212,230,230,243,272,272,72,57,67,97,108,205,205,205,218,232,252,252,252,252,263,289,301,301,301,301,47,61,61,61,92,92,92,92,92,92,92],"floor_reached":56,"language":"ENG","playtime":10439,"items_purged":[],"score":941,"play_id":"1350950e-97cb-43bb-a7e4-f45af1aa799d","local_time":"20210130235252","is_ascension_mode":false,"campfire_choices":[{"data":"champ:TripleStrike","floor":1,"key":"SMITH"},{"floor":18,"key":"RECALL"},{"data":"champ:DefensiveStyle","floor":28,"key":"SMITH"},{"data":"champ:UltimateStance","floor":35,"key":"SMITH"},{"data":"champ:MurderStrike","floor":46,"key":"SMITH"},{"floor":54,"key":"REST"}],"circlet_count":0,"master_deck":["champ:Strike","champ:Strike","champ:Defend","champ:Defend","champ:Defend","champ:Execute","champ:Taunt","champ:TripleStrike+1","champ:Circumvent+1","champ:FocusedDefense","champ:FlashCut","champ:PreemptiveStrike","champ:TornadoPunch","champ:Duel","champ:SwordSigil+1","champ:HoldFirm","champ:SkillfulDodge","champ:FalseCounter","champ:MurderStrike+1","champ:Backstep+1","champ:BladeFlurry+1","champ:DeathBlow+1","champ:DefensiveStyle+1","Pain","champ:FocusedDefense","champ:FancyFootwork","champ:UltimateStance+1","champ:Lariat","expansioncontent:AwakenDeath"],"relics":["champ:ChampionCrown","HornCleat","Vajra","Pantograph","Odd Mushroom","sneckomod:BlankCard","Bag of Marbles","The Courier","Mango","Astrolabe","downfall:HeartBlessingGreen","Lizard Tail","StrikeDummy","Blood Vial","downfall:HeartBlessingRed","downfall:HeartBlessingBlue","Tiny Chest","Busted Crown","Strawberry","War Paint","Ginger","Omamori","Blue Candle","Lantern","Bronze Scales","InkBottle"],"acts_visited":["Exordium","TheCity","TheBeyond","TheEnding"],"potions_floor_usage":[6,16,26,26,33,38,38,44,52,52],"damage_taken":[{"damage":1,"enemies":"2 Louse","floor":2,"turns":2},{"damage":10,"enemies":"Small Slimes","floor":3,"turns":4},{"damage":20,"enemies":"Gremlin Nob","floor":4,"turns":3},{"damage":0,"enemies":"Jaw Worm","floor":5,"turns":4},{"damage":15,"enemies":"Lagavulin","floor":6,"turns":6},{"damage":10,"enemies":"The Mushroom Lair","floor":8,"turns":3},{"damage":20,"enemies":"downfall:FleeingMerchant","floor":10,"turns":4},{"damage":20,"enemies":"Exordium Thugs","floor":11,"turns":2},{"damage":0,"enemies":"3 Sentries","floor":12,"turns":4},{"damage":0,"enemies":"Exordium Wildlife","floor":13,"turns":1},{"damage":0,"enemies":"Gremlin Nob","floor":14,"turns":3},{"damage":4,"enemies":"Red Slaver","floor":15,"turns":2},{"damage":25,"enemies":"WA_ARCHETYPE_RETAIN","floor":16,"turns":9},{"damage":15,"enemies":"Shell Parasite","floor":19,"turns":2},{"damage":3,"enemies":"3 Byrds","floor":22,"turns":5},{"damage":25,"enemies":"Cultist and Chosen","floor":23,"turns":5},{"damage":0,"enemies":"Snake Plant","floor":25,"turns":2},{"damage":23,"enemies":"Gremlin Leader","floor":26,"turns":3},{"damage":25,"enemies":"downfall:FleeingMerchant","floor":29,"turns":4},{"damage":3,"enemies":"Sentry and Sphere","floor":30,"turns":3},{"damage":26,"enemies":"Book of Stabbing","floor":31,"turns":5},{"damage":17,"enemies":"Centurion and Healer","floor":32,"turns":6},{"damage":39,"enemies":"IC_MUSHROOM_ARCHETYPE","floor":33,"turns":4},{"damage":10,"enemies":"Orb Walker","floor":36,"turns":3},{"damage":14,"enemies":"3 Shapes","floor":37,"turns":4},{"damage":55,"enemies":"Transient","floor":38,"turns":5},{"damage":28,"enemies":"3 Darklings","floor":42,"turns":4},{"damage":51,"enemies":"Nemesis","floor":43,"turns":7},{"damage":12,"enemies":"Writhing Mass","floor":44,"turns":5},{"damage":31,"enemies":"downfall:FleeingMerchant","floor":48,"turns":4},{"damage":36,"enemies":"Sphere and 2 Shapes","floor":49,"turns":3},{"damage":47,"enemies":"SI_POISON_ARCHETYPE","floor":50,"turns":13},{"damage":206,"enemies":"downfall:CharBossMerchant","floor":52,"turns":10},{"damage":193,"enemies":"downfall:NeowBoss","floor":55,"turns":16},{"damage":138,"enemies":"downfall:NeowBossFinal","floor":56,"turns":11}],"seed_played":"3350597833029666161","potions_obtained":[{"floor":3,"key":"Dexterity Potion"},{"floor":4,"key":"SpeedPotion"},{"floor":6,"key":"SkillPotion"},{"floor":12,"key":"EssenceOfSteel"},{"floor":16,"key":"champ:TechniquePotion"},{"floor":22,"key":"DistilledChaos"},{"floor":31,"key":"ColorlessPotion"},{"floor":32,"key":"SteroidPotion"},{"floor":38,"key":"Block Potion"},{"floor":44,"key":"Block Potion"},{"floor":49,"key":"champ:TechniquePotion"}],"is_trial":false,"path_per_floor":["R","M","M","?","M","E","T","?","?","$","M","E","M","E","M","B",null,"R","M","?","?","M","M","T","M","E","T","R","$","M","E","M","B",null,"R","M","M","M","T","T","T","M","E","M","?","R","T","$","M","B",null,"E","$","R","B","B"],"character_chosen":"THE_CHAMP","items_purchased":["Bag of Marbles","champ:Duel","Lantern","Bronze Scales"],"campfire_rested":1,"item_purchase_floors":[10,10,48,48],"current_hp_per_floor":[90,89,89,89,89,89,89,89,64,64,64,64,64,78,74,89,104,104,104,104,104,101,96,96,96,93,93,103,105,104,95,95,95,114,114,114,105,77,84,84,84,83,74,64,64,64,64,65,66,71,121,55,55,91,50,0,0,0],"gold":92,"neow_bonus":"ONE_RANDOM_RARE_CARD","is_daily":false,"chose_seed":false,"campfire_upgraded":4,"win_rate":0.0,"timestamp":1612068772,"path_taken":["R","M","M","?","M","E","T","?","?","?","M","E","M","E","M","BOSS","R","M","?","?","M","?","T","M","E","?","R","$","?","E","M","BOSS","R","M","M","M","?","?","T","M","E","M","?","R","?","$","M","BOSS","E","$","R","BOSS","BOSS"],"items_purchased_type":["Relic","Card","Relic","Relic"],"build_version":"2020-12-22","purchased_purges":0,"victory":false,"max_hp_per_floor":[90,90,90,90,90,90,90,90,90,90,90,90,90,104,104,104,104,104,104,104,104,104,104,104,104,104,104,114,114,114,114,114,114,114,114,114,114,114,121,121,121,121,121,121,121,121,121,121,121,121,121,121,121,121,121,121,121,121],"card_choices":[{"not_picked":["champ:PerfectedStrike","champ:GladiatorStyle"],"picked":"champ:Circumvent","floor":2},{"not_picked":["champ:RisingSlash","champ:Circumvent"],"picked":"champ:FocusedDefense","floor":3},{"not_picked":["champ:PreciseThrust","champ:FancyFootwork"],"picked":"champ:FlashCut","floor":4},{"not_picked":["champ:BerserkersShout","champ:DeathBlow","champ:Circumvent"],"picked":"SKIP","floor":5},{"not_picked":["champ:GutPunch","champ:Encircle","champ:PerfectedStrike"],"picked":"SKIP","floor":6},{"not_picked":["champ:Haymaker","champ:FlashCut"],"picked":"champ:PreemptiveStrike","floor":8},{"not_picked":["champ:EndlessRage","champ:Shatter"],"picked":"champ:TornadoPunch","floor":10},{"not_picked":["champ:Endure","champ:PreciseThrust"],"picked":"champ:SwordSigil","floor":11},{"not_picked":["champ:Parry","champ:FanOfKnives"],"picked":"champ:HoldFirm","floor":12},{"not_picked":["champ:ShieldSigil","champ:EndlessRage","champ:PerfectedStrike"],"picked":"SKIP","floor":13},{"not_picked":["champ:ArenaPreparation","champ:RisingSlash"],"picked":"champ:SkillfulDodge","floor":14},{"not_picked":["champ:FancyFootwork","champ:Haymaker"],"picked":"champ:FalseCounter","floor":15},{"not_picked":["champ:LastStand","champ:SwordThrow"],"picked":"champ:MurderStrike","floor":16},{"not_picked":["champ:AdrenalArmor+1","champ:Shatter"],"picked":"champ:DefensiveStyle","floor":19},{"not_picked":["champ:PerfectedStrike+1","champ:CrownThrow+1","champ:RecklessLeap+1"],"picked":"SKIP","floor":22},{"not_picked":["champ:PerfectedStrike+1","champ:CrownThrow+1","champ:RecklessLeap+1"],"picked":"SKIP","floor":22},{"not_picked":["champ:RecklessLeap","champ:FlashCut","champ:Backstep+1"],"picked":"SKIP","floor":23},{"not_picked":["champ:StanceDance","champ:FlashCut"],"picked":"champ:FocusedDefense","floor":25},{"not_picked":["champ:TornadoPunch","champ:CrownThrow"],"picked":"champ:FancyFootwork","floor":26},{"not_picked":["champ:TripleStrike","champ:PreciseThrust","champ:DeathBlow"],"picked":"SKIP","floor":29},{"not_picked":["champ:AdrenalArmor","champ:Haymaker+1","champ:ShieldSigil"],"picked":"SKIP","floor":30},{"not_picked":["champ:SwordThrow","champ:StrikeOfGenius","champ:HeavySlash"],"picked":"SKIP","floor":31},{"not_picked":["champ:PerfectedStrike","champ:Shatter","champ:BerserkersShout+1"],"picked":"SKIP","floor":32},{"not_picked":["champ:StrikeOfGenius","champ:SteelEdge"],"picked":"champ:UltimateStance","floor":33},{"not_picked":["champ:Parry"],"picked":"SKIP","floor":36},{"not_picked":["champ:Haymaker"],"picked":"SKIP","floor":37},{"not_picked":["champ:DefensiveShout+1"],"picked":"SKIP","floor":38},{"not_picked":[],"picked":"champ:Lariat","floor":42},{"not_picked":["champ:Endure+1"],"picked":"SKIP","floor":43},{"not_picked":["champ:BerserkersShout+1"],"picked":"SKIP","floor":44},{"not_picked":["expansioncontent:Chronoboost","expansioncontent:PolyBeam"],"picked":"expansioncontent:AwakenDeath","floor":45},{"not_picked":["champ:CrownThrow+1"],"picked":"SKIP","floor":48},{"not_picked":["champ:FlashCut+1"],"picked":"SKIP","floor":49},{"not_picked":["champ:EnGarde+1"],"picked":"SKIP","floor":52}],"player_experience":1685673,"relics_obtained":[{"floor":4,"key":"HornCleat"},{"floor":6,"key":"Vajra"},{"floor":7,"key":"Pantograph"},{"floor":8,"key":"Odd Mushroom"},{"floor":12,"key":"The Courier"},{"floor":14,"key":"Mango"},{"floor":24,"key":"StrikeDummy"},{"floor":26,"key":"Blood Vial"},{"floor":31,"key":"Tiny Chest"},{"floor":39,"key":"Strawberry"},{"floor":40,"key":"War Paint"},{"floor":41,"key":"Ginger"},{"floor":43,"key":"Omamori"},{"floor":47,"key":"Blue Candle"},{"floor":52,"key":"InkBottle"}],"event_choices":[{"damage_healed":0,"gold_gain":0,"player_choice":"Fought Mushrooms","damage_taken":0,"max_hp_gain":0,"max_hp_loss":0,"event_name":"Mushrooms","floor":8,"gold_loss":0},{"damage_healed":0,"gold_gain":0,"player_choice":"Success","damage_taken":25,"relics_obtained":["sneckomod:BlankCard"],"max_hp_gain":0,"max_hp_loss":0,"event_name":"Scrap Ooze","floor":9,"gold_loss":0},{"damage_healed":0,"gold_gain":0,"player_choice":"Ignored","damage_taken":0,"max_hp_gain":0,"max_hp_loss":0,"event_name":"Vampires","floor":20,"gold_loss":0}],"is_beta":false,"boss_relics":[{"not_picked":["champ:PowerArmor","Snecko Eye"],"picked":"Astrolabe"},{"not_picked":["SacredBark","Philosopher\u0027s Stone"],"picked":"Busted Crown"}],"items_purged_floors":[],"is_endless":false,"potions_floor_spawned":[3,4,6,12,14,16,22,31,32,38,44,49],"killed_by":"downfall:NeowBossFinal","ascension_level":0}}