{"host":"zlryddw6xv0ljf8b","time":1612133075,"event":{"mods":["AchievementEnabler","BaseMod","Colored Map","Colored Powertips","Highlight Path","Minty Spire (QoL Compilation)","Permanent Neow","Quick Restart","StSLib"],"gold_per_floor":[114,114,69,69,69,119,119,149,224,254,254,284,299,18,18,118,118,133,148,163,178,178,178,508,508,508,538,538,568,568,568,568,668,668,683,333,293,308,308,338,338,368,368,68,83,14,14,14,14,14],"floor_reached":51,"language":"ENG","playtime":3274,"items_purged":["Writhe"],"score":958,"play_id":"1af150c5-6f10-4fd7-8681-58f22c85835b","local_time":"20210131164435","daily_mods":["Allstar","Diverse","Elite Swarm"],"is_ascension_mode":false,"campfire_choices":[{"floor":7.0,"key":"REST"},{"floor":11.0,"key":"REST"},{"data":"PiercingWail","floor":15.0,"key":"SMITH"},{"data":"Blind","floor":23.0,"key":"SMITH"},{"data":"Die Die Die","floor":25.0,"key":"SMITH"},{"floor":32.0,"key":"REST"},{"data":"Dramatic Entrance","floor":41,"key":"SMITH"},{"data":"Devotion","floor":47,"key":"SMITH"},{"floor":49,"key":"REST"}],"circlet_count":0,"master_deck":["Defend_R","Defend_R","Defend_R","Defend_R","Bash","Discovery+1","Blind+1","Transmutation+1","Impatience","Panacea","Conserve Battery","PiercingWail+1","Fiend Fire","Storm of Steel","Burst+1","Melter","Apotheosis+1","Discovery+1","Devotion+1","BowlingBash","Battle Trance+1","Self Repair+1","Backflip+1","Die Die Die+1","Scrawl+1","Devotion+1","Necronomicurse","DeusExMachina+1","Bite","Bite","Bite","Bite","Bite","Devotion","CurseOfTheBell","Calculated Gamble+1","Prostrate+1","Dramatic Entrance+1","Dramatic Entrance","Finesse+1","Alpha+1","Immolate","SashWhip+1","Wish+1","Writhe"],"relics":["Burning Blood","Incense Burner","Self Forming Clay","Bronze Scales","Paper Frog","Toxic Egg 2","Sozu","Old Coin","Potion Belt","Ornamental Fan","Necronomicon","Bottled Tornado","Shuriken","Calling Bell","Lantern","Blue Candle","Gambling Chip","Question Card","Gremlin Horn","Anchor","TungstenRod","Toolbox","Bag of Marbles"],"acts_visited":["Exordium","TheCity","TheBeyond"],"potions_floor_usage":[],"damage_taken":[{"damage":0.0,"enemies":"Small Slimes","floor":1.0,"turns":3.0},{"damage":15.0,"enemies":"Lagavulin","floor":6.0,"turns":11.0},{"damage":9.0,"enemies":"3 Sentries","floor":8.0,"turns":8.0},{"damage":21.0,"enemies":"Gremlin Nob","floor":10.0,"turns":3.0},{"damage":0.0,"enemies":"Lagavulin","floor":12.0,"turns":4.0},{"damage":0.0,"enemies":"Jaw Worm","floor":13.0,"turns":2.0},{"damage":0.0,"enemies":"Slime Boss","floor":16.0,"turns":5.0},{"damage":13.0,"enemies":"2 Thieves","floor":18.0,"turns":3.0},{"damage":0.0,"enemies":"Shell Parasite","floor":19.0,"turns":6.0},{"damage":12.0,"enemies":"Shelled Parasite and Fungi","floor":20.0,"turns":3.0},{"damage":15.0,"enemies":"Snecko","floor":21.0,"turns":5.0},{"damage":29.0,"enemies":"Gremlin Leader","floor":24.0,"turns":4.0},{"damage":32.0,"enemies":"Slavers","floor":27.0,"turns":4.0},{"damage":13.0,"enemies":"Book of Stabbing","floor":29.0,"turns":6.0},{"damage":16.0,"enemies":"Collector","floor":33.0,"turns":8.0},{"damage":0,"enemies":"3 Darklings","floor":35,"turns":3},{"damage":0,"enemies":"3 Shapes","floor":38,"turns":3},{"damage":29,"enemies":"Giant Head","floor":40,"turns":6},{"damage":52,"enemies":"Nemesis","floor":42,"turns":7},{"damage":0,"enemies":"Jaw Worm Horde","floor":45,"turns":2},{"damage":30,"enemies":"Awakened One","floor":50,"turns":8}],"seed_played":"7510361231737359051","potions_obtained":[{"floor":12.0,"key":"Ancient Potion"},{"floor":13.0,"key":"Weak Potion"}],"is_trial":false,"path_per_floor":["M","?","$","?","?","E","R","E","T","E","R","E","M","$","R","B",null,"M","M","M","M","?","R","E","R","T","E","?","E","?","?","R","B",null,"M","$","?","M","?","E","R","E","T","$","M","$","R","?","R","B",null],"character_chosen":"IRONCLAD","items_purchased":["PiercingWail","Apotheosis+1","Discovery+1","Prostrate+1","Question Card","Toolbox","Bag of Marbles","Wish+1"],"campfire_rested":4,"item_purchase_floors":[3,14,14,36,36,44,44,46],"current_hp_per_floor":[80,62,62,46,46,37,61,58,58,43,67,75,80,80,80,80,80,73,80,74,77,77,77,66,66,66,52,36,41,41,41,65,80,80,80,80,80,80,70,59,59,41,41,41,49,49,49,69,80,72],"gold":14,"neow_bonus":"","is_daily":true,"chose_seed":false,"campfire_upgraded":5,"win_rate":0.0,"timestamp":1612133075,"path_taken":["M","?","$","?","?","E","R","E","T","E","R","E","M","$","R","BOSS","M","M","?","?","?","R","E","R","T","E","?","E","?","?","R","BOSS","M","$","?","?","?","E","R","E","T","$","M","?","R","?","R","BOSS"],"items_purchased_type":["Card","Card","Card","Card","Relic","Relic","Relic","Card"],"build_version":"2020-12-22","purchased_purges":1,"victory":true,"max_hp_per_floor":[80,80,80,80,80,80,80,80,80,80,80,80,80,80,80,80,80,80,80,80,80,80,80,80,80,80,80,80,80,80,80,80,80,80,80,80,80,80,80,80,80,80,80,80,80,80,80,80,80,80],"card_choices":[{"not_picked":["Prostrate","Prepared"],"picked":"Conserve Battery","floor":1.0},{"not_picked":["Phantasmal Killer","Envenom","Glass Knife"],"picked":"SKIP","floor":6.0},{"not_picked":["Envenom","Grand Finale"],"picked":"Fiend Fire","floor":8.0},{"not_picked":["Establishment","ConjureBlade","Storm of Steel"],"picked":"SKIP","floor":10.0},{"not_picked":["Establishment","ConjureBlade"],"picked":"Storm of Steel","floor":10.0},{"not_picked":["Limit Break+1","Reboot+1"],"picked":"Burst+1","floor":12.0},{"not_picked":["EmptyFist","Crescendo+1"],"picked":"Melter","floor":13.0},{"not_picked":["Double Tap+1","LessonLearned"],"picked":"Devotion","floor":16.0},{"not_picked":["Outmaneuver+1","EmptyFist"],"picked":"BowlingBash","floor":18.0},{"not_picked":["Wild Strike+1","Deadly Poison+1"],"picked":"Battle Trance+1","floor":19.0},{"not_picked":["Concentrate+1","FollowUp"],"picked":"Self Repair+1","floor":20.0},{"not_picked":["Cloak And Dagger+1","Setup+1"],"picked":"Backflip+1","floor":21.0},{"not_picked":["Rainbow+1","Juggernaut"],"picked":"Scrawl+1","floor":24.0},{"not_picked":["Meteor Strike","Envenom"],"picked":"Devotion","floor":27.0},{"not_picked":["Amplify+1","Machine Learning"],"picked":"DeusExMachina+1","floor":29.0},{"not_picked":["Unload","Rainbow+1"],"picked":"Devotion","floor":33.0},{"not_picked":["Searing Blow+1","Blade Dance+1"],"picked":"Calculated Gamble+1","floor":35},{"not_picked":["ThirdEye+1","FlyingSleeves","Hello World","Hologram+1"],"picked":"SKIP","floor":38},{"not_picked":["Finesse+1","Mind Blast","Magnetism"],"picked":"Dramatic Entrance","floor":39},{"not_picked":["Master of Strategy+1","Good Instincts+1","Metamorphosis+1"],"picked":"Dramatic Entrance","floor":39},{"not_picked":["Jack Of All Trades+1","Enlightenment+1","PanicButton+1"],"picked":"Finesse+1","floor":39},{"not_picked":["Ragnarok","ConjureBlade+1","Barricade"],"picked":"Alpha+1","floor":40},{"not_picked":["Multi-Cast+1","Reboot+1","Glass Knife"],"picked":"Immolate","floor":42},{"not_picked":["MentalFortress+1","Slice","Perfected Strike"],"picked":"SashWhip+1","floor":45}],"player_experience":42353,"relics_obtained":[{"floor":6.0,"key":"Self Forming Clay"},{"floor":8.0,"key":"Bronze Scales"},{"floor":9.0,"key":"Paper Frog"},{"floor":10.0,"key":"Blood Vial"},{"floor":12.0,"key":"Toxic Egg 2"},{"floor":24.0,"key":"Old Coin"},{"floor":26.0,"key":"Potion Belt"},{"floor":27.0,"key":"Ornamental Fan"},{"floor":28.0,"key":"Necronomicon"},{"floor":29.0,"key":"Bottled Tornado"},{"floor":34.0,"key":"Lantern"},{"floor":34.0,"key":"Blue Candle"},{"floor":34.0,"key":"Gambling Chip"},{"floor":40,"key":"Gremlin Horn"},{"floor":42,"key":"Anchor"},{"floor":43,"key":"TungstenRod"}],"event_choices":[{"damage_healed":0.0,"max_hp_gain":0.0,"max_hp_loss":0.0,"gold_gain":0.0,"event_name":"Scrap Ooze","player_choice":"Success","floor":2.0,"gold_loss":0.0,"damage_taken":18.0,"relics_obtained":["Incense Burner"]},{"damage_healed":0.0,"max_hp_gain":0.0,"max_hp_loss":0.0,"gold_gain":0.0,"event_name":"Shining Light","player_choice":"Entered Light","floor":4.0,"gold_loss":0.0,"damage_taken":16.0,"cards_upgraded":["Transmutation","Strike_R"]},{"damage_healed":0.0,"max_hp_gain":0.0,"max_hp_loss":0.0,"gold_gain":0.0,"event_name":"Accursed Blacksmith","player_choice":"Forge","floor":5.0,"gold_loss":0.0,"damage_taken":0.0,"cards_upgraded":["Discovery"]},{"damage_healed":0.0,"max_hp_gain":0.0,"max_hp_loss":0.0,"gold_gain":0.0,"event_name":"The Library","player_choice":"Read","floor":22.0,"gold_loss":0.0,"damage_taken":0.0,"cards_obtained":["Die Die Die"]},{"damage_healed":0.0,"max_hp_gain":0.0,"max_hp_loss":0.0,"gold_gain":0.0,"event_name":"Cursed Tome","player_choice":"Obtained Book","floor":28.0,"gold_loss":0.0,"damage_taken":16.0},{"damage_healed":0.0,"max_hp_gain":0.0,"max_hp_loss":0.0,"gold_gain":0.0,"event_name":"Vampires","player_choice":"Became a vampire (Vial)","floor":30.0,"relics_lost":["Blood Vial"],"gold_loss":0.0,"damage_taken":0.0,"cards_obtained":["Bite","Bite","Bite","Bite","Bite"]},{"damage_healed":0.0,"max_hp_gain":0.0,"max_hp_loss":0.0,"gold_gain":0.0,"event_name":"The Mausoleum","player_choice":"Opened","floor":31.0,"gold_loss":0.0,"damage_taken":0.0,"relics_obtained":["Shuriken"],"cards_obtained":["Writhe"]},{"damage_healed":0,"gold_gain":0,"player_choice":"Upgrade","damage_taken":0,"max_hp_gain":0,"max_hp_loss":0,"event_name":"Designer","floor":37,"gold_loss":40,"cards_upgraded":["Devotion"]},{"damage_healed":0,"gold_gain":0,"player_choice":"Memory 3","damage_taken":10,"max_hp_gain":0,"max_hp_loss":0,"event_name":"SensoryStone","floor":39,"gold_loss":0},{"damage_healed":20,"gold_gain":0,"player_choice":"Writhe","damage_taken":0,"max_hp_gain":0,"max_hp_loss":0,"event_name":"Winding Halls","floor":48,"gold_loss":0,"cards_obtained":["Writhe"]}],"is_beta":false,"boss_relics":[{"not_picked":["Mark of Pain","SlaversCollar"],"picked":"Sozu"},{"not_picked":["SacredBark","Velvet Choker"],"picked":"Calling Bell"}],"items_purged_floors":[36],"is_endless":false,"potions_floor_spawned":[12,13,18,21,29,33,40,42],"ascension_level":0}}