{"host":"7jl4uf745pjtflnx","time":1612123496,"event":{"mods":["BaseMod","BetterRewards","Hubris","Minty Spire (QoL Compilation)","Replay The Spire","StSLib","SuperFastMode","The Construct"],"gold_per_floor":[110,110,126,139,157,183,183,201,253,253,253,286,306,332,332,405,505,516,555,204,221,237,268,285,285,310,339,357,375,401,401,401,472,472,491,508,525,540,558,558,591,591,617,617,635,653,669,680,680,680,680,680,680,418,451,451],"floor_reached":57,"language":"ENG","playtime":2481,"items_purged":["Strike_B","Strike_B","Strike_B","Strike_B"],"score":3769,"play_id":"1009ce62-da7c-4d46-a10b-99284a698ed9","local_time":"20210131150456","is_ascension_mode":true,"campfire_choices":[{"data":"Defragment","floor":7,"key":"SMITH"},{"data":"Loop","floor":10,"key":"SMITH"},{"data":"Heatsinks","floor":15,"key":"SMITH"},{"data":"Capacitor","floor":25,"key":"SMITH"},{"data":"Echo Form","floor":32,"key":"SMITH"},{"floor":40,"key":"RECALL"},{"data":"Amplify","floor":42,"key":"SMITH"},{"floor":44,"key":"DIG"},{"data":"Loop","floor":49,"key":"SMITH"},{"data":"Storm","floor":53,"key":"SMITH"}],"circlet_count":0,"master_deck":["AscendersBane","Defend_B","Defend_B","Defend_B","Defend_B","Zap","Dualcast","Defragment+1","Coolheaded","Cold Snap","ReplayTheSpireMod:Omega Cannon","Coolheaded","Self Repair","Tempest","Capacitor+1","Loop+1","Coolheaded","Ball Lightning","Heatsinks+1","Cold Snap","Leap+1","Electrodynamics","Heatsinks+1","Crystallizer","Tempest","Loop+1","Consume","Conserve Battery+1","Echo Form+1","Sickly","Amplify+1","Hello World","Parasite","hubris:PowerSurge+1","Capacitor+1","Storm+1","Electrodynamics","Capacitor","Machine Learning+1"],"relics":["Cracked Core","ClockworkSouvenir","Pear","Bottled Flame","Blood Vial","Chemical X","Unceasing Top","FossilizedHelix","Anchor","hubris:Icosahedron","Pen Nib","Bag of Preparation","Blue Doll","Replay:Ringing Soul","Replay:Wanted Poster","Letter Opener","hubris:SoftwareUpdate","Replay:Bottled Steam","Replay:Baseball","Incense Burner","Ring of Panic","hubris:Backtick","Mummified Hand","Shovel","Toy Ornithopter","hubris:BottledRain","War Paint","Golden Egg"],"acts_visited":["Exordium","TheCity","TheBeyond","TheEnding"],"potions_floor_usage":[30,50],"damage_taken":[{"damage":0,"enemies":"Cultist","floor":1,"turns":2},{"damage":0,"enemies":"Jaw Worm","floor":3,"turns":4},{"damage":0,"enemies":"2 Louse","floor":4,"turns":1},{"damage":0,"enemies":"Exordium Thugs","floor":5,"turns":2},{"damage":31,"enemies":"Gremlin Nob","floor":6,"turns":5},{"damage":0,"enemies":"Blue Slaver","floor":8,"turns":3},{"damage":0,"enemies":"Replay:BlueRogue","floor":12,"turns":5},{"damage":0,"enemies":"2 Fungi Beasts","floor":13,"turns":1},{"damage":0,"enemies":"Lagavulin","floor":14,"turns":6},{"damage":9,"enemies":"The Guardian","floor":16,"turns":12},{"damage":0,"enemies":"3 Byrds","floor":18,"turns":3},{"damage":5,"enemies":"Chosen","floor":21,"turns":5},{"damage":0,"enemies":"3 Cultists","floor":22,"turns":1},{"damage":23,"enemies":"Replay:Snechameleon","floor":23,"turns":4},{"damage":0,"enemies":"Snecko","floor":24,"turns":4},{"damage":6,"enemies":"Book of Stabbing","floor":27,"turns":5},{"damage":7,"enemies":"Shelled Parasite and Fungi","floor":28,"turns":4},{"damage":13,"enemies":"3 Cultists","floor":29,"turns":3},{"damage":20,"enemies":"Slavers","floor":30,"turns":4},{"damage":14,"enemies":"Pondfish","floor":33,"turns":7},{"damage":0,"enemies":"Orb Walker","floor":35,"turns":4},{"damage":0,"enemies":"3 Darklings","floor":36,"turns":2},{"damage":9,"enemies":"Writhing Mass","floor":37,"turns":3},{"damage":0,"enemies":"Spire Growth","floor":38,"turns":5},{"damage":0,"enemies":"Transient","floor":39,"turns":6},{"damage":0,"enemies":"Reptomancer","floor":41,"turns":3},{"damage":0,"enemies":"Sphere and 2 Shapes","floor":45,"turns":1},{"damage":0,"enemies":"3 Darklings","floor":46,"turns":2},{"damage":0,"enemies":"Jaw Worm Horde","floor":47,"turns":1},{"damage":0,"enemies":"Spire Growth","floor":48,"turns":2},{"damage":52,"enemies":"Awakened One","floor":50,"turns":6},{"damage":0,"enemies":"hubris:GrandSnecko","floor":51,"turns":4},{"damage":0,"enemies":"Shield and Spear","floor":55,"turns":2},{"damage":64,"enemies":"The Heart","floor":56,"turns":7}],"seed_played":"-2611538683620953281","potions_obtained":[{"floor":3,"key":"GamblersBrew"},{"floor":6,"key":"Swift Potion"},{"floor":8,"key":"DuplicationPotion"},{"floor":16,"key":"Adrenaline Potion"},{"floor":37,"key":"AttackPotion"},{"floor":55,"key":"FearPotion"}],"is_trial":false,"path_per_floor":["M","?","M","M","M","E","R","M","T","R","?","E","M","E","R","B",null,"M","?","$","M","M","E","M","R","T","E","M","M","E","?","R","B",null,"M","M","M","M","M","R","E","R","T","R","M","M","M","M","R","B","B",null,"R","$","E","B",null],"character_chosen":"DEFECT","items_purchased":["Defragment","Coolheaded","Cold Snap","ClockworkSouvenir","Pear","ReplayTheSpireMod:Omega Cannon","Coolheaded","Bottled Flame","Blood Vial","Self Repair","Chemical X","Tempest","Capacitor","Unceasing Top","FossilizedHelix","Loop","Anchor","hubris:SoftwareUpdate","Crystallizer","Capacitor","War Paint"],"campfire_rested":0,"item_purchase_floors":[0,0,0,0,0,0,0,0,0,0,0,0,0,0,0,0,0,20,20,54,54],"current_hp_per_floor":[41,41,50,59,61,39,39,48,48,48,81,81,81,84,84,85,87,90,90,93,96,99,86,98,98,98,97,92,88,77,80,80,78,105,110,117,118,123,123,123,126,126,126,126,129,129,132,132,132,94,103,125,125,128,133,78],"gold":451,"neow_bonus":"","is_daily":false,"chose_seed":false,"campfire_upgraded":8,"win_rate":0.0,"timestamp":1612123496,"path_taken":["M","?","M","M","M","E","R","M","T","R","?","E","M","E","R","BOSS","M","?","?","M","M","E","M","R","T","E","M","M","E","?","R","BOSS","M","M","M","M","M","R","E","R","T","R","M","M","M","M","R","BOSS","BOSS","R","$","E","BOSS"],"items_purchased_type":["Card","Card","Card","Relic","Relic","Card","Card","Relic","Relic","Card","Relic","Card","Card","Relic","Relic","Card","Relic","Relic","Card","Card","Relic"],"build_version":"2020-12-22","purchased_purges":4,"victory":true,"max_hp_per_floor":[81,81,81,81,81,81,81,81,81,81,81,81,81,84,84,87,87,90,90,93,96,99,102,105,105,105,108,108,108,108,111,111,114,114,117,117,120,123,123,123,126,126,126,126,129,129,132,132,132,132,132,132,132,135,138,138],"card_choices":[{"not_picked":["Steam","Turbo"],"picked":"Coolheaded","floor":1},{"not_picked":["Turbo","Sweeping Beam"],"picked":"Ball Lightning","floor":3},{"not_picked":["Steam","Fusion"],"picked":"ReplayTheSpireMod:System Scan","floor":4},{"not_picked":["Leap","FTL","Time Bomb"],"picked":"SKIP","floor":5},{"not_picked":["Streamline","hubris:Prefetch","Beam Cell"],"picked":"SKIP","floor":6},{"not_picked":["Hologram","Rebound","Redo"],"picked":"SKIP","floor":8},{"not_picked":["Redo","Beam Cell"],"picked":"Heatsinks","floor":12},{"not_picked":["Fission","FIFO Queue"],"picked":"Cold Snap","floor":13},{"not_picked":["Streamline","All For One"],"picked":"Leap","floor":14},{"not_picked":["Buffer","Mirror Shield"],"picked":"Electrodynamics","floor":16},{"not_picked":["Ball Lightning","Darkness"],"picked":"Heatsinks+1","floor":18},{"not_picked":["Compile Driver+1","Double Energy"],"picked":"Tempest","floor":21},{"not_picked":["Genetic Algorithm","Barrage"],"picked":"Loop","floor":22},{"not_picked":["Auto Shields","Turbo"],"picked":"Consume","floor":23},{"not_picked":["Doom and Gloom","Sweeping Beam"],"picked":"Conserve Battery","floor":24},{"not_picked":["Mirror Shield","Redo"],"picked":"Echo Form","floor":27},{"not_picked":["Hello World","Panic Button","Cold Snap"],"picked":"SKIP","floor":28},{"not_picked":["Rip and Tear","Turbo","Steam Power"],"picked":"SKIP","floor":29},{"not_picked":["Force Field","Heatsinks","Redo"],"picked":"SKIP","floor":30},{"not_picked":["Thunder Strike","Meteor Strike"],"picked":"Amplify","floor":33},{"not_picked":["Sunder","Hologram"],"picked":"Hello World","floor":35},{"not_picked":["Panic Button+1","Steam","FTL+1"],"picked":"SKIP","floor":36},{"not_picked":["Crystallizer","Turbo+1","Redo"],"picked":"SKIP","floor":37},{"not_picked":["BasicCrystalCard","Turbo"],"picked":"hubris:PowerSurge+1","floor":38},{"not_picked":["ReplaySolidLightProjector","Go for the Eyes+1","Coolheaded"],"picked":"SKIP","floor":39},{"not_picked":["Consume","Conserve Battery+1"],"picked":"Capacitor+1","floor":41},{"not_picked":["Consume","Rip and Tear"],"picked":"Storm","floor":45},{"not_picked":["Turbo+1","Sunder+1","Leap"],"picked":"SKIP","floor":46},{"not_picked":["ReplaySort","Gash+1"],"picked":"Electrodynamics","floor":47},{"not_picked":["Conserve Battery","Compile Driver","Hologram"],"picked":"SKIP","floor":48},{"not_picked":["Ball Lightning+1","Loop"],"picked":"Machine Learning","floor":55}],"player_experience":748709,"relics_obtained":[{"floor":6,"key":"Pen Nib"},{"floor":9,"key":"Bag of Preparation"},{"floor":12,"key":"Blue Doll"},{"floor":14,"key":"Replay:Ringing Soul"},{"floor":19,"key":"Letter Opener"},{"floor":23,"key":"Replay:Bottled Steam"},{"floor":27,"key":"Replay:Baseball"},{"floor":30,"key":"Incense Burner"},{"floor":31,"key":"Ring of Panic"},{"floor":41,"key":"Shovel"},{"floor":43,"key":"Toy Ornithopter"},{"floor":44,"key":"hubris:BottledRain"},{"floor":55,"key":"Golden Egg"}],"event_choices":[{"cards_removed":["ReplayTheSpireMod:System Scan"],"damage_healed":33,"gold_gain":0,"player_choice":"Offered Uncommon","damage_taken":0,"max_hp_gain":0,"max_hp_loss":0,"event_name":"Bonfire Elementals","floor":11,"gold_loss":0}],"is_beta":false,"boss_relics":[{"not_picked":["Painkiller Herb","Ectoplasm"],"picked":"Replay:Wanted Poster"},{"not_picked":["Abe\u0027s Treasure","Sozu"],"picked":"hubris:Backtick"}],"items_purged_floors":[0,0,0,0],"is_endless":false,"potions_floor_spawned":[3,6,8,12,16,22,23,27,28,29,30,37,39,41,45,55],"ascension_level":20}}