{"host":"15dd7v8o90xso62x","time":1612088006,"event":{"mods":["BaseMod","Minty Spire (QoL Compilation)","Quick Restart","StSLib","SuperFastMode"],"gold_per_floor":[113,123,123,133,147,147,163,176,199,226,226,236,255,287,287,362,362,373,46,46,46],"floor_reached":20,"language":"KOR","playtime":606,"items_purged":[],"score":376,"play_id":"6075ec60-abd4-425f-b777-5fcacf0ccc9e","local_time":"20210131191326","is_ascension_mode":true,"campfire_choices":[{"data":"Glass Knife","floor":6.0,"key":"SMITH"},{"data":"Envenom","floor":11.0,"key":"SMITH"},{"data":"Malaise","floor":15,"key":"SMITH"}],"circlet_count":0,"master_deck":["AscendersBane","Strike_G","Strike_G","Strike_G","Strike_G","Strike_G","Defend_G","Defend_G","Defend_G","Defend_G","Defend_G","Survivor","Neutralize","Dagger Throw","Footwork","Malaise+1","Riddle With Holes","Glass Knife+1","Backstab","Envenom+1","Masterful Stab","Catalyst","Corpse Explosion","PiercingWail"],"relics":["Ring of the Snake","NeowsBlessing","Dream Catcher","Ornamental Fan","Nunchaku","HoveringKite","Calipers"],"acts_visited":["Exordium","TheCity"],"potions_floor_usage":[14],"damage_taken":[{"damage":0.0,"enemies":"Cultist","floor":1.0,"turns":1.0},{"damage":0.0,"enemies":"Jaw Worm","floor":2.0,"turns":1.0},{"damage":0.0,"enemies":"2 Louse","floor":4.0,"turns":1.0},{"damage":12.0,"enemies":"Looter","floor":5.0,"turns":3.0},{"damage":4.0,"enemies":"Gremlin Gang","floor":7.0,"turns":5.0},{"damage":7.0,"enemies":"Large Slime","floor":8.0,"turns":5.0},{"damage":1.0,"enemies":"Lagavulin","floor":10.0,"turns":5.0},{"damage":0.0,"enemies":"2 Fungi Beasts","floor":12.0,"turns":2.0},{"damage":5.0,"enemies":"Blue Slaver","floor":13.0,"turns":3.0},{"damage":3,"enemies":"3 Sentries","floor":14,"turns":5},{"damage":10,"enemies":"Hexaghost","floor":16,"turns":9},{"damage":24,"enemies":"Shell Parasite","floor":18,"turns":3},{"damage":28,"enemies":"Spheric Guardian","floor":20,"turns":4}],"seed_played":"5248938572460812781","potions_obtained":[{"floor":2.0,"key":"ColorlessPotion"},{"floor":7.0,"key":"Fire Potion"},{"floor":10.0,"key":"SpeedPotion"},{"floor":12.0,"key":"SmokeBomb"},{"floor":13.0,"key":"AttackPotion"}],"is_trial":false,"path_per_floor":["M","M","?","M","M","R","M","M","T","E","R","M","M","E","R","B",null,"M","$","M"],"character_chosen":"THE_SILENT","items_purchased":["Calipers"],"campfire_rested":0,"item_purchase_floors":[19],"current_hp_per_floor":[59,59,59,59,47,47,43,36,36,35,35,35,30,27,27,17,54,30,30,2,2],"gold":46,"neow_bonus":"THREE_ENEMY_KILL","is_daily":false,"chose_seed":false,"campfire_upgraded":3,"win_rate":0.0,"timestamp":1612088006,"path_taken":["M","?","?","?","M","R","M","?","T","E","R","M","M","E","R","BOSS","M","$","M"],"items_purchased_type":["Relic"],"build_version":"2020-12-22","purchased_purges":0,"victory":false,"max_hp_per_floor":[66,66,66,66,66,66,66,66,66,66,66,66,66,66,66,66,66,66,66,66,66],"card_choices":[{"not_picked":["Flying Knee","Prepared"],"picked":"Dagger Throw","floor":1.0},{"not_picked":["Dash","All Out Attack"],"picked":"Footwork","floor":2.0},{"not_picked":["Quick Slash","Flying Knee"],"picked":"Glass Knife","floor":4.0},{"not_picked":["Bane","Blade Dance"],"picked":"Backstab","floor":5.0},{"not_picked":["Sucker Punch","Catalyst","Infinite Blades"],"picked":"SKIP","floor":7.0},{"not_picked":["Deadly Poison","Dodge and Roll","Sucker Punch"],"picked":"SKIP","floor":8.0},{"not_picked":["Dagger Throw","Quick Slash"],"picked":"Envenom","floor":10.0},{"not_picked":["Cloak And Dagger","Acrobatics"],"picked":"Masterful Stab","floor":12.0},{"not_picked":["Deadly Poison","Slice","Underhanded Strike"],"picked":"SKIP","floor":13.0},{"not_picked":["Flying Knee","Dodge and Roll"],"picked":"Catalyst","floor":14},{"not_picked":["Phantasmal Killer","Doppelganger"],"picked":"Corpse Explosion","floor":16},{"not_picked":["Infinite Blades","Deflect"],"picked":"PiercingWail","floor":18}],"player_experience":913109,"relics_obtained":[{"floor":9.0,"key":"Dream Catcher"},{"floor":10.0,"key":"Ornamental Fan"},{"floor":14,"key":"Nunchaku"}],"event_choices":[{"damage_healed":0.0,"max_hp_gain":0.0,"max_hp_loss":0.0,"gold_gain":0.0,"event_name":"Match and Keep!","player_choice":"2 cards matched","floor":3.0,"gold_loss":0.0,"damage_taken":0.0,"cards_obtained":["Malaise","Riddle With Holes"]}],"is_beta":false,"boss_relics":[{"not_picked":["Black Star","Runic Pyramid"],"picked":"HoveringKite"}],"items_purged_floors":[],"is_endless":false,"potions_floor_spawned":[2,7,8,10,12,13],"killed_by":"Spheric Guardian","ascension_level":20}}