{"host":"c97twqu0op5dg8i4","time":1612086359,"event":{"mods":["AchievementEnabler","BaseMod","Colored Map","Minty Spire (QoL Compilation)","Permanent Neow"],"gold_per_floor":[116,116,116,128,53,53,84,84,98,98,110,110,2,17,29,29,129,129,143,143,154,0,13,13,32,32,32,51,51,79,79,91,91,195,195,211,261,261,278,278,278],"floor_reached":42,"language":"ENG","playtime":1924,"items_purged":["Strike_P"],"score":842,"play_id":"ccb67831-d2e2-4e16-96d8-79b6f3e3dfc2","local_time":"20210131044559","is_ascension_mode":true,"campfire_choices":[{"data":"Eruption","floor":6.0,"key":"SMITH"},{"data":"BattleHymn","floor":8.0,"key":"SMITH"},{"data":"ReachHeaven","floor":12.0,"key":"SMITH"},{"data":"TalkToTheHand","floor":16.0,"key":"SMITH"},{"data":"DevaForm","floor":24.0,"key":"SMITH"},{"data":"LikeWater","floor":26.0,"key":"SMITH"},{"floor":31.0,"key":"REST"},{"floor":33.0,"key":"REST"}],"circlet_count":0,"master_deck":["Eruption+1","Vigilance","ReachHeaven+1","BattleHymn+1","DeceiveReality","LikeWater","Protect","TalkToTheHand+1","DevaForm+1","LikeWater+1","TalkToTheHand","Wish","MasterReality","ThirdEye","Halt","Blasphemy","TalkToTheHand","TalkToTheHand","MentalFortress"],"relics":["HolyWater","Dead Branch","FaceOfCleric","Ornamental Fan","Bronze Scales","Oddly Smooth Stone","Eternal Feather","Incense Burner","Pandora\u0027s Box","StoneCalendar"],"acts_visited":["Exordium","TheCity","TheBeyond"],"potions_floor_usage":[34,34,41],"damage_taken":[{"damage":2.0,"enemies":"Small Slimes","floor":1.0,"turns":3.0},{"damage":0.0,"enemies":"Cultist","floor":4.0,"turns":2.0},{"damage":33.0,"enemies":"Lagavulin","floor":7.0,"turns":4.0},{"damage":2.0,"enemies":"Jaw Worm","floor":9.0,"turns":3.0},{"damage":0.0,"enemies":"2 Fungi Beasts","floor":11.0,"turns":3.0},{"damage":0.0,"enemies":"Large Slime","floor":14.0,"turns":3.0},{"damage":0.0,"enemies":"Red Slaver","floor":15.0,"turns":4.0},{"damage":22.0,"enemies":"The Guardian","floor":17.0,"turns":5.0},{"damage":0.0,"enemies":"3 Byrds","floor":19.0,"turns":3.0},{"damage":8.0,"enemies":"Shell Parasite","floor":21.0,"turns":3.0},{"damage":2.0,"enemies":"Snecko","floor":23.0,"turns":3.0},{"damage":0.0,"enemies":"Snake Plant","floor":25.0,"turns":3.0},{"damage":8.0,"enemies":"3 Cultists","floor":28.0,"turns":5.0},{"damage":30.0,"enemies":"Book of Stabbing","floor":30.0,"turns":6.0},{"damage":28.0,"enemies":"Shelled Parasite and Fungi","floor":32.0,"turns":7.0},{"damage":9,"enemies":"Collector","floor":34,"turns":8},{"damage":0,"enemies":"Orb Walker","floor":36,"turns":3},{"damage":17,"enemies":"Mind Bloom Boss Battle","floor":37,"turns":5},{"damage":52,"enemies":"3 Shapes","floor":39,"turns":4},{"damage":50,"enemies":"Awakened One","floor":41,"turns":9}],"seed_played":"25871147459929234","potions_obtained":[{"floor":7.0,"key":"SpeedPotion"},{"floor":9.0,"key":"SkillPotion"},{"floor":11.0,"key":"Block Potion"},{"floor":19.0,"key":"BlessingOfTheForge"},{"floor":25.0,"key":"LiquidBronze"},{"floor":30.0,"key":"AttackPotion"},{"floor":39,"key":"Block Potion"}],"is_trial":false,"path_per_floor":["M","?","?","M","$","R","E","R","M","T","M","R","$","M","M","R","B",null,"M","?","M","$","M","R","M","R","T","M","$","E","R","M","R","B",null,"M","?","?","M","?","B",null],"character_chosen":"WATCHER","items_purchased":["DeceiveReality","LikeWater","Oddly Smooth Stone"],"campfire_rested":2,"item_purchase_floors":[13,13,22],"current_hp_per_floor":[63,63,63,64,64,64,32,32,31,31,32,32,32,33,34,34,13,57,58,58,51,51,50,50,51,51,51,44,44,15,47,20,52,44,71,72,56,56,55,55,6],"gold":278,"neow_bonus":"ONE_RARE_RELIC","is_daily":false,"chose_seed":false,"campfire_upgraded":6,"win_rate":0.0,"timestamp":1612086359,"path_taken":["M","?","?","?","?","R","E","R","M","T","M","R","?","?","M","R","BOSS","M","?","M","$","?","R","M","R","T","M","?","E","R","M","R","BOSS","M","?","?","M","?","BOSS"],"items_purchased_type":["Card","Card","Relic"],"build_version":"2020-12-22","purchased_purges":1,"victory":true,"max_hp_per_floor":[65,65,65,66,66,66,67,67,68,68,69,69,69,70,71,71,72,72,73,73,74,74,75,75,76,76,76,77,77,78,78,79,79,80,80,81,82,82,83,83,84],"card_choices":[{"not_picked":["FollowUp","CutThroughFate"],"picked":"ReachHeaven","floor":1.0},{"not_picked":["ThirdEye","Vengeance"],"picked":"BattleHymn","floor":4.0},{"not_picked":["FlyingSleeves","Adaptation","Prostrate"],"picked":"SKIP","floor":7.0},{"not_picked":["Evaluate","FollowUp","FlurryOfBlows"],"picked":"SKIP","floor":9.0},{"not_picked":["Prostrate","CrushJoints","CutThroughFate"],"picked":"SKIP","floor":11.0},{"not_picked":["CrushJoints","MentalFortress"],"picked":"Protect","floor":14.0},{"not_picked":["SashWhip","ClearTheMind"],"picked":"TalkToTheHand","floor":15.0},{"not_picked":["Ragnarok","ConjureBlade"],"picked":"DevaForm","floor":17.0},{"not_picked":["FollowUp","Vengeance"],"picked":"LikeWater","floor":19.0},{"not_picked":["Halt+1","Wireheading"],"picked":"TalkToTheHand","floor":21.0},{"not_picked":["DeceiveReality","Halt","Worship+1"],"picked":"SKIP","floor":23.0},{"not_picked":["JustLucky+1","Protect","ThirdEye"],"picked":"SKIP","floor":25.0},{"not_picked":["WheelKick","SashWhip","CutThroughFate"],"picked":"SKIP","floor":28.0},{"not_picked":["BowlingBash","Swivel+1"],"picked":"Wish","floor":30.0},{"not_picked":["DeceiveReality","Sanctity","CrushJoints"],"picked":"SKIP","floor":32.0},{"not_picked":["JustLucky","SashWhip"],"picked":"MentalFortress","floor":36},{"not_picked":["FlyingSleeves","Indignation+1","ClearTheMind"],"picked":"SKIP","floor":39}],"player_experience":331755,"relics_obtained":[{"floor":7.0,"key":"Ornamental Fan"},{"floor":10.0,"key":"Bronze Scales"},{"floor":27.0,"key":"Eternal Feather"},{"floor":30.0,"key":"Incense Burner"},{"floor":37,"key":"StoneCalendar"}],"event_choices":[{"damage_healed":0.0,"max_hp_gain":0.0,"max_hp_loss":0.0,"gold_gain":0.0,"event_name":"The Cleric","player_choice":"Leave","floor":2.0,"gold_loss":0.0,"damage_taken":0.0},{"damage_healed":0.0,"max_hp_gain":0.0,"max_hp_loss":0.0,"gold_gain":0.0,"event_name":"FaceTrader","player_choice":"Trade","floor":3.0,"gold_loss":0.0,"damage_taken":0.0,"relics_obtained":["FaceOfCleric"]},{"damage_healed":0.0,"max_hp_gain":0.0,"max_hp_loss":0.0,"gold_gain":0.0,"event_name":"The Woman in Blue","player_choice":"Bought 0 Potions","floor":20.0,"gold_loss":0.0,"damage_taken":0.0},{"damage_healed":0,"gold_gain":0,"player_choice":"Fight","damage_taken":0,"max_hp_gain":0,"max_hp_loss":0,"event_name":"MindBloom","floor":37,"gold_loss":0},{"cards_removed":["CrushJoints"],"damage_healed":0,"gold_gain":0,"player_choice":"Removed Attack","damage_taken":0,"max_hp_gain":0,"max_hp_loss":0,"event_name":"Falling","floor":38,"gold_loss":0},{"damage_healed":0,"gold_gain":0,"player_choice":"Took Portal","damage_taken":0,"max_hp_gain":0,"max_hp_loss":0,"event_name":"SecretPortal","floor":40,"gold_loss":0}],"is_beta":false,"boss_relics":[{"not_picked":["Philosopher\u0027s Stone","Velvet Choker"],"picked":"HolyWater"},{"not_picked":["VioletLotus","Fusion Hammer"],"picked":"Pandora\u0027s Box"}],"items_purged_floors":[5],"is_endless":false,"potions_floor_spawned":[7,9,11,19,25,30,39],"ascension_level":7}}