{"host":"6q94iy5iz6612v89","time":1612110583,"event":{"mods":["2.2 Compatiblity","AchievementEnabler","BaseMod","Colored Map","DeckTracker","Keyboard Shortcuts","Minty Spire (QoL Compilation)","Permanent Neow","StSLib","SuperFastMode"],"gold_per_floor":[415,433,449,464,389,389,422,438,438,456,456,456,489,504,504,504,504],"floor_reached":16,"language":"KOR","playtime":385,"items_purged":["Strike_R"],"score":228,"play_id":"0afdc0c8-584b-4b64-9acb-6ec8095aedfd","local_time":"20210201012943","is_ascension_mode":true,"campfire_choices":[{"data":"Cleave","floor":6,"key":"SMITH"},{"data":"Twin Strike","floor":11,"key":"SMITH"},{"data":"Flame Barrier","floor":15,"key":"SMITH"}],"circlet_count":0,"master_deck":["AscendersBane","Strike_R","Strike_R","Strike_R","Strike_R","Defend_R","Defend_R","Defend_R","Defend_R","Bash","Clothesline","Cleave+1","Pommel Strike","Flame Barrier+1","Twin Strike+1","Seeing Red","Battle Trance"],"relics":["Burning Blood","Old Coin","Potion Belt","Smiling Mask"],"acts_visited":["Exordium"],"potions_floor_usage":[7,7,8],"damage_taken":[{"damage":16,"enemies":"Jaw Worm","floor":1,"turns":7},{"damage":0,"enemies":"Cultist","floor":2,"turns":3},{"damage":8,"enemies":"Small Slimes","floor":3,"turns":3},{"damage":5,"enemies":"2 Fungi Beasts","floor":4,"turns":3},{"damage":35,"enemies":"Lagavulin","floor":7,"turns":4},{"damage":0,"enemies":"Exordium Thugs","floor":8,"turns":4},{"damage":15,"enemies":"Large Slime","floor":10,"turns":7},{"damage":23,"enemies":"3 Sentries","floor":13,"turns":8},{"damage":1,"enemies":"Blue Slaver","floor":14,"turns":4},{"damage":15,"enemies":"The Guardian","floor":16,"turns":7}],"seed_played":"2497967821513673129","potions_obtained":[{"floor":3,"key":"Regen Potion"},{"floor":4,"key":"FearPotion"},{"floor":7,"key":"Block Potion"},{"floor":8,"key":"Dexterity Potion"},{"floor":10,"key":"GamblersBrew"},{"floor":13,"key":"Swift Potion"}],"is_trial":false,"path_per_floor":["M","M","M","M","$","R","E","M","T","M","R","?","E","M","R","B"],"character_chosen":"IRONCLAD","items_purchased":[],"campfire_rested":0,"item_purchase_floors":[],"current_hp_per_floor":[58,64,62,63,63,63,43,49,49,40,40,40,23,28,28,13,13],"gold":504,"neow_bonus":"ONE_RARE_RELIC","is_daily":false,"chose_seed":false,"campfire_upgraded":3,"win_rate":0.0,"timestamp":1612110583,"path_taken":["M","M","M","M","$","R","E","M","T","M","R","?","E","M","R","BOSS"],"items_purchased_type":[],"build_version":"2020-12-22","purchased_purges":1,"victory":false,"max_hp_per_floor":[68,68,68,68,68,68,68,68,68,68,68,68,68,68,68,68,68],"card_choices":[{"not_picked":["Flex","Thunderclap"],"picked":"Clothesline","floor":1},{"not_picked":["Shrug It Off","Pummel"],"picked":"Cleave","floor":2},{"not_picked":["Sever Soul","Spot Weakness","Dual Wield"],"picked":"SKIP","floor":3},{"not_picked":["Flex","Second Wind"],"picked":"Pommel Strike","floor":4},{"not_picked":["Rampage","Wild Strike"],"picked":"Flame Barrier","floor":7},{"not_picked":["Warcry","Entrench"],"picked":"Twin Strike","floor":8},{"not_picked":["Pommel Strike","Intimidate"],"picked":"Seeing Red","floor":10},{"not_picked":["Reckless Charge","Sword Boomerang","Ghostly Armor"],"picked":"SKIP","floor":13},{"not_picked":["Whirlwind","Hemokinesis","Flame Barrier"],"picked":"SKIP","floor":14}],"player_experience":1448126,"relics_obtained":[{"floor":7,"key":"Potion Belt"},{"floor":13,"key":"Smiling Mask"}],"event_choices":[{"damage_healed":0,"gold_gain":0,"player_choice":"1 cards matched","damage_taken":0,"max_hp_gain":0,"max_hp_loss":0,"event_name":"Match and Keep!","floor":12,"gold_loss":0,"cards_obtained":["Battle Trance"]}],"is_beta":false,"boss_relics":[],"items_purged_floors":[5],"is_endless":false,"potions_floor_spawned":[3,4,7,8,10,13],"killed_by":"The Guardian","ascension_level":20}}