{"host":"8i4doyxqctgl5qb0","time":1612106941,"event":{"mods":["AchievementEnabler","BaseMod","Block Reminder","Colored Powertips","Downfall","Minty Spire (QoL Compilation)","Permanent Neow","Potion Indicator Mod","Rare Cards Sparkle","StSLib","SuperFastMode","The Jungle"],"gold_per_floor":[216,291,16,16,116,116,134,164,164,183,201,201,214,214,214,314,314,328,328,328,328,328],"floor_reached":21,"language":"ZHS","playtime":483,"items_purged":["Strike_G"],"score":248,"play_id":"1f10c65c-d51e-4953-86f5-820946b1d776","local_time":"20210131232901","is_ascension_mode":true,"campfire_choices":[{"data":"Neutralize","floor":6.0,"key":"SMITH"},{"floor":12.0,"key":"REST"},{"floor":15.0,"key":"REST"}],"circlet_count":0,"master_deck":["Strike_G","Strike_G+1","Strike_G","Strike_G+1","Defend_G","Defend_G","Defend_G","Defend_G","Survivor","Neutralize+1","Well Laid Plans+1","Dagger Spray","Flechettes","Backflip+1","Cloak And Dagger","Burst","Poisoned Stab","Skewer","Wraith Form v2","Crippling Poison+1","Decay","J.A.X."],"relics":["Ring of the Snake","Toy Ornithopter","Whetstone","Shuriken"],"acts_visited":["Exordium","TheCity"],"potions_floor_usage":[],"damage_taken":[{"damage":0.0,"enemies":"Small Slimes","floor":1.0,"turns":3.0},{"damage":3.0,"enemies":"2 Louse","floor":7.0,"turns":2.0},{"damage":24.0,"enemies":"Gremlin Nob","floor":8.0,"turns":5.0},{"damage":0.0,"enemies":"Cultist","floor":10.0,"turns":3.0},{"damage":4.0,"enemies":"Blue Slaver","floor":11.0,"turns":3.0},{"damage":6.0,"enemies":"3 Louse","floor":13.0,"turns":3.0},{"damage":45.0,"enemies":"Slime Boss","floor":16.0,"turns":9.0},{"damage":33,"enemies":"Shell Parasite","floor":18,"turns":7},{"damage":20,"enemies":"3 Byrds","floor":21,"turns":4}],"seed_played":"9148152452246788749","potions_obtained":[{"floor":1.0,"key":"LiquidMemories"},{"floor":7.0,"key":"BlessingOfTheForge"}],"is_trial":false,"path_per_floor":["M","?","$","?","?","R","M","E","T","M","M","R","M","?","R","B",null,"M","?","?","M"],"character_chosen":"THE_SILENT","items_purchased":["Toy Ornithopter","Dagger Spray"],"campfire_rested":2,"item_purchase_floors":[3,3],"current_hp_per_floor":[63,52,52,52,52,52,49,30,30,30,26,47,41,27,48,3,53,20,20,20,0,0],"gold":328,"neow_bonus":"HUNDRED_GOLD","is_daily":false,"chose_seed":false,"campfire_upgraded":1,"win_rate":0.0,"timestamp":1612106941,"path_taken":["M","?","$","?","?","R","M","E","T","?","M","R","M","?","R","BOSS","M","?","?","M"],"items_purchased_type":["Relic","Card"],"build_version":"2020-12-22","purchased_purges":1,"victory":false,"max_hp_per_floor":[70,70,70,70,70,70,70,70,70,70,70,70,70,70,70,70,70,70,70,70,70,70],"card_choices":[{"not_picked":["Outmaneuver","Dagger Throw"],"picked":"Well Laid Plans","floor":1.0},{"not_picked":["Quick Slash","Dagger Throw"],"picked":"Backflip","floor":7.0},{"not_picked":["Predator","Outmaneuver"],"picked":"Cloak And Dagger","floor":8.0},{"not_picked":["Cloak And Dagger","Dagger Throw"],"picked":"Burst","floor":10.0},{"not_picked":["Tactician","Leg Sweep"],"picked":"Poisoned Stab","floor":11.0},{"not_picked":["Reflex","Setup"],"picked":"Skewer","floor":13.0},{"not_picked":["Grand Finale","Doppelganger"],"picked":"Wraith Form v2","floor":16.0},{"not_picked":["Acrobatics","Blade Dance"],"picked":"Crippling Poison+1","floor":18}],"player_experience":259394,"relics_obtained":[{"floor":8.0,"key":"Whetstone"},{"floor":9.0,"key":"Shuriken"}],"event_choices":[{"damage_healed":0.0,"max_hp_gain":0.0,"max_hp_loss":0.0,"gold_gain":75.0,"event_name":"World of Goop","player_choice":"Gather Gold","floor":2.0,"gold_loss":0.0,"damage_taken":11.0},{"damage_healed":0.0,"max_hp_gain":0.0,"max_hp_loss":0.0,"gold_gain":0.0,"cards_transformed":["Defend_G"],"event_name":"Living Wall","player_choice":"Change","floor":4.0,"gold_loss":0.0,"damage_taken":0.0,"cards_obtained":["Flechettes"]},{"damage_healed":0.0,"max_hp_gain":0.0,"max_hp_loss":0.0,"gold_gain":100.0,"event_name":"Golden Shrine","player_choice":"Pray","floor":5.0,"gold_loss":0.0,"damage_taken":0.0},{"damage_healed":0.0,"max_hp_gain":0.0,"max_hp_loss":0.0,"gold_gain":0.0,"event_name":"Shining Light","player_choice":"Entered Light","floor":14.0,"gold_loss":0.0,"damage_taken":14.0,"cards_upgraded":["Well Laid Plans","Backflip"]},{"damage_healed":0,"gold_gain":0,"player_choice":"Smashed Altar","damage_taken":0,"max_hp_gain":0,"max_hp_loss":0,"event_name":"Forgotten Altar","floor":19,"gold_loss":0,"cards_obtained":["Decay"]},{"damage_healed":0,"gold_gain":0,"player_choice":"Obtain J.A.X.","damage_taken":0,"max_hp_gain":0,"max_hp_loss":0,"event_name":"Drug Dealer","floor":20,"gold_loss":0,"cards_obtained":["J.A.X."]}],"is_beta":false,"boss_relics":[{"not_picked":["Velvet Choker","Fusion Hammer","Coffee Dripper"]}],"items_purged_floors":[3],"is_endless":false,"potions_floor_spawned":[1,7],"killed_by":"3 Byrds","ascension_level":8}}