{"host":"15f3wpiimhe5yrng","time":1612057698,"event":{"mods":["BaseMod","Better Altar","Better Match","Better Note","Better Sensory Stone","Better Skull","Better Third Choice","Colored Map","Downfall","GifTheSpireLib","Good Game Mod","Minty Spire (QoL Compilation)","Permanent Neow","StSLib"],"gold_per_floor":[119,20,30,30,45,78,78,113,113,113,141,156,156,169,169,270,270,280,280,280,296,308,341,359,375,375,407,407,424,424,452,452,554,554,567,567,567,577,280,280,297,297,297,324,324,340,390,422,422,422,422,422,8,37,37,37],"floor_reached":55,"language":"ENG","playtime":4016,"items_purged":["Clumsy","Defend_P","Strike_P"],"score":955,"play_id":"ccaa2925-c341-46b0-817e-bd2159ad539e","local_time":"20210131024818","is_ascension_mode":false,"campfire_choices":[{"data":"Crescendo","floor":13,"key":"SMITH"},{"data":"Halt","floor":15,"key":"SMITH"},{"data":"MentalFortress","floor":30,"key":"SMITH"},{"floor":32,"key":"REST"},{"floor":40,"key":"RECALL"},{"floor":42,"key":"REST"},{"floor":45,"key":"REST"},{"data":"Adaptation","floor":49,"key":"SMITH"},{"data":"Crescendo","floor":52,"key":"SMITH"}],"circlet_count":0,"master_deck":["Strike_P+1","Defend_P+1","Eruption","Vigilance","sneckomod:UnknownBoss+1","Crescendo+1","WheelKick+1","EmptyBody+1","Crescendo+1","SashWhip+1","FollowUp+1","Halt+1","ClearTheMind","CarveReality+1","DeusExMachina","Judgement","WindmillStrike+1","Conclude+1","Indignation","LessonLearned+1","FlurryOfBlows","MentalFortress+1","TalkToTheHand+1","CarveReality+1","ClearTheMind","FlurryOfBlows","Vengeance","EmptyBody+1","Adaptation+1","CrushJoints","EmptyMind+1","SpiritShield+1","ForeignInfluence+1","ClearTheMind+1","Panacea+1","Blind+1","ForeignInfluence+1","Halt+1","LessonLearned","Adaptation+1","Collect+1","Wallop+1","Study+1","TalkToTheHand"],"relics":["HolyWater","REME:ComplimentaryCards","Prayer Wheel","Juzu Bracelet","Incense Burner","Kunai","Omamori","Thread and Needle","Vajra","TeardropLocket","Matryoshka","Toxic Egg 2","Empty Cage","PreservedInsect","Akabeko","Question Card","Turnip","FossilizedHelix","Pen Nib","Toy Ornithopter"],"acts_visited":["Exordium","TheCity","TheBeyond","TheEnding"],"potions_floor_usage":[16,23,27,31,31,50,50,50,55],"damage_taken":[{"damage":0,"enemies":"Cultist","floor":1,"turns":3},{"damage":0,"enemies":"Jaw Worm","floor":3,"turns":2},{"damage":0,"enemies":"Small Slimes","floor":5,"turns":3},{"damage":0,"enemies":"Gremlin Nob","floor":6,"turns":3},{"damage":12,"enemies":"3 Sentries","floor":8,"turns":4},{"damage":0,"enemies":"Gremlin Nob","floor":11,"turns":3},{"damage":13,"enemies":"Gremlin Gang","floor":12,"turns":5},{"damage":2,"enemies":"Looter","floor":14,"turns":3},{"damage":26,"enemies":"The Guardian","floor":16,"turns":6},{"damage":2,"enemies":"Spheric Guardian","floor":18,"turns":4},{"damage":0,"enemies":"Chosen","floor":21,"turns":2},{"damage":11,"enemies":"Centurion and Healer","floor":22,"turns":4},{"damage":17,"enemies":"Gremlin Leader","floor":23,"turns":8},{"damage":0,"enemies":"Shelled Parasite and Fungi","floor":24,"turns":2},{"damage":8,"enemies":"Snake Plant","floor":25,"turns":5},{"damage":8,"enemies":"Book of Stabbing","floor":27,"turns":5},{"damage":0,"enemies":"Cultist and Chosen","floor":29,"turns":3},{"damage":21,"enemies":"Slavers","floor":31,"turns":3},{"damage":0,"enemies":"Collector","floor":33,"turns":4},{"damage":34,"enemies":"3 Darklings","floor":35,"turns":3},{"damage":0,"enemies":"3 Shapes","floor":38,"turns":4},{"damage":20,"enemies":"Writhing Mass","floor":41,"turns":5},{"damage":19,"enemies":"Giant Head","floor":44,"turns":5},{"damage":0,"enemies":"Sphere and 2 Shapes","floor":46,"turns":4},{"damage":0,"enemies":"Mind Bloom Boss Battle","floor":47,"turns":2},{"damage":0,"enemies":"Reptomancer","floor":48,"turns":6},{"damage":50,"enemies":"Time Eater","floor":50,"turns":18},{"damage":0,"enemies":"Shield and Spear","floor":54,"turns":3},{"damage":99,"enemies":"The Heart","floor":55,"turns":3}],"seed_played":"-3839997969102719746","potions_obtained":[{"floor":1,"key":"SteroidPotion"},{"floor":6,"key":"Energy Potion"},{"floor":12,"key":"Strength Potion"},{"floor":18,"key":"Dexterity Potion"},{"floor":23,"key":"StancePotion"},{"floor":24,"key":"LiquidMemories"},{"floor":44,"key":"BottledMiracle"},{"floor":46,"key":"LiquidMemories"},{"floor":47,"key":"Slimebound:ThreeZeroPotion"},{"floor":48,"key":"DuplicationPotion"}],"is_trial":false,"path_per_floor":["M","$","M","?","M","E","?","E","T","?","E","M","R","M","R","B",null,"M","?","?","M","M","E","M","M","T","E","?","M","R","E","R","B",null,"M","?","?","M","$","R","M","R","T","E","R","M","?","E","R","B",null,"R","$","E","B"],"character_chosen":"WATCHER","items_purchased":["EmptyBody","PreservedInsect","Halt+1","CultistPotion","BottledMiracle","Pen Nib"],"campfire_rested":3,"item_purchase_floors":[2,39,39,53,53,53],"current_hp_per_floor":[72,72,72,72,72,72,58,46,46,46,46,33,33,31,31,5,72,70,70,70,70,59,42,42,34,34,26,26,26,26,5,26,26,72,38,38,38,38,38,38,18,39,39,20,41,41,41,41,41,1,72,72,72,72,0,0],"gold":37,"neow_bonus":"ONE_RARE_RELIC","is_daily":false,"chose_seed":false,"campfire_upgraded":5,"win_rate":0.0,"timestamp":1612057698,"path_taken":["M","$","M","?","?","E","?","E","T","?","E","M","R","M","R","BOSS","M","?","?","M","M","E","M","M","T","E","?","M","R","E","R","BOSS","M","?","?","M","$","R","M","R","T","E","R","M","?","E","R","BOSS","R","$","E","BOSS"],"items_purchased_type":["Card","Relic","Card","Potion","Potion","Relic"],"build_version":"2020-12-22","purchased_purges":3,"victory":false,"max_hp_per_floor":[72,72,72,72,72,72,72,72,72,72,72,72,72,72,72,72,72,72,72,72,72,72,72,72,72,72,72,72,72,72,72,72,72,72,72,72,72,72,72,72,72,72,72,72,72,72,72,72,72,72,72,72,72,72,72,72],"card_choices":[{"not_picked":["FollowUp","ThirdEye"],"picked":"Crescendo","floor":1},{"not_picked":["Protect","CrushJoints"],"picked":"WheelKick","floor":1},{"not_picked":["Study","FlyingSleeves"],"picked":"Crescendo","floor":3},{"not_picked":["CutThroughFate","TalkToTheHand"],"picked":"SashWhip","floor":3},{"not_picked":["WindmillStrike","JustLucky"],"picked":"FollowUp","floor":5},{"not_picked":["CrushJoints","JustLucky"],"picked":"Halt","floor":5},{"not_picked":["Worship","SignatureMove"],"picked":"ClearTheMind","floor":6},{"not_picked":["Judgement","DeceiveReality"],"picked":"CarveReality","floor":8},{"not_picked":["Swivel","LikeWater"],"picked":"Judgement","floor":11},{"not_picked":["CutThroughFate","Worship"],"picked":"WindmillStrike","floor":12},{"not_picked":["SashWhip","CutThroughFate","BowlingBash"],"picked":"SKIP","floor":12},{"not_picked":["SashWhip","Crescendo"],"picked":"Conclude","floor":14},{"not_picked":["InnerPeace","EmptyFist"],"picked":"Indignation","floor":14},{"not_picked":["Brilliance","Ragnarok"],"picked":"LessonLearned","floor":16},{"not_picked":["Swivel","CutThroughFate","Protect"],"picked":"SKIP","floor":18},{"not_picked":["ThirdEye","Perseverance","Tantrum"],"picked":"SKIP","floor":18},{"not_picked":["FlyingSleeves","Collect"],"picked":"FlurryOfBlows","floor":21},{"not_picked":["Crescendo","Study"],"picked":"MentalFortress","floor":21},{"not_picked":["Swivel","Protect+1"],"picked":"TalkToTheHand+1","floor":22},{"not_picked":["PathToVictory","ConjureBlade"],"picked":"CarveReality+1","floor":22},{"not_picked":["EmptyFist","Tantrum"],"picked":"ClearTheMind","floor":23},{"not_picked":["Pray","SashWhip"],"picked":"FlurryOfBlows","floor":24},{"not_picked":["Prostrate","Collect","Evaluate"],"picked":"SKIP","floor":24},{"not_picked":["Weave+1","Consecrate"],"picked":"Vengeance","floor":25},{"not_picked":["SashWhip","EmptyMind","BowlingBash"],"picked":"SKIP","floor":25},{"not_picked":["ConjureBlade","FollowUp"],"picked":"EmptyBody+1","floor":27},{"not_picked":["Tantrum+1","WaveOfTheHand"],"picked":"Adaptation","floor":29},{"not_picked":["SashWhip","Prostrate"],"picked":"CrushJoints","floor":29},{"not_picked":["LikeWater","EmptyFist"],"picked":"EmptyMind+1","floor":31},{"not_picked":["Vault+1","Alpha+1"],"picked":"SpiritShield+1","floor":33},{"not_picked":["Prostrate+1","BowlingBash+1"],"picked":"ForeignInfluence+1","floor":35},{"not_picked":["FollowUp","JustLucky+1"],"picked":"ClearTheMind+1","floor":35},{"not_picked":["Flash of Steel","Dramatic Entrance"],"picked":"Panacea+1","floor":37},{"not_picked":["Madness+1","Discovery+1"],"picked":"Blind+1","floor":37},{"not_picked":["SignatureMove","FearNoEvil"],"picked":"ForeignInfluence+1","floor":38},{"not_picked":["Wallop","Consecrate","Evaluate+1"],"picked":"SKIP","floor":38},{"not_picked":["WreathOfFlame+1","CrushJoints"],"picked":"LessonLearned","floor":41},{"not_picked":["Pray+1","EmptyMind+1"],"picked":"Adaptation+1","floor":41},{"not_picked":["ReachHeaven","Consecrate+1"],"picked":"Collect+1","floor":44},{"not_picked":["Protect+1","FlyingSleeves+1","CutThroughFate+1"],"picked":"Wallop+1","floor":46},{"not_picked":["Fasting2+1","FollowUp+1","Consecrate+1","BowlingBash"],"picked":"SKIP","floor":46},{"not_picked":["Indignation+1","WreathOfFlame+1","BowlingBash"],"picked":"Study+1","floor":47},{"not_picked":["ClearTheMind+1","SashWhip","Collect+1","Fasting2"],"picked":"SKIP","floor":48},{"not_picked":["FlurryOfBlows","Halt+1","SashWhip+1"],"picked":"TalkToTheHand","floor":54}],"player_experience":104097,"relics_obtained":[{"floor":6,"key":"Juzu Bracelet"},{"floor":8,"key":"Incense Burner"},{"floor":9,"key":"Kunai"},{"floor":11,"key":"Omamori"},{"floor":19,"key":"Thread and Needle"},{"floor":23,"key":"Vajra"},{"floor":26,"key":"TeardropLocket"},{"floor":27,"key":"Matryoshka"},{"floor":31,"key":"Toxic Egg 2"},{"floor":43,"key":"Akabeko"},{"floor":44,"key":"Question Card"},{"floor":47,"key":"Turnip"},{"floor":48,"key":"FossilizedHelix"},{"floor":54,"key":"Toy Ornithopter"}],"event_choices":[{"cards_removed":["Defend_P"],"damage_healed":0,"gold_gain":0,"player_choice":"Purged","damage_taken":0,"max_hp_gain":0,"max_hp_loss":0,"event_name":"Purifier","floor":4,"gold_loss":0},{"damage_healed":72,"gold_gain":0,"player_choice":"Upgrade","damage_taken":14,"max_hp_gain":0,"max_hp_loss":72,"event_name":"betterThird:BetterShining","floor":7,"gold_loss":0,"cards_upgraded":["Defend_P","FollowUp"]},{"damage_healed":0,"gold_gain":0,"cards_transformed":["Strike_P"],"player_choice":"Transformed","damage_taken":0,"max_hp_gain":0,"max_hp_loss":0,"event_name":"Transmorgrifier","floor":10,"gold_loss":0,"cards_obtained":["DeusExMachina"]},{"damage_healed":0,"gold_gain":0,"player_choice":"Relic","damage_taken":0,"max_hp_gain":0,"max_hp_loss":0,"event_name":"Wheel of Change","floor":19,"gold_loss":0},{"damage_healed":0,"gold_gain":0,"player_choice":"Ignored","damage_taken":0,"max_hp_gain":0,"max_hp_loss":0,"event_name":"betterNote:BetterNote","floor":20,"gold_loss":0,"cards_obtained":["A Thousand Cuts"]},{"damage_healed":0,"gold_gain":0,"player_choice":"Bought 0 Potions","damage_taken":0,"max_hp_gain":0,"max_hp_loss":0,"event_name":"The Woman in Blue","floor":28,"gold_loss":0},{"damage_healed":0,"gold_gain":0,"player_choice":"Ignored","damage_taken":0,"max_hp_gain":0,"max_hp_loss":0,"event_name":"Tomb of Lord Red Mask","floor":36,"gold_loss":0},{"damage_healed":0,"gold_gain":3,"player_choice":"1","damage_taken":0,"max_hp_gain":0,"max_hp_loss":0,"event_name":"betterStone:BetterStone","floor":37,"gold_loss":0},{"damage_healed":0,"gold_gain":0,"player_choice":"Fight","damage_taken":0,"max_hp_gain":0,"max_hp_loss":0,"event_name":"MindBloom","floor":47,"gold_loss":0}],"is_beta":false,"boss_relics":[{"not_picked":["bronze:MakeshiftBattery","Snecko Eye"],"picked":"HolyWater"},{"not_picked":["Runic Dome","Tiny House"],"picked":"Empty Cage"}],"items_purged_floors":[2,39,53],"is_endless":false,"potions_floor_spawned":[1,6,12,14,18,22,23,24,44,46,47,48],"killed_by":"The Heart","ascension_level":0}}