{"host":"bq4pt811tk9yrmjl","time":1612106650,"event":{"mods":["AchievementEnabler","BaseMod","Colored Map","Colored Powertips","Defuse TimeMaze Blight","Hermit","Minty Spire (QoL Compilation)","Smile Girya","StSLib","SuperFastMode"],"gold_per_floor":[117,117,50,50,125,125,153,165,188,204,234,234,234,262,262,366,366,386,386,386],"floor_reached":19,"language":"ENG","playtime":307,"items_purged":[],"score":218,"play_id":"e5741b6f-0613-4f95-b6e8-0d15f5e6bb46","local_time":"20210131132410","is_ascension_mode":true,"campfire_choices":[{"data":"Feel No Pain","floor":6,"key":"SMITH"},{"data":"Body Slam","floor":12,"key":"SMITH"},{"data":"Flex","floor":15,"key":"SMITH"}],"circlet_count":0,"master_deck":["Strike_R","Strike_R","Strike_R","Strike_R","Strike_R","Defend_R","Defend_R","Defend_R","Defend_R","Bash+1","Flex+1","Feel No Pain+1","Body Slam+1","Pummel+1","Body Slam+1","Juggernaut"],"relics":["Burning Blood","NeowsBlessing","Ginger","Molten Egg 2","Akabeko","SlaversCollar"],"acts_visited":["Exordium","TheCity"],"potions_floor_usage":[14,16],"damage_taken":[{"damage":0,"enemies":"2 Louse","floor":1,"turns":1},{"damage":0,"enemies":"Lagavulin","floor":7,"turns":1},{"damage":0,"enemies":"Cultist","floor":8,"turns":1},{"damage":0,"enemies":"Small Slimes","floor":10,"turns":3},{"damage":12,"enemies":"3 Sentries","floor":11,"turns":14},{"damage":6,"enemies":"Gremlin Nob","floor":14,"turns":3},{"damage":54,"enemies":"Hexaghost","floor":16,"turns":8},{"damage":46,"enemies":"Spheric Guardian","floor":18,"turns":6},{"damage":7,"enemies":"Shell Parasite","floor":19,"turns":2}],"seed_played":"-3218361222720625318","potions_obtained":[{"floor":1,"key":"Strength Potion"},{"floor":11,"key":"DuplicationPotion"},{"floor":18,"key":"LiquidMemories"}],"is_trial":false,"path_per_floor":["M","?","$","$","?","R","E","M","T","M","E","R","?","E","R","B",null,"M","M"],"character_chosen":"IRONCLAD","items_purchased":["Feel No Pain"],"campfire_rested":0,"item_purchase_floors":[3],"current_hp_per_floor":[80,80,80,80,69,69,75,80,80,80,74,74,74,74,74,26,80,40,33,33],"gold":386,"neow_bonus":"THREE_ENEMY_KILL","is_daily":false,"chose_seed":false,"campfire_upgraded":3,"win_rate":0.0,"timestamp":1612106650,"path_taken":["M","?","?","$","?","R","E","M","T","M","E","R","?","E","R","BOSS","M","?"],"items_purchased_type":["Card"],"build_version":"2020-12-22","purchased_purges":0,"victory":false,"max_hp_per_floor":[80,80,80,80,80,80,80,80,80,80,80,80,80,80,80,80,80,80,80,80],"card_choices":[{"not_picked":["Sentinel","Clothesline"],"picked":"Flex","floor":1},{"not_picked":["Reckless Charge","Sword Boomerang","Wild Strike"],"picked":"SKIP","floor":7},{"not_picked":["Reckless Charge","Havoc","Sword Boomerang"],"picked":"SKIP","floor":8},{"not_picked":["Havoc","Warcry"],"picked":"Body Slam","floor":10},{"not_picked":["Fire Breathing","Feel No Pain"],"picked":"Pummel+1","floor":11},{"not_picked":["Headbutt+1","Seeing Red"],"picked":"Body Slam+1","floor":14},{"not_picked":["Corruption","Berserk"],"picked":"Juggernaut","floor":16},{"not_picked":["Headbutt+1","Second Wind+1","Armaments"],"picked":"SKIP","floor":18}],"player_experience":291263,"relics_obtained":[{"floor":7,"key":"Ginger"},{"floor":11,"key":"Molten Egg 2"},{"floor":14,"key":"Akabeko"}],"event_choices":[{"damage_healed":0,"gold_gain":0,"player_choice":"Forge","damage_taken":0,"max_hp_gain":0,"max_hp_loss":0,"event_name":"Accursed Blacksmith","floor":2,"gold_loss":0,"cards_upgraded":["Bash"]},{"damage_healed":0,"gold_gain":75,"player_choice":"Gather Gold","damage_taken":11,"max_hp_gain":0,"max_hp_loss":0,"event_name":"World of Goop","floor":5,"gold_loss":0},{"damage_healed":0,"gold_gain":0,"player_choice":"Ignored","damage_taken":0,"max_hp_gain":0,"max_hp_loss":0,"event_name":"Transmorgrifier","floor":13,"gold_loss":0}],"is_beta":false,"boss_relics":[{"not_picked":["Calling Bell","Coffee Dripper"],"picked":"SlaversCollar"}],"items_purged_floors":[],"is_endless":false,"potions_floor_spawned":[1,11,18],"killed_by":"Shell Parasite","ascension_level":1}}